Gmt time,Ask,Bid,AskVolume,BidVolume
05.08.2021 00:00:00.085,19.97912,19.97158,1.3,1
05.08.2021 00:00:03.137,19.97912,19.97158,1.55,1
05.08.2021 00:00:03.305,19.97912,19.97158,1.55,1
05.08.2021 00:00:03.398,19.97912,19.97158,1.55,1
05.08.2021 00:00:03.567,19.97912,19.97158,1.55,1
05.08.2021 00:00:03.658,19.97912,19.97158,1.55,1
05.08.2021 00:00:03.808,19.97912,19.97158,1.55,1
05.08.2021 00:00:03.948,19.97912,19.97158,1.55,1
05.08.2021 00:00:04.125,19.97912,19.97128,1.55,1
05.08.2021 00:00:04.227,19.97912,19.97128,1.55,1
05.08.2021 00:00:04.617,19.97912,19.97128,1.55,1
05.08.2021 00:00:04.757,19.97912,19.97128,1.55,1
05.08.2021 00:00:05.116,19.97912,19.97128,1.55,1
05.08.2021 00:00:06.944,19.97912,19.97128,1.55,1
05.08.2021 00:00:08.703,19.97912,19.97128,1.55,1
05.08.2021 00:00:09.388,19.978820000000002,19.97108,1.3,1
05.08.2021 00:00:21.823,19.97895,19.97096,1.3,1.3
05.08.2021 00:00:27.715,19.97895,19.97096,1.3,1.3
05.08.2021 00:00:29.273,19.97895,19.97096,1.3,1.3
05.08.2021 00:00:35.219,19.978520000000003,19.97078,1,1.3
05.08.2021 00:00:37.012,19.978520000000003,19.97078,1,1.3
05.08.2021 00:00:38.468,19.978520000000003,19.97078,1.3,1.3
05.08.2021 00:00:38.641,19.978520000000003,19.97078,1,1.3
05.08.2021 00:00:38.728,19.978520000000003,19.97078,1.3,1.3
05.08.2021 00:00:38.858,19.978520000000003,19.97078,1,1.3
05.08.2021 00:00:39.036,19.978520000000003,19.97078,1.3,1.3
05.08.2021 00:00:39.148,19.978520000000003,19.97078,1,1.3
05.08.2021 00:00:39.302,19.978520000000003,19.97078,1.3,1.3
05.08.2021 00:00:39.448,19.978520000000003,19.97078,1,1.3
05.08.2021 00:00:40.458,19.978320000000004,19.97048,1,1.3
05.08.2021 00:00:40.572,19.978320000000004,19.97048,1,1.3
05.08.2021 00:00:44.729,19.978320000000004,19.97048,1,1.3
05.08.2021 00:00:45.819,19.978320000000004,19.97048,1.3,1.3
05.08.2021 00:00:46.479,19.978320000000004,19.97048,1,1.3
05.08.2021 00:00:46.843,19.978320000000004,19.97048,1.3,1.3
05.08.2021 00:00:52.630,19.978320000000004,19.97048,1,1.3
05.08.2021 00:00:55.531,19.978450000000002,19.970360000000003,1.3,1.3
05.08.2021 00:00:56.141,19.97802,19.97028,1,1.3
05.08.2021 00:01:00.470,19.97802,19.97028,1,1.3
05.08.2021 00:01:02.480,19.97802,19.97028,1,1.3
05.08.2021 00:01:09.148,19.97802,19.97028,1,1.3
05.08.2021 00:01:09.198,19.97815,19.97023,1,1.3
05.08.2021 00:01:09.350,19.97815,19.97023,1,1.3
05.08.2021 00:01:11.484,19.978350000000002,19.970460000000003,1,1.3
05.08.2021 00:01:11.535,19.978220000000004,19.970579999999998,1,1.3
05.08.2021 00:01:18.744,19.97589,19.96968,1,1.4
05.08.2021 00:01:18.845,19.977670000000003,19.96966,1.05,1.5
05.08.2021 00:01:18.945,19.978320000000004,19.96988,1.55,1.5
05.08.2021 00:01:19.250,19.978320000000004,19.969710000000003,1.55,1.5
05.08.2021 00:01:21.051,19.97802,19.96978,1.3,2.25
05.08.2021 00:01:24.864,19.978520000000003,19.97103,1.8,1
05.08.2021 00:01:25.050,19.978520000000003,19.97103,1,1.3
05.08.2021 00:01:25.649,19.978720000000003,19.97103,1,1.3
05.08.2021 00:01:26.444,19.978720000000003,19.97103,1.3,1.3
05.08.2021 00:01:33.163,19.978720000000003,19.971110000000003,1.55,1.5
05.08.2021 00:01:38.217,19.97809,19.97113,1,1.5
05.08.2021 00:01:38.267,19.978720000000003,19.97113,1.8,1.5
05.08.2021 00:01:38.318,19.978720000000003,19.971040000000002,1.3,1.5
05.08.2021 00:01:59.298,19.97877,19.970920000000003,1.55,1.2
05.08.2021 00:01:59.449,19.97883,19.97068,1.8,1.55
05.08.2021 00:01:59.650,19.97883,19.97068,1.8,2.44
05.08.2021 00:02:02.094,19.978420000000003,19.97068,1.55,2.25
05.08.2021 00:02:14.454,19.978320000000004,19.97103,1,1.3
05.08.2021 00:02:15.037,19.97863,19.971110000000003,1.5,1.5
05.08.2021 00:02:18.737,19.97863,19.97117,1.5,1.2
05.08.2021 00:02:19.077,19.978520000000003,19.971220000000002,1,1.5
05.08.2021 00:02:19.506,19.978520000000003,19.971210000000003,1,1.5
05.08.2021 00:02:24.046,19.979020000000002,19.971210000000003,1.55,2.25
05.08.2021 00:02:24.197,19.979020000000002,19.971210000000003,1.55,1.3
05.08.2021 00:02:37.845,19.978720000000003,19.97117,1.3,1.5
05.08.2021 00:02:56.656,19.978820000000002,19.97125,1.25,1.75
05.08.2021 00:02:57.272,19.978920000000002,19.97128,1.25,1.5
05.08.2021 00:02:58.283,19.978920000000002,19.97128,1.55,1.5
05.08.2021 00:03:03.173,19.97922,19.97134,1.55,1.5
05.08.2021 00:03:04.353,19.97912,19.97159,1.3,1.5
05.08.2021 00:03:11.640,19.97981,19.97171,1.55,1.3
05.08.2021 00:03:11.690,19.97981,19.972,1.55,1.2
05.08.2021 00:03:11.881,19.97981,19.97204,1.55,1.2
05.08.2021 00:03:12.345,19.97981,19.972360000000002,1.55,1
05.08.2021 00:03:12.447,19.97981,19.97248,1.55,1
05.08.2021 00:03:12.734,19.979870000000002,19.97248,1.55,1
05.08.2021 00:03:13.966,19.98001,19.97248,1.55,1
05.08.2021 00:03:14.961,19.98001,19.97276,1.55,1
05.08.2021 00:03:15.112,19.98001,19.97288,1.55,1
05.08.2021 00:03:16.056,19.98001,19.97288,1.55,1.25
05.08.2021 00:03:17.800,19.98001,19.97288,1.55,1.25
05.08.2021 00:03:18.291,19.98001,19.97288,1.55,1
05.08.2021 00:03:20.221,19.98001,19.97296,1.55,1
05.08.2021 00:03:20.322,19.98092,19.97308,1.4,1.3
05.08.2021 00:03:20.373,19.98092,19.97308,1.3,1
05.08.2021 00:03:20.525,19.98092,19.97308,1.3,1.3
05.08.2021 00:03:20.937,19.98112,19.97358,1.3,1.3
05.08.2021 00:03:34.922,19.98079,19.97298,1.55,1.3
05.08.2021 00:03:35.073,19.98049,19.97298,1.25,1.3
05.08.2021 00:03:35.174,19.98049,19.97298,1.55,1
05.08.2021 00:03:35.718,19.98049,19.97288,1.55,1
05.08.2021 00:03:36.678,19.98049,19.97288,1.55,1
05.08.2021 00:03:42.259,19.979470000000003,19.97288,1,1
05.08.2021 00:03:42.309,19.97929,19.97258,1,1.3
05.08.2021 00:03:42.360,19.97929,19.97258,1,1
05.08.2021 00:03:44.747,19.97929,19.97258,1.3,1
05.08.2021 00:03:47.309,19.97929,19.97258,1,1
05.08.2021 00:03:48.668,19.97929,19.97258,1.55,1.25
05.08.2021 00:03:48.718,19.97914,19.97118,1.3,1.4
05.08.2021 00:03:48.970,19.97914,19.97118,1.3,1.3
05.08.2021 00:03:49.076,19.97914,19.97148,1.3,1
05.08.2021 00:03:50.025,19.97914,19.97166,1.3,1
05.08.2021 00:03:50.397,19.97914,19.97178,1.3,1
05.08.2021 00:03:52.758,19.97914,19.97178,1.3,1
05.08.2021 00:03:54.064,19.97914,19.97138,1.55,1
05.08.2021 00:03:55.658,19.97884,19.97166,1.3,1
05.08.2021 00:03:56.026,19.97884,19.97178,1.3,1
05.08.2021 00:03:57.223,19.97884,19.97168,1.3,1
05.08.2021 00:03:59.510,19.97929,19.97168,1.55,1
05.08.2021 00:03:59.759,19.97929,19.97168,1.55,1
05.08.2021 00:04:00.589,19.979010000000002,19.97168,1,1
05.08.2021 00:04:00.640,19.97894,19.97128,1,1.3
05.08.2021 00:04:00.742,19.97894,19.97128,1,1.3
05.08.2021 00:04:01.261,19.978920000000002,19.97128,1,1.3
05.08.2021 00:04:01.739,19.978920000000002,19.97128,1.3,1.3
05.08.2021 00:04:03.431,19.978820000000002,19.971210000000003,1,1.3
05.08.2021 00:04:04.567,19.978820000000002,19.97138,1.3,1.3
05.08.2021 00:04:06.998,19.978520000000003,19.97128,1,1.3
05.08.2021 00:04:07.816,19.978520000000003,19.97128,1.3,1.3
05.08.2021 00:04:10.758,19.978220000000004,19.97098,1,1.3
05.08.2021 00:04:11.722,19.978220000000004,19.97098,1,1.3
05.08.2021 00:04:15.366,19.978220000000004,19.97098,1.3,1.3
05.08.2021 00:04:19.759,19.978220000000004,19.97098,1,1.3
05.08.2021 00:04:20.835,19.978220000000004,19.97103,1.3,1.3
05.08.2021 00:04:21.131,19.978220000000004,19.97103,1,1.3
05.08.2021 00:04:21.232,19.978350000000002,19.971210000000003,1,1.3
05.08.2021 00:04:21.346,19.978350000000002,19.971210000000003,1,1.3
05.08.2021 00:04:25.305,19.97912,19.97103,1.3,1.3
05.08.2021 00:04:26.755,19.97912,19.97103,1.55,1.55
05.08.2021 00:04:27.590,19.97912,19.971210000000003,1.3,1.3
05.08.2021 00:04:27.791,19.97929,19.971210000000003,1.55,1.3
05.08.2021 00:04:28.945,19.97929,19.971210000000003,1.55,1.3
05.08.2021 00:04:29.073,19.97929,19.971210000000003,1.55,1.3
05.08.2021 00:04:29.759,19.97961,19.97156,1.8,1
05.08.2021 00:04:29.859,19.97961,19.971610000000002,1.55,1.65
05.08.2021 00:04:30.067,19.980120000000003,19.97208,1.55,1
05.08.2021 00:04:30.528,19.980120000000003,19.97208,1.55,1.3
05.08.2021 00:04:30.738,19.980120000000003,19.97278,1.55,1
05.08.2021 00:04:30.789,19.980120000000003,19.97278,1.55,1
05.08.2021 00:04:32.444,19.980120000000003,19.97278,1.55,1.3
05.08.2021 00:04:34.389,19.980120000000003,19.97278,1.55,1
05.08.2021 00:04:37.196,19.980410000000003,19.97318,1.55,1
05.08.2021 00:04:37.503,19.980410000000003,19.97326,1.55,1
05.08.2021 00:04:37.622,19.980410000000003,19.97338,1.55,1
05.08.2021 00:04:37.930,19.980410000000003,19.973679999999998,1.55,1
05.08.2021 00:04:38.444,19.980410000000003,19.973679999999998,1.55,1
05.08.2021 00:04:38.823,19.98049,19.973679999999998,1.55,1
05.08.2021 00:04:40.443,19.98049,19.973679999999998,1.55,1
05.08.2021 00:04:42.953,19.98049,19.973679999999998,1.55,1
05.08.2021 00:04:45.974,19.98049,19.973679999999998,1.55,1
05.08.2021 00:04:46.502,19.98049,19.97348,1.55,1
05.08.2021 00:04:56.039,19.97969,19.97348,1,1
05.08.2021 00:04:56.296,19.97969,19.97348,1.3,1
05.08.2021 00:05:01.423,19.97969,19.97318,1.3,1
05.08.2021 00:05:03.754,19.97969,19.97318,1.3,1
05.08.2021 00:05:04.244,19.97969,19.97318,1.3,1
05.08.2021 00:05:05.004,19.98009,19.97318,1.55,1
05.08.2021 00:05:05.667,19.980210000000003,19.97318,1.3,1
05.08.2021 00:05:05.904,19.980210000000003,19.97318,1.3,1
05.08.2021 00:05:07.004,19.980210000000003,19.97318,1.3,1
05.08.2021 00:05:11.144,19.980420000000002,19.97318,1.55,1
05.08.2021 00:05:11.557,19.98049,19.97338,1.55,1
05.08.2021 00:05:12.009,19.98049,19.97338,1.55,1
05.08.2021 00:05:13.659,19.98049,19.97338,1.55,1
05.08.2021 00:05:15.005,19.98027,19.97318,1.3,1
05.08.2021 00:05:15.141,19.98027,19.97318,1.3,1
05.08.2021 00:05:15.373,19.97929,19.97318,1,1
05.08.2021 00:05:21.557,19.97969,19.97318,1.55,1
05.08.2021 00:05:21.711,19.97969,19.97318,1.55,1
05.08.2021 00:05:21.762,19.980240000000002,19.97318,1.05,1
05.08.2021 00:05:21.813,19.980320000000003,19.97318,1.55,1
05.08.2021 00:05:24.038,19.97989,19.97318,1.3,1
05.08.2021 00:05:24.417,19.97989,19.97318,1.3,1
05.08.2021 00:05:24.568,19.97989,19.97318,1.3,1
05.08.2021 00:05:25.631,19.980320000000003,19.97318,1.55,1
05.08.2021 00:05:26.303,19.97969,19.97318,1,1
05.08.2021 00:05:26.404,19.97929,19.97198,1,1.3
05.08.2021 00:05:26.455,19.97929,19.97198,1.3,1
05.08.2021 00:05:27.020,19.97929,19.97188,1.3,1
05.08.2021 00:05:30.214,19.97919,19.97087,1.05,1.9
05.08.2021 00:05:30.315,19.97919,19.97103,1.15,1.55
05.08.2021 00:05:30.722,19.978650000000002,19.97106,1,1.3
05.08.2021 00:05:30.823,19.978520000000003,19.97118,1.3,1.3
05.08.2021 00:05:31.787,19.978220000000004,19.97128,1.3,1.3
05.08.2021 00:05:33.138,19.97812,19.97081,1,1.3
05.08.2021 00:05:33.320,19.97812,19.97081,1,1.3
05.08.2021 00:05:33.918,19.97785,19.97081,1,1.3
05.08.2021 00:05:34.077,19.97772,19.97081,1,1.3
05.08.2021 00:05:35.256,19.97772,19.97081,1,1.3
05.08.2021 00:05:35.776,19.97772,19.97081,1,1.3
05.08.2021 00:05:36.972,19.978320000000004,19.97081,1,1.3
05.08.2021 00:05:37.092,19.978320000000004,19.971210000000003,1,1
05.08.2021 00:05:37.142,19.978620000000003,19.971210000000003,1,1
05.08.2021 00:05:37.294,19.978620000000003,19.971210000000003,1.3,1.3
05.08.2021 00:05:38.138,19.978620000000003,19.97148,1.3,1.3
05.08.2021 00:05:48.067,19.979470000000003,19.97118,2.3,1.8
05.08.2021 00:05:48.168,19.97932,19.97118,1.8,1.8
05.08.2021 00:05:48.567,19.97932,19.97158,1.8,1.55
05.08.2021 00:05:48.669,19.97932,19.97198,1.8,1.25
05.08.2021 00:05:49.643,19.97932,19.97198,1.8,1.25
05.08.2021 00:05:49.885,19.97932,19.97228,1.8,1.25
05.08.2021 00:05:56.640,19.97932,19.97228,1.8,1.25
05.08.2021 00:06:01.636,19.97932,19.97228,1.55,1
05.08.2021 00:06:02.757,19.97909,19.972160000000002,1.26,1
05.08.2021 00:06:02.807,19.97909,19.97088,1.4,1.65
05.08.2021 00:06:02.908,19.97909,19.97088,1.4,1.55
05.08.2021 00:06:03.009,19.978720000000003,19.97081,1.25,1.8
05.08.2021 00:06:03.178,19.97812,19.97081,1.25,1.8
05.08.2021 00:06:03.808,19.97782,19.97081,1.25,1.8
05.08.2021 00:06:03.909,19.97772,19.97035,1.25,1.05
05.08.2021 00:06:03.960,19.97772,19.97008,1,1.3
05.08.2021 00:06:04.011,19.97772,19.97008,1.3,1.3
05.08.2021 00:06:05.043,19.977420000000002,19.970579999999998,1.3,1.3
05.08.2021 00:06:09.044,19.97869,19.97136,1.8,1
05.08.2021 00:06:09.145,19.979210000000002,19.971210000000003,1.3,1.77
05.08.2021 00:06:09.301,19.97929,19.97128,1.8,2.15
05.08.2021 00:06:10.346,19.97933,19.97198,1.8,1.55
05.08.2021 00:06:27.202,19.97972,19.97258,1.55,1
05.08.2021 00:06:27.987,19.97972,19.97258,1.55,1.3
05.08.2021 00:06:28.927,19.97972,19.97258,1.55,1
05.08.2021 00:06:29.826,19.97972,19.97258,1.55,1
05.08.2021 00:06:34.868,19.97972,19.97258,1.55,1
05.08.2021 00:06:45.169,19.979850000000003,19.97246,1.55,1
05.08.2021 00:06:58.255,19.979850000000003,19.97246,1.55,1
05.08.2021 00:07:00.464,19.979870000000002,19.97256,1.55,1
05.08.2021 00:07:00.565,19.979870000000002,19.97268,1.8,1.25
05.08.2021 00:07:14.395,19.979870000000002,19.97268,1.8,1.25
05.08.2021 00:07:14.901,19.979870000000002,19.97268,1.8,1.25
05.08.2021 00:07:21.363,19.979870000000002,19.97286,1.55,1
05.08.2021 00:07:21.699,19.979870000000002,19.97298,1.55,1.25
05.08.2021 00:07:21.848,19.979870000000002,19.97298,1.55,1.25
05.08.2021 00:07:28.244,19.979870000000002,19.97298,1.55,1.25
05.08.2021 00:07:29.520,19.979470000000003,19.97298,1,1.25
05.08.2021 00:07:29.622,19.97929,19.97188,1.25,1.55
05.08.2021 00:07:29.727,19.97929,19.97128,1.85,1.55
05.08.2021 00:07:29.953,19.97929,19.97128,2.15,1.55
05.08.2021 00:07:30.077,19.979020000000002,19.97128,1.4,1.3
05.08.2021 00:07:31.241,19.978520000000003,19.97128,1.3,1.3
05.08.2021 00:07:39.804,19.978520000000003,19.97128,1,1.3
05.08.2021 00:07:40.602,19.978350000000002,19.97128,1,1.3
05.08.2021 00:07:40.703,19.978220000000004,19.971210000000003,1,1.3
05.08.2021 00:07:40.897,19.978220000000004,19.971210000000003,1,1.3
05.08.2021 00:07:52.144,19.978350000000002,19.97103,1,1.55
05.08.2021 00:07:58.924,19.978350000000002,19.97103,1,1.3
05.08.2021 00:08:03.027,19.97805,19.97103,1,1.3
05.08.2021 00:08:03.295,19.97792,19.97103,1.25,1.3
05.08.2021 00:08:04.482,19.97792,19.971210000000003,1,1.3
05.08.2021 00:08:08.779,19.978520000000003,19.97127,1.25,1.05
05.08.2021 00:08:09.132,19.978520000000003,19.97127,1.25,1.05
05.08.2021 00:08:09.329,19.978520000000003,19.97127,1.55,1.05
05.08.2021 00:08:09.802,19.978520000000003,19.97148,1.3,1.3
05.08.2021 00:08:16.286,19.979020000000002,19.97148,1.3,1.3
05.08.2021 00:08:16.832,19.979020000000002,19.97178,1.3,1.3
05.08.2021 00:08:27.542,19.97951,19.97178,1.8,1.75
05.08.2021 00:08:27.593,19.97951,19.97178,1.8,1.35
05.08.2021 00:08:27.823,19.97951,19.972160000000002,1.8,1
05.08.2021 00:08:27.874,19.97951,19.97228,1.8,1.25
05.08.2021 00:08:28.645,19.97951,19.97246,1.8,1
05.08.2021 00:08:28.746,19.97951,19.97258,1.8,1.25
05.08.2021 00:08:33.294,19.97964,19.97258,1.8,1.25
05.08.2021 00:08:35.450,19.97962,19.97258,1.55,1
05.08.2021 00:08:39.388,19.97979,19.97276,1.8,1
05.08.2021 00:08:39.489,19.97979,19.97288,1.8,1.25
05.08.2021 00:08:40.893,19.97979,19.97288,1.8,1.25
05.08.2021 00:08:42.150,19.97979,19.97306,1.8,1
05.08.2021 00:08:42.251,19.97979,19.97318,1.8,1.25
05.08.2021 00:08:45.511,19.97981,19.97318,1.8,1.25
05.08.2021 00:08:48.843,19.97929,19.97318,1,1
05.08.2021 00:08:48.894,19.97929,19.97268,1,1
05.08.2021 00:08:50.033,19.979470000000003,19.97318,1.3,1.25
05.08.2021 00:08:54.630,19.979470000000003,19.97318,1.25,1.25
05.08.2021 00:08:56.444,19.979470000000003,19.97318,1.55,1.25
05.08.2021 00:08:59.282,19.979470000000003,19.97238,1.25,1.25
05.08.2021 00:08:59.534,19.979470000000003,19.97238,1.55,1.25
05.08.2021 00:09:00.127,19.97914,19.97107,1.1,1.05
05.08.2021 00:09:00.228,19.97914,19.97089,1.4,1.8
05.08.2021 00:09:01.181,19.97899,19.97188,1.1,1
05.08.2021 00:09:03.330,19.97912,19.97188,1.3,1
05.08.2021 00:09:03.772,19.97912,19.97188,1.3,1
05.08.2021 00:09:05.305,19.97912,19.97188,1.3,1
05.08.2021 00:09:10.087,19.97884,19.97188,1,1
05.08.2021 00:09:11.117,19.978650000000002,19.97188,1,1
05.08.2021 00:09:11.300,19.978520000000003,19.97168,1.3,1.3
05.08.2021 00:09:11.936,19.978520000000003,19.97108,1.3,1.3
05.08.2021 00:09:12.822,19.978520000000003,19.97158,1.3,1.3
05.08.2021 00:09:21.700,19.97824,19.97146,1,1
05.08.2021 00:09:22.165,19.97759,19.97146,1,1
05.08.2021 00:09:22.215,19.97812,19.97088,1.25,1
05.08.2021 00:09:22.266,19.97824,19.97028,1.25,1.3
05.08.2021 00:09:22.316,19.97824,19.97028,1.55,1.3
05.08.2021 00:09:22.712,19.97824,19.97028,1.55,1
05.08.2021 00:09:22.774,19.97782,19.97068,1.3,1
05.08.2021 00:09:22.934,19.97782,19.97068,1.3,1.3
05.08.2021 00:09:25.439,19.977520000000002,19.97068,1.3,1.3
05.08.2021 00:09:29.506,19.97772,19.97098,1.3,1.3
05.08.2021 00:09:32.048,19.97772,19.97098,1,1
05.08.2021 00:09:32.428,19.97812,19.97108,1.3,1
05.08.2021 00:09:34.370,19.97812,19.97108,1.3,1
05.08.2021 00:09:34.470,19.97812,19.97108,1.3,1
05.08.2021 00:09:36.550,19.97824,19.97138,1.55,1
05.08.2021 00:09:40.726,19.97812,19.97118,1.3,1
05.08.2021 00:09:42.943,19.97812,19.97118,1.3,1
05.08.2021 00:09:47.851,19.97824,19.97106,1.3,1
05.08.2021 00:09:47.901,19.97824,19.97106,1.3,1
05.08.2021 00:09:48.599,19.97795,19.97096,1,1
05.08.2021 00:09:48.649,19.97782,19.97108,1,1
05.08.2021 00:10:00.881,19.97795,19.97096,1,1
05.08.2021 00:10:05.623,19.97795,19.97096,1.3,1.3
05.08.2021 00:10:14.147,19.976670000000002,19.97096,1,1.3
05.08.2021 00:10:14.248,19.97569,19.96918,1.5,1.55
05.08.2021 00:10:14.299,19.97569,19.96918,1.5,1.25
05.08.2021 00:10:15.291,19.97569,19.96898,1.5,1.25
05.08.2021 00:10:17.487,19.97569,19.96888,1.5,1.25
05.08.2021 00:10:24.089,19.97563,19.96858,1.8,1.55
05.08.2021 00:10:24.655,19.97563,19.96858,1.8,1.25
05.08.2021 00:10:28.095,19.975520000000003,19.96828,1.25,1
05.08.2021 00:10:28.285,19.975520000000003,19.96828,1.55,1.3
05.08.2021 00:10:40.306,19.975910000000002,19.968600000000002,1.55,1.2
05.08.2021 00:10:40.407,19.975910000000002,19.96864,1.55,1.2
05.08.2021 00:10:40.942,19.975910000000002,19.96898,1.55,1.25
05.08.2021 00:10:41.431,19.975910000000002,19.96928,1.55,1
05.08.2021 00:10:43.522,19.975910000000002,19.96948,1.3,1
05.08.2021 00:10:45.331,19.97642,19.96948,1.55,1
05.08.2021 00:10:53.705,19.97609,19.96936,1.3,1
05.08.2021 00:10:59.425,19.97609,19.96936,1.3,1
05.08.2021 00:11:01.639,19.97609,19.96936,1.55,1.4
05.08.2021 00:11:01.739,19.97609,19.96936,1.55,1.3
05.08.2021 00:11:01.904,19.97609,19.96936,1.25,1
05.08.2021 00:11:25.314,19.97529,19.96948,1,1
05.08.2021 00:11:25.365,19.97529,19.96901,1.25,1.2
05.08.2021 00:11:25.465,19.97529,19.96882,1.25,1.2
05.08.2021 00:11:25.516,19.97587,19.96882,1.55,1.2
05.08.2021 00:11:25.667,19.97587,19.96868,1.55,1
05.08.2021 00:11:26.124,19.97609,19.96874,1.8,1.2
05.08.2021 00:11:26.324,19.97609,19.96878,1.8,1.2
05.08.2021 00:11:26.569,19.97587,19.96868,1.25,1
05.08.2021 00:11:26.912,19.97587,19.968860000000003,1.25,1
05.08.2021 00:11:27.013,19.97587,19.96898,1.55,1
05.08.2021 00:11:33.168,19.975920000000002,19.96898,1.55,1
05.08.2021 00:11:33.269,19.97612,19.969079999999998,1.55,1
05.08.2021 00:11:33.376,19.97612,19.969079999999998,1.55,1.3
05.08.2021 00:11:33.934,19.97631,19.96938,1.55,1
05.08.2021 00:11:34.313,19.97631,19.96938,1.55,1
05.08.2021 00:11:37.466,19.97631,19.96938,1.55,1
05.08.2021 00:11:42.347,19.97632,19.96938,1.55,1.3
05.08.2021 00:11:53.594,19.97612,19.969079999999998,1.55,1.8
05.08.2021 00:11:53.695,19.97589,19.96878,1.3,2.05
05.08.2021 00:11:53.846,19.97589,19.96878,1,1.25
05.08.2021 00:11:53.947,19.97589,19.96878,1.3,1.55
05.08.2021 00:11:54.705,19.975720000000003,19.96868,1.3,1.3
05.08.2021 00:11:59.141,19.976020000000002,19.96888,1.3,1.3
05.08.2021 00:11:59.845,19.97622,19.96918,1.3,1
05.08.2021 00:12:00.493,19.97631,19.96948,1.55,1
05.08.2021 00:12:03.945,19.97632,19.96948,1,1
05.08.2021 00:12:18.817,19.97652,19.96958,1.3,1
05.08.2021 00:12:23.992,19.97652,19.96976,1.3,1
05.08.2021 00:12:24.111,19.97662,19.96988,1.55,1
05.08.2021 00:12:24.595,19.976920000000003,19.97008,1.55,1
05.08.2021 00:12:24.696,19.976920000000003,19.97008,1.55,1
05.08.2021 00:12:25.169,19.976920000000003,19.97008,1.25,1
05.08.2021 00:12:25.236,19.976920000000003,19.970260000000003,1.25,1
05.08.2021 00:12:25.286,19.977120000000003,19.97038,1,1
05.08.2021 00:12:26.683,19.977120000000003,19.97038,1.3,1.3
05.08.2021 00:12:32.494,19.976490000000002,19.97038,1,1.3
05.08.2021 00:12:32.594,19.97589,19.96948,1,1.25
05.08.2021 00:12:33.569,19.97589,19.96938,1,1.25
05.08.2021 00:12:35.282,19.97622,19.96938,1.3,1
05.08.2021 00:12:35.604,19.97622,19.96938,1,1
05.08.2021 00:12:35.763,19.97622,19.96938,1.3,1
05.08.2021 00:12:37.033,19.97622,19.96938,1.3,1
05.08.2021 00:12:39.404,19.97622,19.96938,1.3,1
05.08.2021 00:12:41.585,19.97587,19.969260000000002,1,1
05.08.2021 00:12:42.061,19.97587,19.969260000000002,1.3,1
05.08.2021 00:12:45.424,19.97569,19.969260000000002,1,1
05.08.2021 00:12:49.163,19.976210000000002,19.969260000000002,1.55,1
05.08.2021 00:12:49.263,19.976210000000002,19.969260000000002,1.55,1
05.08.2021 00:13:17.063,19.97587,19.969260000000002,1,1
05.08.2021 00:13:17.114,19.97523,19.96797,1,1.3
05.08.2021 00:13:17.215,19.97519,19.96745,1.05,1
05.08.2021 00:13:17.319,19.97519,19.967270000000003,1.05,1.8
05.08.2021 00:13:17.841,19.97519,19.96768,1.05,1.25
05.08.2021 00:13:18.980,19.97519,19.96796,1.05,1
05.08.2021 00:13:19.081,19.97519,19.96808,1.15,1.25
05.08.2021 00:13:28.596,19.975520000000003,19.96808,1.55,1.5
05.08.2021 00:13:29.078,19.97567,19.96888,1.8,1.25
05.08.2021 00:13:30.043,19.97567,19.96948,1.5,1.25
05.08.2021 00:13:30.165,19.97567,19.96958,1.5,1.25
05.08.2021 00:13:31.763,19.97587,19.96976,1.5,1
05.08.2021 00:13:32.022,19.97587,19.96988,1.25,1.25
05.08.2021 00:13:32.122,19.97569,19.96988,1,1
05.08.2021 00:13:35.786,19.97523,19.96788,1,2.05
05.08.2021 00:13:35.937,19.97519,19.96788,1.15,1.25
05.08.2021 00:13:36.236,19.97523,19.96798,1.1,1.25
05.08.2021 00:13:37.573,19.97519,19.96798,1.15,1.55
05.08.2021 00:13:37.886,19.97523,19.96798,1.1,1.25
05.08.2021 00:13:38.322,19.97524,19.96798,1.55,1.3
05.08.2021 00:13:38.422,19.975610000000003,19.96818,1.55,1.25
05.08.2021 00:13:39.525,19.975610000000003,19.96918,1.55,1.25
05.08.2021 00:13:41.143,19.975610000000003,19.96918,1.25,1.25
05.08.2021 00:13:43.947,19.975610000000003,19.96936,1.25,1
05.08.2021 00:13:44.052,19.975610000000003,19.96948,1.55,1.25
05.08.2021 00:13:44.820,19.97589,19.96948,1.55,1.25
05.08.2021 00:13:47.458,19.97589,19.96948,1.55,1.25
05.08.2021 00:13:48.058,19.97569,19.96948,1,1
05.08.2021 00:13:48.272,19.97569,19.96948,1.3,1
05.08.2021 00:13:52.633,19.97569,19.96948,1.3,1
05.08.2021 00:13:54.820,19.97569,19.96948,1.3,1
05.08.2021 00:13:55.102,19.97569,19.96948,1.55,1.25
05.08.2021 00:14:00.618,19.97547,19.96948,1,1.25
05.08.2021 00:14:03.158,19.97547,19.96948,1.25,1.25
05.08.2021 00:14:05.410,19.97529,19.96948,1,1
05.08.2021 00:14:05.460,19.97524,19.96778,1.75,1.55
05.08.2021 00:14:05.519,19.97524,19.96778,1.85,1.55
05.08.2021 00:14:05.569,19.97524,19.96778,1.85,1.25
05.08.2021 00:14:06.218,19.97523,19.96796,1.15,1
05.08.2021 00:14:06.441,19.97523,19.96808,1.15,1.25
05.08.2021 00:14:06.578,19.97523,19.96808,1.15,1.25
05.08.2021 00:14:07.349,19.97502,19.96808,1,1
05.08.2021 00:14:12.211,19.97502,19.96808,1.3,1.3
05.08.2021 00:14:15.407,19.97524,19.96808,1,1
05.08.2021 00:14:15.660,19.97524,19.96808,1.3,1.3
05.08.2021 00:14:17.594,19.97512,19.96808,1.3,1.3
05.08.2021 00:14:19.052,19.97509,19.96703,1.9,1.8
05.08.2021 00:14:20.177,19.97509,19.967360000000003,1.8,1
05.08.2021 00:14:20.305,19.97502,19.96748,1.55,1.3
05.08.2021 00:14:28.821,19.97551,19.96778,1.8,1.25
05.08.2021 00:14:28.876,19.97551,19.96806,1.8,1
05.08.2021 00:14:29.027,19.97551,19.96818,1.55,1.25
05.08.2021 00:14:29.220,19.97551,19.96858,1.55,1.25
05.08.2021 00:14:30.025,19.97551,19.969160000000002,1.55,1
05.08.2021 00:14:30.209,19.97551,19.96928,1.3,1.25
05.08.2021 00:14:31.030,19.97551,19.96946,1.3,1
05.08.2021 00:14:31.200,19.97551,19.96958,1.3,1.25
05.08.2021 00:14:31.318,19.97551,19.96958,1,1.25
05.08.2021 00:14:31.647,19.97587,19.96958,2.3,1.25
05.08.2021 00:14:32.143,19.97587,19.96958,2.3,1.25
05.08.2021 00:14:35.120,19.97589,19.96958,1.8,1.25
05.08.2021 00:14:44.366,19.97589,19.96966,1.8,1
05.08.2021 00:14:44.743,19.97589,19.96978,1.55,1.25
05.08.2021 00:14:49.266,19.97589,19.96978,1.55,1.25
05.08.2021 00:14:56.115,19.97589,19.96966,1,1
05.08.2021 00:14:57.380,19.97589,19.96978,1.25,1.25
05.08.2021 00:14:57.481,19.97589,19.96978,1,1.25
05.08.2021 00:15:00.583,19.97609,19.96978,1.8,1.25
05.08.2021 00:15:04.297,19.976100000000002,19.96996,1.8,1
05.08.2021 00:15:04.423,19.976100000000002,19.97008,1.8,1.25
05.08.2021 00:15:04.713,19.976270000000003,19.97008,1.8,1.25
05.08.2021 00:15:05.306,19.97589,19.97008,1,1.25
05.08.2021 00:15:08.403,19.97589,19.96978,1,1.25
05.08.2021 00:15:10.872,19.97587,19.96978,1,1.25
05.08.2021 00:15:10.973,19.97569,19.96978,1,1
05.08.2021 00:15:16.078,19.97589,19.96978,1.55,1.25
05.08.2021 00:15:16.557,19.97589,19.96978,1.55,1.25
05.08.2021 00:15:17.376,19.97569,19.96948,1,1
05.08.2021 00:15:17.578,19.97569,19.96948,1.3,1
05.08.2021 00:15:20.547,19.97547,19.96948,1,1
05.08.2021 00:15:20.648,19.97529,19.96948,1.25,1
05.08.2021 00:15:20.699,19.97529,19.96868,1.25,1
05.08.2021 00:15:21.286,19.97563,19.968860000000003,1.8,1
05.08.2021 00:15:21.387,19.97563,19.96898,1.8,1.25
05.08.2021 00:15:22.601,19.97563,19.96898,1.8,1.25
05.08.2021 00:15:27.291,19.975740000000002,19.96928,1.8,1.25
05.08.2021 00:15:28.654,19.97589,19.96948,1.8,1.25
05.08.2021 00:15:29.579,19.97589,19.96948,1.8,1.25
05.08.2021 00:15:31.388,19.97589,19.96966,1.8,1
05.08.2021 00:15:31.620,19.97589,19.96978,1.8,1.25
05.08.2021 00:15:31.745,19.97589,19.96978,1.8,1.25
05.08.2021 00:15:32.928,19.97589,19.96978,1.8,1.25
05.08.2021 00:15:34.641,19.97589,19.96978,1.8,1.25
05.08.2021 00:15:42.552,19.97569,19.96966,1,1
05.08.2021 00:15:42.681,19.97569,19.96978,1,1
05.08.2021 00:15:42.782,19.97569,19.96978,1.3,1
05.08.2021 00:15:45.321,19.97569,19.96978,1.3,1
05.08.2021 00:15:47.916,19.97589,19.96978,1.8,1.25
05.08.2021 00:16:02.043,19.97523,19.96778,1.1,2.05
05.08.2021 00:16:02.144,19.97521,19.967360000000003,1.15,1.05
05.08.2021 00:16:02.195,19.97521,19.96721,1.15,1.8
05.08.2021 00:16:02.260,19.97519,19.96721,1.15,1.8
05.08.2021 00:16:03.083,19.97519,19.96778,1.15,1.25
05.08.2021 00:16:07.607,19.97502,19.967579999999998,1.25,1
05.08.2021 00:16:07.946,19.97474,19.96718,1.55,1.3
05.08.2021 00:16:08.047,19.97472,19.96688,1.55,1.55
05.08.2021 00:16:08.622,19.974320000000002,19.96688,1,1.55
05.08.2021 00:16:14.301,19.974320000000002,19.96688,1.3,1.55
05.08.2021 00:16:18.905,19.97474,19.96721,1.55,1.3
05.08.2021 00:16:20.115,19.97474,19.967579999999998,1.55,1.3
05.08.2021 00:16:21.066,19.97474,19.966810000000002,1.55,1.8
05.08.2021 00:16:21.751,19.97472,19.96708,1.55,1.55
05.08.2021 00:16:23.702,19.97472,19.96708,1.55,1.55
05.08.2021 00:16:24.227,19.97472,19.96708,1.55,1.55
05.08.2021 00:16:25.622,19.974320000000002,19.96698,1.3,1.55
05.08.2021 00:16:50.413,19.97472,19.96721,1.25,1.8
05.08.2021 00:16:50.565,19.97472,19.96721,1.25,1.8
05.08.2021 00:16:51.287,19.97474,19.967579999999998,1.3,1.3
05.08.2021 00:16:52.069,19.97529,19.96778,1.8,1.35
05.08.2021 00:16:52.226,19.97529,19.96778,1.8,1.35
05.08.2021 00:16:52.425,19.97529,19.96866,1.8,1
05.08.2021 00:16:52.526,19.97529,19.96878,1.8,1.25
05.08.2021 00:16:53.691,19.97529,19.969060000000002,1.8,1
05.08.2021 00:16:53.826,19.97529,19.96918,1.8,1.25
05.08.2021 00:16:54.450,19.97529,19.96918,1.55,1
05.08.2021 00:16:54.745,19.97529,19.96918,1.3,1
05.08.2021 00:16:54.997,19.97551,19.96918,1.25,1.25
05.08.2021 00:16:55.219,19.97551,19.96938,1.55,1.25
05.08.2021 00:16:55.852,19.97551,19.969079999999998,1.55,1.25
05.08.2021 00:17:02.475,19.97557,19.969079999999998,1.25,1.25
05.08.2021 00:17:03.374,19.97529,19.967360000000003,1.25,1.05
05.08.2021 00:17:03.587,19.97529,19.96721,1.55,1.8
05.08.2021 00:17:08.659,19.97454,19.966820000000002,1,1.05
05.08.2021 00:17:09.847,19.97454,19.966810000000002,1,1.8
05.08.2021 00:17:14.946,19.97454,19.96728,1.3,1.3
05.08.2021 00:17:15.047,19.97454,19.96679,1,1.55
05.08.2021 00:17:20.790,19.97424,19.96668,1,1.05
05.08.2021 00:17:20.997,19.97424,19.96649,1,1.8
05.08.2021 00:17:24.158,19.974210000000003,19.96619,1.1,1.3
05.08.2021 00:17:24.259,19.974210000000003,19.966070000000002,1.3,1.55
05.08.2021 00:17:24.411,19.974210000000003,19.96648,1.3,1
05.08.2021 00:17:26.887,19.974210000000003,19.96648,1.3,1
05.08.2021 00:17:27.176,19.97424,19.96688,1,1
05.08.2021 00:17:28.207,19.97424,19.96688,1,1
05.08.2021 00:17:30.596,19.97424,19.966810000000002,1,1
05.08.2021 00:17:30.701,19.97424,19.966810000000002,1,1.3
05.08.2021 00:17:31.560,19.97424,19.966810000000002,1,1.3
05.08.2021 00:17:34.868,19.97424,19.96663,1,1.8
05.08.2021 00:17:36.684,19.97424,19.96663,1,1.8
05.08.2021 00:17:38.634,19.97424,19.96663,1,1.8
05.08.2021 00:17:40.384,19.97424,19.96628,1,1.8
05.08.2021 00:17:49.174,19.974990000000002,19.96721,1.8,1.75
05.08.2021 00:17:49.225,19.975520000000003,19.96731,1.05,1.3
05.08.2021 00:17:49.427,19.97553,19.96738,1.25,1.4
05.08.2021 00:17:49.681,19.97553,19.96738,1.55,1.3
05.08.2021 00:17:50.122,19.97553,19.96816,1.55,1
05.08.2021 00:17:50.304,19.975610000000003,19.96828,1.8,1.25
05.08.2021 00:17:51.254,19.975610000000003,19.96846,1.8,1
05.08.2021 00:17:51.355,19.975610000000003,19.96858,1.8,1.25
05.08.2021 00:17:52.259,19.975610000000003,19.968860000000003,1.8,1
05.08.2021 00:17:52.360,19.975610000000003,19.96898,1.55,1.25
05.08.2021 00:17:54.366,19.97569,19.96898,1.55,1.25
05.08.2021 00:17:55.500,19.97587,19.96898,1.55,1.25
05.08.2021 00:17:57.154,19.97579,19.96898,1.55,1.25
05.08.2021 00:18:01.117,19.97579,19.96898,1.55,1.25
05.08.2021 00:18:02.435,19.97579,19.96898,1.55,1.25
05.08.2021 00:18:08.165,19.97587,19.96898,1.55,1.25
05.08.2021 00:18:08.372,19.97589,19.96898,1.55,1.25
05.08.2021 00:18:12.590,19.97589,19.96898,1.3,1.25
05.08.2021 00:18:26.450,19.97589,19.96898,1.3,1.25
05.08.2021 00:18:40.198,19.97589,19.96898,1.3,1
05.08.2021 00:18:51.420,19.97589,19.96928,1.3,1.25
05.08.2021 00:18:57.253,19.97589,19.96946,1.3,1
05.08.2021 00:18:57.354,19.97589,19.96958,1.3,1.25
05.08.2021 00:19:08.319,19.97613,19.96958,1.55,1.25
05.08.2021 00:19:08.420,19.97641,19.96978,1.3,1
05.08.2021 00:19:08.622,19.97589,19.96978,1,1
05.08.2021 00:19:09.435,19.97641,19.96978,1.55,1.25
05.08.2021 00:19:11.891,19.97589,19.96978,1,1.25
05.08.2021 00:19:15.514,19.976170000000003,19.96978,1.55,1.25
05.08.2021 00:19:16.594,19.97589,19.96978,1,1.25
05.08.2021 00:19:22.126,19.976170000000003,19.96978,1.55,1.25
05.08.2021 00:19:22.228,19.97641,19.96998,1.3,1
05.08.2021 00:19:22.329,19.97641,19.96998,1.3,1
05.08.2021 00:19:22.581,19.97589,19.96998,1,1
05.08.2021 00:19:23.505,19.9764,19.96998,1.55,1.25
05.08.2021 00:19:24.317,19.97589,19.96998,1.3,1.25
05.08.2021 00:19:24.470,19.97589,19.96998,1,1.25
05.08.2021 00:19:25.929,19.97589,19.969079999999998,1,1.25
05.08.2021 00:19:27.050,19.97589,19.96948,1,1.25
05.08.2021 00:19:27.151,19.97589,19.96948,1.3,1.25
05.08.2021 00:19:30.164,19.97631,19.96948,2.3,1.25
05.08.2021 00:19:30.327,19.97631,19.96948,1.8,1.25
05.08.2021 00:19:31.437,19.97631,19.96966,1.55,1
05.08.2021 00:19:31.649,19.97631,19.96978,1.55,1.25
05.08.2021 00:19:32.293,19.97569,19.96918,1,1
05.08.2021 00:19:32.544,19.97569,19.96918,1.3,1
05.08.2021 00:19:33.066,19.97569,19.96918,1,1
05.08.2021 00:19:33.341,19.97569,19.96898,1,1
05.08.2021 00:19:33.442,19.97569,19.96871,1.8,1.2
05.08.2021 00:19:33.568,19.97569,19.96868,1.8,2.14
05.08.2021 00:19:37.481,19.97575,19.96869,1.5,1.2
05.08.2021 00:19:37.683,19.97575,19.96873,1.5,1.2
05.08.2021 00:19:37.840,19.97575,19.9688,1.5,1.2
05.08.2021 00:19:38.172,19.97575,19.96881,1.5,1.2
05.08.2021 00:19:38.323,19.97575,19.96938,1.5,1.25
05.08.2021 00:19:38.633,19.976210000000002,19.96958,1.3,1.25
05.08.2021 00:19:39.044,19.976210000000002,19.96958,1.3,1.25
05.08.2021 00:19:39.858,19.976210000000002,19.96976,1.3,1
05.08.2021 00:19:39.959,19.976210000000002,19.96988,1.3,1.25
05.08.2021 00:19:40.434,19.97589,19.96988,1,1.25
05.08.2021 00:19:40.663,19.976210000000002,19.96988,1.3,1
05.08.2021 00:19:43.697,19.97641,19.96988,1.55,1.25
05.08.2021 00:19:57.531,19.97589,19.96988,1,1
05.08.2021 00:19:57.632,19.97547,19.96918,1,1
05.08.2021 00:19:57.683,19.97547,19.969150000000003,1,1.2
05.08.2021 00:19:57.784,19.97547,19.96888,1,1
05.08.2021 00:20:04.534,19.97547,19.96888,1.3,1
05.08.2021 00:20:07.241,19.97529,19.96888,1,1
05.08.2021 00:20:07.999,19.97529,19.96858,1,1
05.08.2021 00:20:11.473,19.97529,19.96845,1,1.2
05.08.2021 00:20:11.524,19.97547,19.96848,1.3,1.2
05.08.2021 00:20:11.711,19.97547,19.968500000000002,1.3,1.2
05.08.2021 00:20:12.193,19.97547,19.96858,1.3,1.25
05.08.2021 00:20:13.590,19.97547,19.96866,1.3,1
05.08.2021 00:20:13.709,19.97547,19.96878,1.3,1.25
05.08.2021 00:20:15.006,19.97547,19.968960000000003,1.3,1
05.08.2021 00:20:15.256,19.97547,19.969079999999998,1.3,1.25
05.08.2021 00:20:17.071,19.97547,19.969079999999998,1,1.25
05.08.2021 00:20:17.618,19.97547,19.969079999999998,1.25,1.25
05.08.2021 00:20:21.465,19.97547,19.969260000000002,1.25,1
05.08.2021 00:20:21.616,19.97547,19.96938,1.25,1.25
05.08.2021 00:20:22.996,19.97529,19.96938,1,1
05.08.2021 00:20:23.046,19.97529,19.96844,1,1.2
05.08.2021 00:20:23.097,19.97523,19.96844,1,1.2
05.08.2021 00:20:23.147,19.974890000000002,19.967720000000003,1,1.2
05.08.2021 00:20:23.349,19.974890000000002,19.96761,1.24,1.2
05.08.2021 00:20:23.654,19.97479,19.96759,1.25,1.2
05.08.2021 00:20:23.806,19.97479,19.967370000000003,1.55,1.2
05.08.2021 00:20:24.005,19.97479,19.96734,1.55,1.2
05.08.2021 00:20:28.147,19.97479,19.96734,1.55,1.5
05.08.2021 00:20:34.022,19.97479,19.967260000000003,1.55,1.2
05.08.2021 00:20:39.731,19.97474,19.96723,1.55,1.2
05.08.2021 00:20:39.932,19.97474,19.967290000000002,1.55,1.2
05.08.2021 00:20:42.819,19.97474,19.96733,1.55,1.2
05.08.2021 00:20:43.056,19.97474,19.967290000000002,1.55,1.2
05.08.2021 00:20:45.637,19.97474,19.96733,1.25,1.2
05.08.2021 00:20:47.410,19.97474,19.96738,1.25,1.2
05.08.2021 00:20:47.461,19.97474,19.96738,1.25,1.2
05.08.2021 00:20:48.262,19.974890000000002,19.96738,1.8,1.5
05.08.2021 00:20:48.652,19.974890000000002,19.96748,1.55,1
05.08.2021 00:20:52.539,19.974990000000002,19.96748,1.55,1
05.08.2021 00:20:52.590,19.974990000000002,19.96748,1.55,1
05.08.2021 00:20:52.640,19.97504,19.967579999999998,1.55,1
05.08.2021 00:20:52.741,19.97504,19.96771,1.65,1.2
05.08.2021 00:20:52.895,19.97504,19.96774,1.65,1.2
05.08.2021 00:20:53.086,19.97504,19.96786,1.65,1
05.08.2021 00:20:53.187,19.97523,19.96798,1.9,1.25
05.08.2021 00:20:54.081,19.97484,19.96798,1,1
05.08.2021 00:20:54.229,19.97491,19.96798,1.25,1
05.08.2021 00:20:56.451,19.97523,19.96798,1.8,1.25
05.08.2021 00:20:56.688,19.97524,19.96798,1.55,1
05.08.2021 00:21:00.748,19.97529,19.96816,1.55,1
05.08.2021 00:21:00.849,19.97529,19.96828,1.55,1
05.08.2021 00:21:02.087,19.97529,19.96828,1.3,1
05.08.2021 00:21:07.971,19.975320000000004,19.96818,1.3,1
05.08.2021 00:21:10.720,19.97547,19.96828,1.8,1.25
05.08.2021 00:21:10.821,19.97547,19.96828,1.8,1.25
05.08.2021 00:21:12.440,19.97547,19.96858,1.55,1.25
05.08.2021 00:21:15.626,19.97569,19.96858,3.05,1.25
05.08.2021 00:21:16.852,19.97569,19.96828,3.05,1.25
05.08.2021 00:21:17.133,19.97569,19.96828,3.05,1.25
05.08.2021 00:21:17.401,19.97569,19.96828,3.05,1.25
05.08.2021 00:21:18.377,19.97529,19.96828,1,1
05.08.2021 00:21:22.497,19.97529,19.96798,1,1
05.08.2021 00:21:23.478,19.97529,19.967579999999998,1,1.3
05.08.2021 00:21:23.730,19.97529,19.96798,1.3,1.3
05.08.2021 00:21:23.831,19.97547,19.96798,1.8,1.25
05.08.2021 00:21:23.931,19.97529,19.96798,1,1
05.08.2021 00:21:24.032,19.97529,19.96828,1,1
05.08.2021 00:21:24.133,19.97529,19.96848,1,1
05.08.2021 00:21:24.184,19.975640000000002,19.96848,1.8,1.25
05.08.2021 00:21:24.486,19.975910000000002,19.96848,1.55,1.25
05.08.2021 00:21:25.035,19.97609,19.96928,1.8,1.25
05.08.2021 00:21:25.331,19.97587,19.96928,1,1.25
05.08.2021 00:21:25.672,19.97589,19.96928,1,1
05.08.2021 00:21:25.723,19.97609,19.96928,1.8,1.25
05.08.2021 00:21:25.913,19.97587,19.96928,1,1.25
05.08.2021 00:21:27.673,19.97587,19.96928,1.25,1.25
05.08.2021 00:21:28.848,19.976270000000003,19.96928,1.55,1
05.08.2021 00:21:29.069,19.976270000000003,19.96936,1.3,1
05.08.2021 00:21:29.225,19.976270000000003,19.96948,1.3,1
05.08.2021 00:21:32.576,19.97631,19.97041,1.3,1
05.08.2021 00:21:32.627,19.97671,19.96978,1.3,1
05.08.2021 00:21:32.728,19.977240000000002,19.96978,1.55,1
05.08.2021 00:21:32.941,19.977240000000002,19.96996,1.25,1
05.08.2021 00:21:32.992,19.977240000000002,19.97008,1.25,1
05.08.2021 00:21:33.253,19.977240000000002,19.97008,1,1
05.08.2021 00:21:33.847,19.977240000000002,19.97038,1,1
05.08.2021 00:21:40.548,19.977240000000002,19.96988,1,1
05.08.2021 00:21:40.599,19.977240000000002,19.96988,1.3,1.3
05.08.2021 00:21:41.406,19.97772,19.97018,1.3,1.3
05.08.2021 00:21:41.507,19.977140000000002,19.96978,1.3,1.3
05.08.2021 00:21:41.608,19.977140000000002,19.96978,1,1.3
05.08.2021 00:21:41.711,19.977140000000002,19.96978,1,1
05.08.2021 00:21:41.762,19.977140000000002,19.96968,1,1.3
05.08.2021 00:21:41.913,19.977140000000002,19.96968,1.3,1.3
05.08.2021 00:21:42.394,19.977020000000003,19.96978,1.3,1.3
05.08.2021 00:21:44.052,19.977140000000002,19.96978,1.3,1.3
05.08.2021 00:21:44.459,19.977140000000002,19.97008,1.3,1.3
05.08.2021 00:21:45.991,19.977140000000002,19.97038,1,1.3
05.08.2021 00:21:46.690,19.977140000000002,19.97048,1,1
05.08.2021 00:21:49.193,19.977140000000002,19.97048,1,1.3
05.08.2021 00:21:53.711,19.977210000000003,19.97048,1.3,1.3
05.08.2021 00:21:53.862,19.97844,19.97048,1.4,1
05.08.2021 00:21:53.963,19.97844,19.97078,1.4,1
05.08.2021 00:21:54.266,19.97844,19.97078,1.3,1.3
05.08.2021 00:21:55.351,19.97844,19.97108,1.3,1.3
05.08.2021 00:21:58.050,19.97844,19.97108,1,1
05.08.2021 00:21:58.224,19.978620000000003,19.97103,1.3,1
05.08.2021 00:21:58.325,19.979020000000002,19.971210000000003,1.55,1.55
05.08.2021 00:21:58.476,19.979020000000002,19.971210000000003,1.65,1.55
05.08.2021 00:21:58.652,19.97904,19.97168,1.4,1
05.08.2021 00:21:58.799,19.97904,19.971860000000003,1.4,1
05.08.2021 00:21:58.932,19.97904,19.97198,1.1,1
05.08.2021 00:21:59.055,19.97904,19.97198,1.1,1
05.08.2021 00:21:59.106,19.97904,19.97198,1.1,1
05.08.2021 00:21:59.993,19.97904,19.972260000000002,1.1,1
05.08.2021 00:22:00.253,19.97904,19.97238,1.1,1
05.08.2021 00:22:05.586,19.97529,19.972179999999998,1,1
05.08.2021 00:22:05.637,19.97529,19.96998,1,1.5
05.08.2021 00:22:05.688,19.97529,19.96966,1.25,1.55
05.08.2021 00:22:05.839,19.97529,19.96978,1,1
05.08.2021 00:22:06.238,19.97529,19.96968,1,1
05.08.2021 00:22:12.803,19.97547,19.96868,1.9,1.25
05.08.2021 00:22:12.904,19.97547,19.96848,1.9,1.25
05.08.2021 00:22:12.954,19.97547,19.96848,1.9,1.25
05.08.2021 00:22:18.698,19.97502,19.96828,1.35,1
05.08.2021 00:22:18.859,19.97502,19.96828,1.35,1
05.08.2021 00:22:18.910,19.97502,19.96828,1.65,1.3
05.08.2021 00:22:22.074,19.97523,19.96738,1.9,1.8
05.08.2021 00:22:22.566,19.97523,19.96788,1.9,1.55
05.08.2021 00:22:23.864,19.975610000000003,19.96808,1.65,1.55
05.08.2021 00:22:23.915,19.976020000000002,19.96836,1.05,1.55
05.08.2021 00:22:23.965,19.976390000000002,19.96838,1.15,1.8
05.08.2021 00:22:24.066,19.977140000000002,19.96888,1.65,1.25
05.08.2021 00:22:24.167,19.977140000000002,19.96888,1.65,1.55
05.08.2021 00:22:25.060,19.977140000000002,19.97018,1.3,1
05.08.2021 00:22:25.262,19.977140000000002,19.97018,1.3,1
05.08.2021 00:22:25.518,19.977140000000002,19.970260000000003,1.3,1
05.08.2021 00:22:25.619,19.977140000000002,19.97038,1.3,1
05.08.2021 00:22:31.661,19.977140000000002,19.97068,1.3,1
05.08.2021 00:22:31.762,19.977140000000002,19.97068,1,1
05.08.2021 00:22:33.044,19.977140000000002,19.97068,1.3,1
05.08.2021 00:22:34.353,19.97744,19.97078,1.4,1
05.08.2021 00:22:34.404,19.97744,19.97038,1.4,1
05.08.2021 00:22:34.455,19.97744,19.97018,1.1,1
05.08.2021 00:22:34.607,19.97744,19.97018,1.1,1
05.08.2021 00:22:34.708,19.97744,19.97018,1.1,1
05.08.2021 00:22:35.686,19.97744,19.970260000000003,1.1,1
05.08.2021 00:22:35.903,19.977420000000002,19.97038,1.4,1.3
05.08.2021 00:22:41.894,19.977420000000002,19.97038,1.3,1.3
05.08.2021 00:23:00.054,19.97744,19.970260000000003,1.3,1
05.08.2021 00:23:00.381,19.977520000000002,19.97008,1.4,1.3
05.08.2021 00:23:00.436,19.977520000000002,19.97008,1.4,1.3
05.08.2021 00:23:06.907,19.977220000000003,19.97018,1.3,1.3
05.08.2021 00:23:08.336,19.97812,19.97023,1.3,1.3
05.08.2021 00:23:09.153,19.97802,19.97068,1.3,1.3
05.08.2021 00:23:20.771,19.97864,19.97103,1.3,1.3
05.08.2021 00:23:20.872,19.97864,19.97103,1.4,1.3
05.08.2021 00:23:21.301,19.97864,19.97128,1.4,1.3
05.08.2021 00:23:21.352,19.97864,19.97128,1.4,1.3
05.08.2021 00:23:21.668,19.97864,19.97158,1.4,1.3
05.08.2021 00:23:24.944,19.97864,19.97158,1,1
05.08.2021 00:23:30.626,19.97904,19.97158,1.1,1
05.08.2021 00:23:30.677,19.97904,19.97158,1.1,1
05.08.2021 00:23:30.829,19.97904,19.97158,1.4,1.3
05.08.2021 00:23:31.236,19.97904,19.97198,1.4,1
05.08.2021 00:23:31.466,19.979020000000002,19.971210000000003,1.4,1.3
05.08.2021 00:23:31.567,19.979020000000002,19.971210000000003,1.4,1.3
05.08.2021 00:23:32.122,19.979020000000002,19.971210000000003,1.4,1.3
05.08.2021 00:23:32.496,19.979020000000002,19.97168,1.4,1.3
05.08.2021 00:23:38.876,19.977710000000002,19.97168,1,1.3
05.08.2021 00:23:38.977,19.97509,19.96823,1.5,1.75
05.08.2021 00:23:39.028,19.97509,19.96823,1.9,1.25
05.08.2021 00:23:39.130,19.97509,19.96725,1.9,1.8
05.08.2021 00:23:39.500,19.97519,19.966870000000004,1.15,1.8
05.08.2021 00:23:39.729,19.97519,19.96718,1.15,1.5
05.08.2021 00:23:39.868,19.974890000000002,19.96659,1.65,1.55
05.08.2021 00:23:40.080,19.974890000000002,19.96659,1.9,1.55
05.08.2021 00:23:41.110,19.974890000000002,19.967260000000003,1.65,1
05.08.2021 00:23:41.260,19.974890000000002,19.96738,1.65,1
05.08.2021 00:23:41.310,19.97492,19.96738,1.65,1
05.08.2021 00:23:46.381,19.97519,19.967579999999998,1.15,1.55
05.08.2021 00:23:46.482,19.97519,19.967579999999998,1.15,1.25
05.08.2021 00:23:47.432,19.97519,19.96856,1.15,1
05.08.2021 00:23:47.545,19.97519,19.96868,1.15,1.25
05.08.2021 00:23:48.516,19.97529,19.96888,1.3,1
05.08.2021 00:23:48.617,19.97529,19.96848,1.9,1.25
05.08.2021 00:23:49.453,19.97529,19.96838,1.65,1
05.08.2021 00:23:49.555,19.97529,19.96838,1.55,1
05.08.2021 00:23:50.036,19.97529,19.968860000000003,1.65,1
05.08.2021 00:23:50.151,19.97529,19.96898,1.4,1
05.08.2021 00:23:50.554,19.97529,19.96838,1.9,1.25
05.08.2021 00:23:51.304,19.97529,19.96818,1.9,1.25
05.08.2021 00:23:55.653,19.97512,19.96798,1.55,1
05.08.2021 00:23:56.608,19.97512,19.96798,1.55,1.3
05.08.2021 00:24:02.785,19.97512,19.96798,1.65,1
05.08.2021 00:24:03.420,19.97502,19.966810000000002,1.6,1.8
05.08.2021 00:24:03.526,19.97502,19.966810000000002,1.9,1.8
05.08.2021 00:24:03.627,19.97462,19.96688,1.4,1.55
05.08.2021 00:24:03.978,19.97462,19.96688,1.4,1.55
05.08.2021 00:24:04.658,19.974120000000003,19.96708,1.3,1.3
05.08.2021 00:24:28.810,19.973820000000003,19.96518,1.55,1.8
05.08.2021 00:24:29.760,19.97332,19.96598,1.3,1.3
05.08.2021 00:24:31.388,19.97332,19.96628,1.3,1.3
05.08.2021 00:24:33.158,19.97332,19.96628,1.3,1
05.08.2021 00:24:36.944,19.97332,19.96628,1.3,1.3
05.08.2021 00:24:37.349,19.97332,19.96628,1.3,1
05.08.2021 00:24:44.147,19.97312,19.966079999999998,1.3,1.3
05.08.2021 00:24:44.442,19.97312,19.966079999999998,1.3,1.3
05.08.2021 00:25:08.150,19.97325,19.965960000000003,1.3,1.3
05.08.2021 00:25:10.983,19.97169,19.96398,1.5,2.05
05.08.2021 00:25:11.084,19.97169,19.96398,1.9,1.55
05.08.2021 00:25:23.132,19.97129,19.96368,1,1.3
05.08.2021 00:25:23.233,19.97129,19.963610000000003,1.4,1.3
05.08.2021 00:25:45.642,19.97209,19.96378,1.9,1.8
05.08.2021 00:25:59.812,19.97169,19.96398,1.9,1.55
05.08.2021 00:26:18.573,19.97129,19.96331,1.65,1.05
05.08.2021 00:26:20.913,19.97129,19.96327,1.65,1.55
05.08.2021 00:26:21.014,19.97129,19.96331,1.65,1.05
05.08.2021 00:26:29.182,19.97169,19.964160000000003,1.8,1
05.08.2021 00:26:29.315,19.97169,19.96428,1.8,1.25
05.08.2021 00:26:44.405,19.971890000000002,19.96428,1.65,1.55
05.08.2021 00:27:06.148,19.97209,19.964560000000002,1.65,1
05.08.2021 00:27:06.287,19.97209,19.96468,1.65,1
05.08.2021 00:27:14.868,19.97209,19.964560000000002,1.65,1
05.08.2021 00:27:15.716,19.97249,19.96468,1.9,1.25
05.08.2021 00:27:27.999,19.97129,19.964560000000002,1.25,1
05.08.2021 00:27:28.050,19.97129,19.963910000000002,1.25,1.55
05.08.2021 00:27:28.101,19.97129,19.963910000000002,1.65,1.25
05.08.2021 00:27:29.325,19.97129,19.96338,1.65,1.55
05.08.2021 00:27:29.588,19.97129,19.96338,1.65,1.55
05.08.2021 00:28:21.158,19.97134,19.96303,1.65,1.8
05.08.2021 00:28:21.259,19.97134,19.96303,1.65,1.8
05.08.2021 00:28:23.511,19.97134,19.96308,1.65,1.8
05.08.2021 00:28:23.612,19.971470000000004,19.96327,1.55,1.05
05.08.2021 00:28:29.638,19.971470000000004,19.96368,1.1,1.25
05.08.2021 00:28:33.742,19.971470000000004,19.96368,1.1,1.25
05.08.2021 00:28:34.822,19.971470000000004,19.96368,1.1,1.25
05.08.2021 00:28:34.922,19.971470000000004,19.96368,1.1,1.25
05.08.2021 00:28:44.092,19.971470000000004,19.96386,1.1,1
05.08.2021 00:28:44.333,19.971470000000004,19.96398,1.1,1.25
05.08.2021 00:28:54.246,19.971040000000002,19.96358,1.1,1
05.08.2021 00:28:54.347,19.971040000000002,19.96358,1.1,1
05.08.2021 00:28:57.069,19.971040000000002,19.96358,1.1,1
05.08.2021 00:29:00.106,19.971040000000002,19.96358,1.1,1
05.08.2021 00:29:04.251,19.971110000000003,19.96358,1.1,1
05.08.2021 00:29:04.357,19.971610000000002,19.96358,1.6,1.25
05.08.2021 00:29:04.753,19.971610000000002,19.96358,1.9,1.25
05.08.2021 00:29:05.075,19.971610000000002,19.96348,1.9,1.55
05.08.2021 00:29:05.893,19.97191,19.964010000000002,1.4,1.8
05.08.2021 00:29:06.303,19.97191,19.96408,1.4,1.55
05.08.2021 00:29:15.625,19.97209,19.96478,1.4,1
05.08.2021 00:29:28.220,19.972610000000003,19.96478,1.65,1
05.08.2021 00:29:28.748,19.972610000000003,19.96478,1.65,1
05.08.2021 00:29:31.108,19.972610000000003,19.964660000000002,1.65,1
05.08.2021 00:29:33.771,19.971470000000004,19.96408,1.3,1.3
05.08.2021 00:29:36.195,19.971470000000004,19.96408,1.4,1.3
05.08.2021 00:29:36.895,19.971470000000004,19.96408,1.4,1
05.08.2021 00:29:37.642,19.971870000000003,19.96458,1.4,1
05.08.2021 00:29:37.899,19.971870000000003,19.96458,1.4,1
05.08.2021 00:29:41.048,19.97209,19.96458,1.65,1.3
05.08.2021 00:29:43.300,19.97209,19.96418,1.4,1.55
05.08.2021 00:30:00.650,19.971470000000004,19.96458,1,1.3
05.08.2021 00:30:00.773,19.97129,19.96408,1,1.3
05.08.2021 00:30:01.046,19.97129,19.96367,1.35,1.55
05.08.2021 00:30:01.147,19.97129,19.96368,1.35,1.55
05.08.2021 00:30:01.197,19.97129,19.963610000000003,1.65,1.55
05.08.2021 00:30:02.846,19.97129,19.96368,1.65,1.55
05.08.2021 00:30:06.552,19.97129,19.96368,1.65,1.55
05.08.2021 00:30:10.106,19.97129,19.96368,1.65,1.55
05.08.2021 00:30:42.391,19.970820000000003,19.96328,1.3,1.55
05.08.2021 00:30:45.429,19.97134,19.96358,1.4,1.3
05.08.2021 00:31:07.890,19.97129,19.96408,1.55,1
05.08.2021 00:31:09.022,19.97129,19.96418,1.9,1.25
05.08.2021 00:31:09.900,19.971020000000003,19.96398,1.3,1.3
05.08.2021 00:31:14.164,19.97129,19.96388,1.9,1.55
05.08.2021 00:31:15.023,19.97129,19.96388,1.55,1.3
05.08.2021 00:31:15.176,19.97129,19.96388,1.3,1.3
05.08.2021 00:31:22.363,19.97129,19.96418,1.3,1
05.08.2021 00:31:42.009,19.97129,19.96406,1.3,1
05.08.2021 00:31:42.160,19.97129,19.96418,1.3,1
05.08.2021 00:31:50.653,19.97129,19.96368,1.65,1.55
05.08.2021 00:31:50.754,19.97129,19.96368,1.65,1.55
05.08.2021 00:31:51.724,19.97129,19.96378,1.4,1.3
05.08.2021 00:31:51.825,19.97129,19.96378,1.3,1.3
05.08.2021 00:31:58.733,19.97129,19.96418,1.3,1
05.08.2021 00:32:15.279,19.97129,19.96418,1,1
05.08.2021 00:32:16.530,19.971470000000004,19.96418,1,1.25
05.08.2021 00:32:23.913,19.971470000000004,19.96438,1,1.25
05.08.2021 00:32:25.712,19.971470000000004,19.96438,1.1,1.25
05.08.2021 00:32:27.473,19.97181,19.96438,1.2,1
05.08.2021 00:32:27.574,19.97181,19.96438,1.2,1
05.08.2021 00:32:27.677,19.971870000000003,19.96438,1.5,1
05.08.2021 00:32:28.013,19.97129,19.96438,1,1
05.08.2021 00:32:28.164,19.97129,19.96438,1.3,1
05.08.2021 00:32:30.382,19.971870000000003,19.964560000000002,1.9,1
05.08.2021 00:32:30.483,19.971870000000003,19.96468,2.15,1
05.08.2021 00:32:33.569,19.97221,19.96468,1.5,1.25
05.08.2021 00:32:35.961,19.972320000000003,19.96486,1,1
05.08.2021 00:32:36.077,19.972320000000003,19.96498,1,1.25
05.08.2021 00:32:36.754,19.97129,19.96438,1.1,1.3
05.08.2021 00:32:36.805,19.97129,19.96438,1.4,1
05.08.2021 00:32:37.523,19.97129,19.96448,1.4,1
05.08.2021 00:32:40.746,19.97169,19.96388,1.5,1.3
05.08.2021 00:32:49.827,19.971220000000002,19.96428,1.4,1
05.08.2021 00:32:51.184,19.97139,19.96428,1,1.55
05.08.2021 00:32:52.051,19.97159,19.96428,1,1.25
05.08.2021 00:32:52.529,19.97129,19.96378,1.65,1.55
05.08.2021 00:32:52.630,19.97129,19.96378,1.65,1.25
05.08.2021 00:32:54.153,19.971010000000003,19.96368,1,1.3
05.08.2021 00:33:02.616,19.97091,19.96368,1,1.3
05.08.2021 00:33:02.667,19.97091,19.96378,1,1
05.08.2021 00:33:02.799,19.97107,19.96358,1,1.55
05.08.2021 00:33:04.133,19.97139,19.96358,1,1.55
05.08.2021 00:33:21.623,19.97149,19.963510000000003,1,1.55
05.08.2021 00:33:34.483,19.97149,19.96398,1,1.3
05.08.2021 00:33:51.389,19.97159,19.96398,1,1.3
05.08.2021 00:33:54.158,19.97149,19.964160000000003,1,1
05.08.2021 00:33:54.309,19.97149,19.96428,1,1.25
05.08.2021 00:33:57.406,19.97127,19.964460000000003,1,1
05.08.2021 00:33:57.609,19.97127,19.96458,1,1
05.08.2021 00:34:20.989,19.97159,19.96448,1,1.25
05.08.2021 00:34:21.040,19.97159,19.96448,1,1.55
05.08.2021 00:34:22.217,19.97179,19.96418,1,1.55
05.08.2021 00:34:49.819,19.97172,19.96388,1.4,1.55
05.08.2021 00:34:54.340,19.97202,19.96721,1.3,1
05.08.2021 00:34:54.390,19.97241,19.96721,1,1.25
05.08.2021 00:34:54.441,19.97303,19.96721,1.3,1.25
05.08.2021 00:34:54.542,19.97481,19.96721,1.95,1.55
05.08.2021 00:34:54.652,19.97481,19.96721,1.65,1.55
05.08.2021 00:34:54.954,19.97481,19.96721,1.65,1.55
05.08.2021 00:34:55.429,19.97482,19.96721,1.4,1.3
05.08.2021 00:34:56.035,19.974320000000002,19.96728,1.4,1.3
05.08.2021 00:34:56.186,19.974320000000002,19.96728,1.4,1.3
05.08.2021 00:35:07.338,19.97502,19.96748,1.4,1.3
05.08.2021 00:35:07.972,19.97502,19.96778,1.4,1
05.08.2021 00:35:46.930,19.97504,19.967660000000002,1.4,1
05.08.2021 00:35:50.541,19.97472,19.967579999999998,1.4,1
05.08.2021 00:36:01.113,19.974020000000003,19.96718,1,1.3
05.08.2021 00:36:01.444,19.974020000000003,19.96718,1.3,1.3
05.08.2021 00:36:09.668,19.97485,19.96768,1,1
05.08.2021 00:36:17.304,19.97485,19.96768,1,1
05.08.2021 00:36:40.156,19.974420000000002,19.96748,1,1.3
05.08.2021 00:36:41.927,19.974420000000002,19.96748,1.3,1.3
05.08.2021 00:36:42.498,19.97491,19.968110000000003,1,1.25
05.08.2021 00:36:42.549,19.97539,19.96781,1,1.55
05.08.2021 00:36:42.649,19.97551,19.96781,1,1.55
05.08.2021 00:36:42.850,19.975610000000003,19.96848,1.6,1
05.08.2021 00:36:43.469,19.975610000000003,19.96918,1.6,1
05.08.2021 00:36:44.442,19.975610000000003,19.96936,1.6,1
05.08.2021 00:36:44.543,19.975610000000003,19.96948,1.6,1
05.08.2021 00:36:48.907,19.97565,19.96948,1,1
05.08.2021 00:36:56.070,19.975710000000003,19.96918,1,1
05.08.2021 00:37:03.285,19.97547,19.969060000000002,1.4,1
05.08.2021 00:37:03.436,19.97547,19.969060000000002,1.4,1
05.08.2021 00:37:03.568,19.97547,19.96918,1.4,1
05.08.2021 00:37:04.557,19.975610000000003,19.96918,1,1.25
05.08.2021 00:37:04.823,19.97568,19.96938,1,1
05.08.2021 00:37:04.924,19.97603,19.96938,1,1
05.08.2021 00:37:05.220,19.97569,19.96938,1.3,1
05.08.2021 00:37:05.885,19.97569,19.969079999999998,1.4,1
05.08.2021 00:37:10.262,19.97569,19.96898,1.4,1
05.08.2021 00:37:15.561,19.97547,19.96898,1.3,1
05.08.2021 00:37:16.871,19.97529,19.96838,1.4,1
05.08.2021 00:37:16.925,19.97529,19.96838,1.4,1
05.08.2021 00:37:17.127,19.97529,19.96828,1.4,1
05.08.2021 00:37:17.305,19.97529,19.96828,1.4,1
05.08.2021 00:37:17.882,19.97529,19.96818,1.65,1.25
05.08.2021 00:37:18.293,19.97529,19.96818,1.65,1.55
05.08.2021 00:37:18.637,19.97529,19.96818,1.65,1.55
05.08.2021 00:37:18.687,19.97529,19.96818,1.65,1.25
05.08.2021 00:37:18.738,19.97529,19.96818,1.65,1.25
05.08.2021 00:37:19.154,19.97492,19.96798,1.1,1
05.08.2021 00:37:19.242,19.97492,19.96798,1.4,1.3
05.08.2021 00:37:20.849,19.97492,19.96798,1.4,1.3
05.08.2021 00:37:32.991,19.97462,19.96788,1.4,1.3
05.08.2021 00:37:42.041,19.97492,19.96828,1.4,1.3
05.08.2021 00:37:43.559,19.97519,19.96848,1,1
05.08.2021 00:38:05.757,19.97511,19.96848,1,1.55
05.08.2021 00:38:07.909,19.97492,19.96828,1.4,1.3
05.08.2021 00:38:26.952,19.97492,19.96828,1,1
05.08.2021 00:38:27.003,19.97523,19.96838,1.15,1.25
05.08.2021 00:38:27.116,19.975420000000003,19.96868,1.15,1.25
05.08.2021 00:38:27.167,19.975420000000003,19.96868,1.15,1.25
05.08.2021 00:38:27.268,19.97554,19.96868,1.15,1.25
05.08.2021 00:38:27.459,19.97554,19.968960000000003,1.15,1
05.08.2021 00:38:27.624,19.97554,19.969079999999998,1.15,1.25
05.08.2021 00:38:28.164,19.97554,19.96938,1.15,1.25
05.08.2021 00:38:28.266,19.97589,19.96948,1,1.25
05.08.2021 00:38:28.417,19.97609,19.96948,1,1
05.08.2021 00:38:29.434,19.97609,19.96986,1,1
05.08.2021 00:38:29.535,19.97609,19.96968,1,1
05.08.2021 00:38:29.586,19.97609,19.96938,1,1
05.08.2021 00:38:29.985,19.97619,19.96958,1,1
05.08.2021 00:38:31.986,19.97609,19.96976,1,1
05.08.2021 00:38:32.244,19.97609,19.96988,1,1
05.08.2021 00:38:34.119,19.97609,19.96998,1,1
05.08.2021 00:38:41.318,19.976020000000002,19.96978,1,1
05.08.2021 00:38:50.699,19.97589,19.96966,1.4,1
05.08.2021 00:38:50.800,19.97589,19.96966,1.4,1
05.08.2021 00:38:55.243,19.97569,19.96978,1.1,1
05.08.2021 00:38:56.281,19.97547,19.96978,1,1
05.08.2021 00:38:56.370,19.97547,19.969079999999998,1.3,1
05.08.2021 00:38:56.421,19.97529,19.96808,1.55,1.25
05.08.2021 00:38:56.471,19.97529,19.96808,1.55,1.25
05.08.2021 00:38:57.279,19.97529,19.96808,1.9,1.25
05.08.2021 00:38:57.380,19.97528,19.96808,1.5,1.25
05.08.2021 00:38:57.430,19.97502,19.96798,1,1
05.08.2021 00:38:57.637,19.97502,19.96798,1.3,1.3
05.08.2021 00:39:04.678,19.97492,19.967579999999998,1.9,1.3
05.08.2021 00:39:04.729,19.97492,19.967579999999998,1.9,1.3
05.08.2021 00:39:04.981,19.97482,19.967579999999998,1.4,1.3
05.08.2021 00:39:05.214,19.97462,19.96768,1.9,1.3
05.08.2021 00:39:14.445,19.97462,19.96768,1.6,1.3
05.08.2021 00:39:14.496,19.97482,19.96798,2.02,1
05.08.2021 00:39:16.153,19.97462,19.96778,1.9,1.3
05.08.2021 00:39:19.730,19.974320000000002,19.96768,1.4,1.3
05.08.2021 00:39:26.937,19.97557,19.96798,1.9,1.25
05.08.2021 00:39:27.786,19.97502,19.96768,1.3,1.3
05.08.2021 00:39:28.744,19.97472,19.96768,1.3,1.3
05.08.2021 00:39:39.724,19.97472,19.96738,1.9,1.3
05.08.2021 00:39:42.207,19.97502,19.96738,1.65,1.3
05.08.2021 00:39:42.530,19.975070000000002,19.96788,1.65,1
05.08.2021 00:39:43.459,19.974670000000003,19.96788,1.05,1.25
05.08.2021 00:39:43.610,19.97463,19.96738,1.15,1.55
05.08.2021 00:39:44.506,19.974220000000003,19.96738,1.4,1.3
05.08.2021 00:40:12.513,19.97435,19.967260000000003,1.4,1.3
05.08.2021 00:40:55.812,19.97502,19.96858,1.15,1.25
05.08.2021 00:40:55.913,19.9752,19.96868,1.05,1.25
05.08.2021 00:40:56.198,19.97529,19.968960000000003,1.8,1
05.08.2021 00:40:56.299,19.97529,19.969079999999998,1.8,1.25
05.08.2021 00:40:57.500,19.97529,19.96936,1.8,1
05.08.2021 00:40:57.550,19.97529,19.96791,1.55,1.25
05.08.2021 00:40:57.650,19.97529,19.96791,1.55,1.25
05.08.2021 00:40:58.353,19.97521,19.96791,1.3,1.25
05.08.2021 00:41:02.964,19.975810000000003,19.96791,1.4,1.5
05.08.2021 00:41:03.065,19.975810000000003,19.968010000000003,1.4,1.25
05.08.2021 00:41:03.216,19.975810000000003,19.968010000000003,1.4,1.55
05.08.2021 00:41:16.247,19.97509,19.96796,1,1
05.08.2021 00:41:27.304,19.97543,19.96796,1,1
05.08.2021 00:41:27.463,19.97559,19.96796,1,1
05.08.2021 00:41:28.624,19.97567,19.96796,1,1
05.08.2021 00:41:31.762,19.97559,19.96796,1,1.3
05.08.2021 00:41:32.609,19.97559,19.96796,1,1.3
05.08.2021 00:41:33.180,19.97567,19.96796,1,1.25
05.08.2021 00:41:33.344,19.97559,19.96796,1,1.55
05.08.2021 00:42:32.130,19.97509,19.967760000000002,1,1.3
05.08.2021 00:42:32.231,19.97509,19.967760000000002,1,1
05.08.2021 00:42:32.282,19.974890000000002,19.96751,1,1
05.08.2021 00:42:32.332,19.974890000000002,19.96751,1.3,1.3
05.08.2021 00:42:32.433,19.974890000000002,19.96751,1.4,1.3
05.08.2021 00:42:32.484,19.974890000000002,19.96751,1.4,1
05.08.2021 00:42:32.594,19.974890000000002,19.967460000000003,1.3,1
05.08.2021 00:42:32.645,19.974890000000002,19.967460000000003,1.4,1
05.08.2021 00:42:33.282,19.973270000000003,19.96739,1,1
05.08.2021 00:42:33.383,19.974890000000002,19.96702,1.9,1
05.08.2021 00:42:33.434,19.974890000000002,19.967200000000002,1.9,1.05
05.08.2021 00:42:33.534,19.974890000000002,19.967200000000002,1.9,1.05
05.08.2021 00:42:33.635,19.974890000000002,19.96702,1.9,1
05.08.2021 00:42:33.738,19.974890000000002,19.967200000000002,1.9,1.05
05.08.2021 00:42:36.119,19.974890000000002,19.96741,1.8,1.55
05.08.2021 00:42:36.359,19.97529,19.96771,1.9,1.41
05.08.2021 00:42:37.068,19.97551,19.96771,1.65,1.8
05.08.2021 00:42:41.627,19.97551,19.96806,1.65,1
05.08.2021 00:42:41.677,19.97569,19.96806,1.65,1.25
05.08.2021 00:42:42.686,19.97569,19.96808,1.35,1.25
05.08.2021 00:42:47.423,19.97569,19.96808,1.65,1.25
05.08.2021 00:42:47.621,19.97665,19.968410000000002,1.15,1.55
05.08.2021 00:42:47.671,19.977020000000003,19.968410000000002,1.65,2.05
05.08.2021 00:42:47.722,19.977020000000003,19.968420000000002,1.65,1.05
05.08.2021 00:42:47.823,19.977140000000002,19.96846,1.65,1.05
05.08.2021 00:43:08.096,19.977140000000002,19.96948,1.4,1
05.08.2021 00:43:14.044,19.977140000000002,19.969079999999998,1.4,1.3
05.08.2021 00:43:42.991,19.977140000000002,19.969260000000002,1.4,1
05.08.2021 00:43:43.984,19.977140000000002,19.969260000000002,1.4,1
05.08.2021 00:43:46.636,19.977140000000002,19.969260000000002,1.4,1.3
05.08.2021 00:43:48.154,19.977140000000002,19.969260000000002,1.4,1
05.08.2021 00:43:49.040,19.977140000000002,19.969260000000002,1.4,1.3
05.08.2021 00:43:54.440,19.977140000000002,19.969260000000002,1.4,1
05.08.2021 00:43:54.991,19.977140000000002,19.969260000000002,1.4,1.3
05.08.2021 00:44:05.935,19.977140000000002,19.969260000000002,1.4,1
05.08.2021 00:44:06.613,19.977140000000002,19.969260000000002,1.4,1.3
05.08.2021 00:44:21.043,19.976920000000003,19.96928,1.3,1
05.08.2021 00:44:23.899,19.977140000000002,19.96888,1.9,1
05.08.2021 00:44:23.949,19.977140000000002,19.96888,1.4,1
05.08.2021 00:44:24.051,19.977140000000002,19.96888,1.4,1.3
05.08.2021 00:44:24.644,19.977140000000002,19.96888,1.4,1
05.08.2021 00:44:24.988,19.977140000000002,19.96936,1.4,1
05.08.2021 00:44:25.196,19.977020000000003,19.96948,1.4,1
05.08.2021 00:44:32.353,19.977020000000003,19.96948,1.4,1.3
05.08.2021 00:44:34.020,19.977020000000003,19.96948,1.4,1.3
05.08.2021 00:44:36.009,19.977020000000003,19.96948,1.1,1
05.08.2021 00:44:38.193,19.976960000000002,19.97041,1.1,1
05.08.2021 00:44:38.294,19.97802,19.97041,2.15,1.8
05.08.2021 00:44:38.344,19.97802,19.97041,1.65,1.8
05.08.2021 00:44:38.664,19.97805,19.97061,1.4,1.55
05.08.2021 00:44:38.715,19.97805,19.97061,1.4,1.55
05.08.2021 00:44:39.019,19.97805,19.97061,1.4,1.55
05.08.2021 00:44:43.586,19.97804,19.97061,1.9,1.55
05.08.2021 00:44:44.544,19.97804,19.97061,1.9,1.25
05.08.2021 00:44:47.030,19.97804,19.97061,1.9,1.55
05.08.2021 00:44:50.971,19.97819,19.97081,1.65,1.5
05.08.2021 00:44:51.071,19.97819,19.97081,1.65,1.5
05.08.2021 00:44:51.273,19.97819,19.97081,1.65,1.5
05.08.2021 00:44:52.336,19.9785,19.97158,1.15,1
05.08.2021 00:44:53.961,19.97849,19.97138,1.9,1
05.08.2021 00:44:54.955,19.97829,19.97156,1.4,1
05.08.2021 00:44:55.231,19.97829,19.97168,1.4,1
05.08.2021 00:44:58.735,19.97849,19.97168,1.9,1.3
05.08.2021 00:45:00.575,19.97849,19.97168,1.9,1.3
05.08.2021 00:45:02.153,19.97849,19.97168,1.4,1
05.08.2021 00:45:02.843,19.97859,19.97178,1.65,1
05.08.2021 00:45:04.194,19.97859,19.97178,1.65,1
05.08.2021 00:45:15.104,19.97859,19.971960000000003,1.55,1
05.08.2021 00:45:15.339,19.97859,19.97208,1.3,1
05.08.2021 00:45:35.748,19.97873,19.971960000000003,1,1
05.08.2021 00:45:43.561,19.97869,19.971760000000003,1.65,1
05.08.2021 00:45:43.611,19.97869,19.97188,1.65,1.25
05.08.2021 00:45:55.842,19.97876,19.97211,1,1
05.08.2021 00:45:56.374,19.97884,19.97211,1,1
05.08.2021 00:45:59.659,19.97884,19.97188,1,1
05.08.2021 00:46:03.372,19.97885,19.97188,1.15,1.3
05.08.2021 00:46:09.613,19.978920000000002,19.971410000000002,1.25,1.3
05.08.2021 00:46:30.868,19.97863,19.97116,1.1,1.55
05.08.2021 00:46:30.919,19.97856,19.97116,1.15,1.25
05.08.2021 00:46:32.951,19.97856,19.97116,1.15,1
05.08.2021 00:46:33.107,19.97856,19.97116,1.15,1
05.08.2021 00:46:37.402,19.978520000000003,19.97249,1.9,1
05.08.2021 00:46:38.350,19.97681,19.97116,1,1
05.08.2021 00:46:39.360,19.978520000000003,19.97239,1.9,1
05.08.2021 00:46:40.340,19.97671,19.97116,1,1
05.08.2021 00:46:41.371,19.978520000000003,19.97239,1.9,1
05.08.2021 00:46:42.350,19.97671,19.97116,1,1
05.08.2021 00:46:43.329,19.978520000000003,19.97116,1.9,1
05.08.2021 00:46:51.158,19.978520000000003,19.97081,2.15,1.8
05.08.2021 00:47:02.146,19.978520000000003,19.97063,2.15,1.5
05.08.2021 00:47:08.408,19.978220000000004,19.97063,1.65,1.8
05.08.2021 00:47:12.945,19.97812,19.97063,1.65,1.5
05.08.2021 00:47:13.122,19.97792,19.97063,1.65,1.5
05.08.2021 00:47:15.979,19.97772,19.97081,1.55,1.5
05.08.2021 00:47:19.766,19.97772,19.97081,1.55,1.5
05.08.2021 00:47:21.595,19.97782,19.97081,1.3,1.25
05.08.2021 00:47:23.627,19.97782,19.97096,1.3,1
05.08.2021 00:47:27.581,19.97782,19.97089,1.3,1.25
05.08.2021 00:47:29.907,19.97812,19.970760000000002,1.65,1.5
05.08.2021 00:47:30.858,19.97812,19.970760000000002,1.65,1.25
05.08.2021 00:47:42.985,19.97812,19.97087,1.65,1.25
05.08.2021 00:47:56.825,19.97823,19.97087,1,1.55
05.08.2021 00:48:00.411,19.97823,19.97087,1,1.25
05.08.2021 00:48:06.462,19.97823,19.97081,1,1.25
05.08.2021 00:48:07.129,19.97823,19.970760000000002,1,1
05.08.2021 00:48:29.948,19.97812,19.970760000000002,1.65,1.25
05.08.2021 00:48:35.479,19.97869,19.97106,1.4,1
05.08.2021 00:48:35.580,19.97869,19.97106,1.4,1
05.08.2021 00:48:36.653,19.97869,19.97106,1.4,1.3
05.08.2021 00:48:37.658,19.97869,19.97106,1.4,1.3
05.08.2021 00:48:40.774,19.978550000000002,19.97106,1.15,1.3
05.08.2021 00:48:40.875,19.978550000000002,19.97106,1.15,1
05.08.2021 00:48:41.125,19.978550000000002,19.97106,1.15,1
05.08.2021 00:48:41.554,19.978420000000003,19.97106,1.9,1
05.08.2021 00:48:56.356,19.97802,19.97106,1.65,1
05.08.2021 00:49:01.260,19.97802,19.970860000000002,1.65,1.5
05.08.2021 00:49:40.825,19.97812,19.970860000000002,1.65,1
05.08.2021 00:49:55.254,19.97812,19.97063,1.65,1.3
05.08.2021 00:49:56.388,19.97802,19.97063,1.65,1
05.08.2021 00:49:57.882,19.97802,19.970760000000002,1.65,1
05.08.2021 00:49:59.692,19.97802,19.970760000000002,1.65,1.25
05.08.2021 00:50:05.118,19.978220000000004,19.970760000000002,1.65,1.55
05.08.2021 00:50:23.304,19.97802,19.97081,1.4,1.25
05.08.2021 00:50:25.235,19.97782,19.97081,1.4,1.25
05.08.2021 00:50:30.309,19.97519,19.97087,1.25,1.5
05.08.2021 00:50:30.410,19.97719,19.97081,1,1.5
05.08.2021 00:50:30.511,19.97819,19.97081,1.9,1.5
05.08.2021 00:50:30.612,19.97819,19.97081,1.9,1.5
05.08.2021 00:50:31.337,19.97829,19.97081,1.9,1.5
05.08.2021 00:50:32.137,19.97829,19.97081,1.9,1.5
05.08.2021 00:50:58.112,19.97829,19.97081,1.9,1.25
05.08.2021 00:50:59.077,19.97829,19.970860000000002,1.65,1.5
05.08.2021 00:50:59.128,19.97829,19.970860000000002,1.65,1.5
05.08.2021 00:50:59.229,19.97829,19.970860000000002,1.65,1.5
05.08.2021 00:51:04.796,19.975070000000002,19.970570000000002,1,1.55
05.08.2021 00:51:04.901,19.974890000000002,19.967570000000002,1.55,1.05
05.08.2021 00:51:05.001,19.974890000000002,19.96751,1.55,1.55
05.08.2021 00:51:06.211,19.974890000000002,19.967460000000003,1.8,1
05.08.2021 00:51:07.618,19.974890000000002,19.967460000000003,1.65,1
05.08.2021 00:51:07.721,19.974890000000002,19.967460000000003,1.65,1
05.08.2021 00:51:07.932,19.974890000000002,19.967460000000003,1.65,1
05.08.2021 00:51:08.456,19.974890000000002,19.967460000000003,1.65,1
05.08.2021 00:51:11.374,19.974890000000002,19.967460000000003,1.65,1
05.08.2021 00:51:15.385,19.974890000000002,19.967460000000003,1.65,1
05.08.2021 00:51:21.603,19.975070000000002,19.967260000000003,1.9,1
05.08.2021 00:51:21.813,19.975070000000002,19.967260000000003,1.9,1
05.08.2021 00:51:28.676,19.975070000000002,19.967260000000003,1.9,1.3
05.08.2021 00:51:34.996,19.975070000000002,19.967260000000003,1.9,1
05.08.2021 00:51:45.647,19.975070000000002,19.96748,1.65,1.25
05.08.2021 00:51:47.819,19.975070000000002,19.96748,1.65,1.25
05.08.2021 00:51:47.870,19.97551,19.97081,1.3,1.25
05.08.2021 00:51:47.971,19.976370000000003,19.97081,1,1.25
05.08.2021 00:51:48.079,19.97809,19.97081,1.76,1.25
05.08.2021 00:51:48.338,19.97809,19.97081,2.15,1.55
05.08.2021 00:51:48.951,19.978220000000004,19.97081,1.15,1.55
05.08.2021 00:51:49.102,19.97793,19.97081,1.1,1.55
05.08.2021 00:51:49.204,19.97793,19.97081,1.1,1.16
05.08.2021 00:51:50.238,19.97793,19.97081,1.1,1.3
05.08.2021 00:51:51.976,19.978,19.97081,1.4,1.55
05.08.2021 00:51:53.803,19.97823,19.97081,1.4,1.55
05.08.2021 00:51:55.806,19.97802,19.97081,1.4,1.25
05.08.2021 00:51:56.731,19.97802,19.97081,1.4,1.5
05.08.2021 00:51:59.450,19.97813,19.97081,1.4,1.8
05.08.2021 00:52:00.833,19.97737,19.97081,1,1.8
05.08.2021 00:52:00.934,19.97729,19.969620000000003,2.1,1.55
05.08.2021 00:52:00.989,19.97708,19.969160000000002,1.15,1.8
05.08.2021 00:52:01.093,19.97684,19.96898,1.15,1.3
05.08.2021 00:52:01.245,19.97673,19.96898,1.4,1
05.08.2021 00:52:01.295,19.97641,19.96888,1.4,1.55
05.08.2021 00:52:01.346,19.97641,19.96888,1.4,1.25
05.08.2021 00:52:01.497,19.976860000000002,19.96888,1.4,1.25
05.08.2021 00:52:01.822,19.976860000000002,19.96898,1.4,1
05.08.2021 00:52:04.250,19.97652,19.97063,1.4,1
05.08.2021 00:52:04.301,19.97652,19.96918,1.15,1
05.08.2021 00:52:04.401,19.97559,19.96888,1,1
05.08.2021 00:52:04.502,19.97559,19.96888,1.3,1
05.08.2021 00:52:04.754,19.97549,19.96888,1.3,1
05.08.2021 00:52:05.075,19.97549,19.96878,1.4,1
05.08.2021 00:52:05.143,19.97549,19.96878,1.4,1
05.08.2021 00:52:05.620,19.97559,19.96878,1.3,1
05.08.2021 00:52:05.826,19.97549,19.96878,1.4,1
05.08.2021 00:52:06.275,19.97549,19.96858,1.4,1
05.08.2021 00:52:06.391,19.97549,19.96858,1.4,1
05.08.2021 00:52:20.188,19.97567,19.96846,1.4,1
05.08.2021 00:52:23.684,19.97567,19.96888,1.4,1
05.08.2021 00:52:24.931,19.975810000000003,19.97019,1.65,1
05.08.2021 00:52:25.032,19.97659,19.97061,1,1
05.08.2021 00:52:25.085,19.977020000000003,19.97061,1.15,1
05.08.2021 00:52:25.186,19.977600000000002,19.97023,1.4,1
05.08.2021 00:52:25.387,19.97782,19.97023,1.4,1.3
05.08.2021 00:52:25.909,19.97801,19.97081,1.9,1
05.08.2021 00:52:26.010,19.97801,19.97081,1.4,1.3
05.08.2021 00:52:26.312,19.97801,19.97023,1.9,1.55
05.08.2021 00:52:27.659,19.97814,19.97023,1.9,1.55
05.08.2021 00:52:28.261,19.97814,19.97023,1.9,1.55
05.08.2021 00:52:28.311,19.97814,19.97063,1.9,1
05.08.2021 00:52:28.412,19.97814,19.97081,1.9,1.3
05.08.2021 00:52:29.126,19.97839,19.97081,1.71,1.55
05.08.2021 00:52:29.393,19.97839,19.97081,1.71,1.55
05.08.2021 00:52:30.025,19.97829,19.97106,1.4,1
05.08.2021 00:52:30.192,19.97829,19.97118,1.4,1
05.08.2021 00:52:31.476,19.97837,19.97041,1.9,1.8
05.08.2021 00:52:31.576,19.97819,19.97041,2.15,1.8
05.08.2021 00:52:32.085,19.97809,19.97061,1.52,1.3
05.08.2021 00:52:36.566,19.97809,19.97078,1.52,1
05.08.2021 00:52:44.002,19.97809,19.97096,1.52,1
05.08.2021 00:52:44.103,19.97809,19.97108,1.52,1
05.08.2021 00:52:49.950,19.97809,19.97126,1.52,1
05.08.2021 00:52:50.051,19.97824,19.97138,1.9,1
05.08.2021 00:52:56.149,19.97809,19.97118,1.52,1
05.08.2021 00:52:58.509,19.97809,19.97118,1.52,1
05.08.2021 00:53:02.991,19.97809,19.97146,1.52,1
05.08.2021 00:53:03.097,19.97809,19.97158,1.52,1
05.08.2021 00:53:04.066,19.97824,19.97158,1.9,1
05.08.2021 00:53:04.129,19.97824,19.97158,1.9,1
05.08.2021 00:53:04.432,19.97824,19.97166,1.9,1
05.08.2021 00:53:04.534,19.97824,19.97178,1.4,1
05.08.2021 00:53:04.584,19.97824,19.97178,1.4,1
05.08.2021 00:53:20.819,19.97824,19.97178,1.4,1
05.08.2021 00:53:24.327,19.97824,19.97178,1.4,1
05.08.2021 00:53:24.378,19.978970000000004,19.974610000000002,1.8,1
05.08.2021 00:53:24.429,19.978970000000004,19.97328,1.8,1.5
05.08.2021 00:53:24.530,19.98139,19.97213,2.2,1.3
05.08.2021 00:53:24.641,19.98112,19.97268,1.15,1.55
05.08.2021 00:53:25.247,19.98112,19.97378,1.15,1
05.08.2021 00:53:26.206,19.98112,19.97416,1.15,1
05.08.2021 00:53:26.311,19.98112,19.97428,1.4,1
05.08.2021 00:53:26.412,19.98112,19.97428,1.4,1
05.08.2021 00:53:27.106,19.98133,19.97446,1.15,1
05.08.2021 00:53:27.265,19.98133,19.97458,1.15,1
05.08.2021 00:53:29.529,19.98149,19.97468,1.77,1
05.08.2021 00:53:30.323,19.98149,19.97488,1.4,1
05.08.2021 00:53:32.176,19.98159,19.975060000000003,1.65,1
05.08.2021 00:53:32.281,19.98159,19.975179999999998,1.65,1.25
05.08.2021 00:53:34.814,19.98159,19.97498,1.4,1
05.08.2021 00:53:40.651,19.98159,19.97488,1.4,1
05.08.2021 00:53:40.886,19.98159,19.97488,1.4,1
05.08.2021 00:53:41.928,19.9818,19.97498,1.4,1
05.08.2021 00:53:43.327,19.98214,19.97528,1.65,1
05.08.2021 00:53:44.231,19.98214,19.97528,1.9,1
05.08.2021 00:53:46.316,19.98214,19.97548,1.9,1
05.08.2021 00:53:49.564,19.98214,19.975179999999998,1.4,1
05.08.2021 00:53:51.779,19.98214,19.97478,1.9,1
05.08.2021 00:53:52.345,19.98214,19.97478,1.4,1
05.08.2021 00:53:52.569,19.98214,19.974960000000003,1.4,1
05.08.2021 00:53:52.721,19.98214,19.97508,1.4,1
05.08.2021 00:53:53.291,19.98214,19.97508,1.4,1
05.08.2021 00:53:55.292,19.98214,19.97508,1.4,1
05.08.2021 00:53:55.744,19.98214,19.97508,1.4,1.3
05.08.2021 00:53:57.309,19.98214,19.97508,1.4,1.3
05.08.2021 00:53:59.293,19.98214,19.97508,1.4,1.3
05.08.2021 00:53:59.394,19.98214,19.97508,1.4,1.3
05.08.2021 00:54:00.079,19.98214,19.97566,1.4,1
05.08.2021 00:54:00.191,19.98234,19.97578,1.4,1
05.08.2021 00:54:01.868,19.98234,19.97578,1.4,1
05.08.2021 00:54:01.968,19.98234,19.97508,1.4,1.3
05.08.2021 00:54:02.246,19.98234,19.97488,1.4,1.3
05.08.2021 00:54:03.245,19.98234,19.97488,1.4,1.3
05.08.2021 00:54:03.353,19.98234,19.97488,1.4,1.3
05.08.2021 00:54:03.494,19.98234,19.97478,1.4,1.3
05.08.2021 00:54:03.598,19.98234,19.97478,1.4,1.3
05.08.2021 00:54:04.016,19.98234,19.97478,1.4,1
05.08.2021 00:54:04.118,19.98232,19.97481,1.4,1
05.08.2021 00:54:04.219,19.98234,19.97481,1.65,1.55
05.08.2021 00:54:04.278,19.98234,19.97481,1.65,1.55
05.08.2021 00:54:04.785,19.98234,19.97481,1.65,1.55
05.08.2021 00:54:04.904,19.98234,19.975060000000003,1.65,1
05.08.2021 00:54:05.072,19.98234,19.975179999999998,1.65,1.55
05.08.2021 00:54:08.183,19.982120000000002,19.97478,1.4,1.3
05.08.2021 00:54:12.709,19.981820000000003,19.97468,1.4,1.3
05.08.2021 00:54:14.827,19.981820000000003,19.97468,1.4,1.3
05.08.2021 00:54:16.299,19.98244,19.97488,1.4,1.25
05.08.2021 00:54:16.400,19.98244,19.97528,1.4,1.3
05.08.2021 00:54:16.451,19.98244,19.97528,1.4,1.3
05.08.2021 00:54:16.653,19.98244,19.97568,1.4,1
05.08.2021 00:54:17.208,19.98244,19.97618,1.4,1
05.08.2021 00:54:25.092,19.98244,19.97538,1.4,1
05.08.2021 00:54:27.956,19.98244,19.975179999999998,1.4,1.3
05.08.2021 00:54:33.328,19.98313,19.975710000000003,1.05,1.25
05.08.2021 00:54:33.429,19.983710000000002,19.975810000000003,1.3,1.5
05.08.2021 00:54:33.480,19.98405,19.975810000000003,1.05,1.8
05.08.2021 00:54:33.655,19.98405,19.975810000000003,1.05,1.8
05.08.2021 00:54:33.806,19.984460000000002,19.975810000000003,1.15,1.8
05.08.2021 00:54:34.047,19.984460000000002,19.97638,1.15,1.8
05.08.2021 00:54:34.428,19.984460000000002,19.97638,1.15,1.55
05.08.2021 00:54:34.528,19.984460000000002,19.976679999999998,1.15,1.25
05.08.2021 00:54:39.516,19.98495,19.976679999999998,1.15,1.25
05.08.2021 00:54:40.240,19.98239,19.97551,1.1,1.3
05.08.2021 00:54:40.341,19.98239,19.97463,1.4,1.3
05.08.2021 00:54:40.493,19.98239,19.97463,1.4,1.3
05.08.2021 00:54:40.593,19.98239,19.97463,1.4,1.3
05.08.2021 00:54:41.568,19.98239,19.974610000000002,1.4,1.3
05.08.2021 00:54:41.669,19.98239,19.974610000000002,1.4,1.3
05.08.2021 00:54:42.717,19.98239,19.974610000000002,1.4,1.3
05.08.2021 00:54:42.910,19.98239,19.974610000000002,1.4,1.3
05.08.2021 00:54:43.290,19.98239,19.974610000000002,1.4,1.55
05.08.2021 00:54:44.251,19.98239,19.974610000000002,1.4,1.55
05.08.2021 00:54:44.352,19.98244,19.97481,1.4,1.8
05.08.2021 00:54:44.452,19.98244,19.97481,1.4,1.8
05.08.2021 00:54:44.553,19.98244,19.97481,1.4,1.8
05.08.2021 00:54:45.085,19.98274,19.97521,1.4,1.05
05.08.2021 00:54:45.138,19.98274,19.97521,1.4,1.05
05.08.2021 00:54:45.546,19.98279,19.97521,1.4,1.05
05.08.2021 00:54:45.647,19.98319,19.97551,1.65,1.25
05.08.2021 00:54:45.748,19.98319,19.97551,1.55,1.55
05.08.2021 00:54:45.949,19.98319,19.97551,1.55,1.55
05.08.2021 00:54:46.403,19.98319,19.97606,1.55,1
05.08.2021 00:54:46.504,19.98279,19.97541,1.3,1.3
05.08.2021 00:54:46.554,19.98279,19.97541,1.3,1.3
05.08.2021 00:54:47.000,19.98279,19.97538,1.3,1.3
05.08.2021 00:54:47.785,19.98279,19.97521,1.4,1.05
05.08.2021 00:54:48.280,19.98279,19.97521,1.4,1.05
05.08.2021 00:54:49.285,19.98279,19.97521,1.4,1.05
05.08.2021 00:54:49.433,19.98279,19.97521,1.3,1.05
05.08.2021 00:54:49.483,19.98279,19.97521,1.55,1.05
05.08.2021 00:54:49.584,19.98279,19.97521,1.55,1.05
05.08.2021 00:54:49.737,19.98279,19.97521,1.31,1.05
05.08.2021 00:54:50.061,19.98279,19.97521,1.65,1.05
05.08.2021 00:54:50.618,19.98279,19.97521,1.65,1.05
05.08.2021 00:54:51.839,19.98319,19.97528,1.65,1.55
05.08.2021 00:54:52.040,19.98382,19.97551,1.9,1.8
05.08.2021 00:54:52.273,19.98382,19.97566,1.9,1
05.08.2021 00:54:52.374,19.98372,19.97578,1.9,1.25
05.08.2021 00:54:52.581,19.98274,19.97548,1,1.3
05.08.2021 00:54:52.683,19.98274,19.97531,1.9,1.55
05.08.2021 00:54:52.834,19.98274,19.97531,1.9,1.55
05.08.2021 00:54:52.986,19.98274,19.97531,1.9,1.55
05.08.2021 00:54:54.036,19.98222,19.97531,1.4,1.3
05.08.2021 00:54:59.764,19.98205,19.97498,1.4,1.3
05.08.2021 00:54:59.815,19.981920000000002,19.97481,1.4,1
05.08.2021 00:55:00.548,19.981820000000003,19.97481,1.4,1
05.08.2021 00:55:00.922,19.981420000000004,19.97481,1,1.3
05.08.2021 00:55:00.973,19.981320000000004,19.97481,1,1.3
05.08.2021 00:55:01.567,19.981320000000004,19.97481,1,1
05.08.2021 00:55:03.149,19.98105,19.97481,1,1
05.08.2021 00:55:03.315,19.98092,19.97481,1,1
05.08.2021 00:55:06.471,19.98075,19.97481,1,1
05.08.2021 00:55:06.637,19.980620000000002,19.97463,1,1.25
05.08.2021 00:55:10.684,19.98082,19.97463,1,1.55
05.08.2021 00:55:10.830,19.98082,19.97463,1.25,1.8
05.08.2021 00:55:17.286,19.97899,19.974610000000002,1.25,1.05
05.08.2021 00:55:17.336,19.98092,19.974610000000002,1.75,1.05
05.08.2021 00:55:17.387,19.97909,19.97359,1.3,1.25
05.08.2021 00:55:17.488,19.97969,19.97273,2.1,1.25
05.08.2021 00:55:17.539,19.97969,19.972179999999998,1.85,1.55
05.08.2021 00:55:18.157,19.97969,19.97198,1.65,1.55
05.08.2021 00:55:18.450,19.97942,19.97191,1.65,1.05
05.08.2021 00:55:18.936,19.97909,19.97168,1.65,1.8
05.08.2021 00:55:19.037,19.97909,19.97146,1.65,1.55
05.08.2021 00:55:19.596,19.978720000000003,19.97146,1.3,1.55
05.08.2021 00:55:31.149,19.978420000000003,19.97146,1.55,1.55
05.08.2021 00:55:38.195,19.978420000000003,19.971510000000002,1,1.3
05.08.2021 00:55:39.364,19.979020000000002,19.971860000000003,1.4,1.25
05.08.2021 00:55:40.061,19.97912,19.971860000000003,1.65,1.8
05.08.2021 00:55:42.378,19.97929,19.97181,1.9,1.55
05.08.2021 00:55:42.429,19.97952,19.97181,1.65,1.8
05.08.2021 00:55:42.547,19.97952,19.97181,1.65,1.8
05.08.2021 00:55:43.360,19.97932,19.97198,1.4,1
05.08.2021 00:55:45.022,19.97962,19.97238,1.65,1
05.08.2021 00:55:46.333,19.97962,19.97238,1.65,1.3
05.08.2021 00:55:47.324,19.97909,19.97208,1,1.55
05.08.2021 00:55:47.376,19.97929,19.97208,1.6,1.55
05.08.2021 00:55:47.427,19.97929,19.97208,1.6,1.55
05.08.2021 00:55:47.536,19.97929,19.97208,1.9,1.25
05.08.2021 00:55:52.023,19.97962,19.97248,1.4,1
05.08.2021 00:55:52.175,19.97962,19.97248,1.4,1
05.08.2021 00:55:52.326,19.97909,19.97248,1.4,1.25
05.08.2021 00:55:54.488,19.97909,19.97208,1.1,1.25
05.08.2021 00:55:55.370,19.97909,19.97198,1.1,1.25
05.08.2021 00:55:58.105,19.97909,19.97198,1.4,1.25
05.08.2021 00:55:58.155,19.97969,19.97198,1.9,1.5
05.08.2021 00:55:58.206,19.97962,19.97198,1.4,1.25
05.08.2021 00:55:58.437,19.97962,19.972260000000002,1.4,1
05.08.2021 00:55:58.539,19.97969,19.97238,1.65,1
05.08.2021 00:55:58.827,19.97969,19.97238,1.65,1
05.08.2021 00:55:58.983,19.98003,19.97268,1.15,1
05.08.2021 00:55:59.084,19.98066,19.97463,1.3,1
05.08.2021 00:55:59.186,19.98066,19.97481,1,1
05.08.2021 00:55:59.292,19.98199,19.97481,1.9,1
05.08.2021 00:55:59.973,19.98199,19.97481,1.4,1
05.08.2021 00:56:00.058,19.98199,19.97481,1.4,1
05.08.2021 00:56:00.331,19.98204,19.97481,1.4,1
05.08.2021 00:56:01.060,19.98204,19.97481,1.4,1
05.08.2021 00:56:01.466,19.98204,19.974860000000003,1.4,1
05.08.2021 00:56:01.567,19.98204,19.97498,1.4,1.3
05.08.2021 00:56:02.103,19.98204,19.97498,1.1,1.3
05.08.2021 00:56:02.600,19.98204,19.97498,1.1,1.3
05.08.2021 00:56:04.051,19.98204,19.97508,1.1,1.3
05.08.2021 00:56:05.341,19.98204,19.97508,1.1,1
05.08.2021 00:56:08.002,19.98164,19.974610000000002,1.1,1.3
05.08.2021 00:56:08.103,19.98164,19.974610000000002,1.4,1
05.08.2021 00:56:09.029,19.98164,19.97468,1.4,1
05.08.2021 00:56:10.150,19.98194,19.97468,1.65,1
05.08.2021 00:56:11.089,19.98194,19.97468,1.65,1
05.08.2021 00:56:11.900,19.98189,19.97401,1.65,1.3
05.08.2021 00:56:12.001,19.981840000000002,19.974610000000002,1.65,1
05.08.2021 00:56:12.604,19.981840000000002,19.974610000000002,1.4,1
05.08.2021 00:56:12.654,19.981840000000002,19.97468,1.4,1
05.08.2021 00:56:14.335,19.981840000000002,19.974860000000003,1.4,1
05.08.2021 00:56:14.670,19.981840000000002,19.97498,1.4,1
05.08.2021 00:56:16.040,19.981840000000002,19.97418,1.65,1.3
05.08.2021 00:56:16.141,19.98179,19.97418,1.9,1.55
05.08.2021 00:56:16.361,19.981840000000002,19.974610000000002,1.65,1
05.08.2021 00:56:16.462,19.981840000000002,19.974610000000002,1.4,1
05.08.2021 00:56:17.360,19.981840000000002,19.97458,1.4,1
05.08.2021 00:56:18.526,19.981840000000002,19.97476,1.4,1
05.08.2021 00:56:18.630,19.981840000000002,19.97488,1.4,1
05.08.2021 00:56:19.781,19.981840000000002,19.97488,1.4,1
05.08.2021 00:56:19.831,19.981840000000002,19.97428,1.65,1.3
05.08.2021 00:56:19.881,19.98164,19.97428,1.65,1.3
05.08.2021 00:56:20.900,19.98164,19.97428,1.65,1.3
05.08.2021 00:56:22.082,19.98194,19.974610000000002,1.65,1.3
05.08.2021 00:56:22.207,19.98194,19.974610000000002,1.65,1
05.08.2021 00:56:22.723,19.98194,19.97468,1.65,1
05.08.2021 00:56:23.815,19.98164,19.97428,1.65,1.3
05.08.2021 00:56:23.916,19.98164,19.97428,1.65,1.3
05.08.2021 00:56:24.118,19.98164,19.97408,1.65,1.3
05.08.2021 00:56:25.076,19.981320000000004,19.97408,1.4,1.3
05.08.2021 00:56:26.843,19.98164,19.974610000000002,1.4,1
05.08.2021 00:56:28.305,19.98164,19.97468,1.4,1
05.08.2021 00:56:33.919,19.98164,19.97468,1.4,1
05.08.2021 00:56:34.025,19.98164,19.97478,1.4,1
05.08.2021 00:56:34.076,19.98164,19.97478,1.4,1
05.08.2021 00:56:34.920,19.98164,19.974960000000003,1.4,1
05.08.2021 00:56:35.021,19.98164,19.97508,1.4,1
05.08.2021 00:56:36.993,19.98164,19.97508,1.4,1
05.08.2021 00:56:47.391,19.98164,19.97478,1.4,1
05.08.2021 00:56:47.456,19.98164,19.97478,1.4,1
05.08.2021 00:56:47.750,19.98164,19.97478,1.4,1
05.08.2021 00:56:49.153,19.98164,19.97478,1.4,1
05.08.2021 00:56:49.678,19.98164,19.97458,1.4,1
05.08.2021 00:56:54.001,19.98164,19.97418,1.4,1.3
05.08.2021 00:56:54.138,19.98164,19.97418,1.4,1.3
05.08.2021 00:56:54.244,19.98164,19.97418,1.4,1
05.08.2021 00:56:54.468,19.981420000000004,19.97408,1.1,1
05.08.2021 00:56:54.518,19.981420000000004,19.97408,1.4,1.3
05.08.2021 00:56:55.083,19.981420000000004,19.97408,1.4,1.3
05.08.2021 00:56:55.885,19.981270000000002,19.97408,1,1.3
05.08.2021 00:57:08.551,19.981360000000002,19.974610000000002,1,1
05.08.2021 00:57:09.981,19.98149,19.97418,1,1.3
05.08.2021 00:57:10.082,19.98149,19.97418,1,1.3
05.08.2021 00:57:10.985,19.981420000000004,19.97418,1.4,1.3
05.08.2021 00:57:19.225,19.981320000000004,19.97398,1.4,1.55
05.08.2021 00:57:21.732,19.98112,19.97338,1.4,1.55
05.08.2021 00:57:21.832,19.98112,19.97338,1.4,1.3
05.08.2021 00:57:21.883,19.98112,19.97338,1.4,1.3
05.08.2021 00:57:22.198,19.98079,19.97338,1,1
05.08.2021 00:57:22.522,19.97889,19.97198,1,1.3
05.08.2021 00:57:22.572,19.97889,19.97198,1.4,1
05.08.2021 00:57:22.673,19.97889,19.97198,1.4,1
05.08.2021 00:57:23.265,19.97889,19.97188,1.4,1
05.08.2021 00:57:23.366,19.97889,19.971610000000002,1.4,1.55
05.08.2021 00:57:23.416,19.979070000000004,19.97181,1.4,1.25
05.08.2021 00:57:24.371,19.978820000000002,19.97181,1.4,1.55
05.08.2021 00:57:25.000,19.97889,19.97138,1.9,1.8
05.08.2021 00:57:25.110,19.97889,19.97138,1.9,1.8
05.08.2021 00:57:25.496,19.97889,19.97198,1.4,1
05.08.2021 00:57:25.547,19.97895,19.97211,1,1.25
05.08.2021 00:57:25.597,19.97895,19.972179999999998,1,1.5
05.08.2021 00:57:25.889,19.97945,19.97258,1,1.25
05.08.2021 00:57:26.403,19.97969,19.97286,1.4,1
05.08.2021 00:57:26.504,19.97909,19.97298,1.3,1.25
05.08.2021 00:57:26.706,19.97909,19.97298,1,1.25
05.08.2021 00:57:26.860,19.979370000000003,19.97298,1,1
05.08.2021 00:57:27.445,19.97909,19.97298,1.1,1.25
05.08.2021 00:57:27.546,19.97909,19.97298,1.1,1.25
05.08.2021 00:57:29.373,19.97942,19.97278,1,1
05.08.2021 00:57:29.424,19.97942,19.97278,1,1
05.08.2021 00:57:30.030,19.97944,19.97278,1,1
05.08.2021 00:57:30.081,19.97939,19.97228,1,1
05.08.2021 00:57:30.131,19.97909,19.97228,1.1,1.25
05.08.2021 00:57:30.551,19.97909,19.972179999999998,1.1,1.25
05.08.2021 00:57:31.216,19.97919,19.972179999999998,1,1
05.08.2021 00:57:31.317,19.97919,19.972179999999998,1,1
05.08.2021 00:57:31.680,19.97932,19.972179999999998,1,1.25
05.08.2021 00:57:31.781,19.97932,19.972179999999998,1,1.25
05.08.2021 00:57:32.211,19.97928,19.97248,1,1
05.08.2021 00:57:33.264,19.97924,19.97248,1,1
05.08.2021 00:57:34.205,19.98009,19.97308,1.65,1.25
05.08.2021 00:57:34.306,19.9801,19.97308,1,1.25
05.08.2021 00:57:34.489,19.97989,19.97308,1,1.5
05.08.2021 00:57:34.590,19.979870000000002,19.97308,1,1.25
05.08.2021 00:57:35.081,19.97983,19.97308,1,1.25
05.08.2021 00:57:35.550,19.979870000000002,19.97348,1,1
05.08.2021 00:57:36.199,19.9799,19.97348,1,1
05.08.2021 00:57:48.469,19.97997,19.97378,1,1.25
05.08.2021 00:57:52.115,19.97997,19.973660000000002,1,1
05.08.2021 00:57:52.166,19.97997,19.97358,1,1.25
05.08.2021 00:58:00.315,19.97993,19.97338,1,1
05.08.2021 00:58:00.420,19.97993,19.97318,1,1
05.08.2021 00:58:15.436,19.979470000000003,19.97268,1.1,1.3
05.08.2021 00:58:15.537,19.979470000000003,19.97248,1.4,1
05.08.2021 00:58:16.307,19.97909,19.97248,1.1,1
05.08.2021 00:58:16.414,19.97909,19.97248,1.4,1
05.08.2021 00:58:19.051,19.97983,19.97258,1.15,1.25
05.08.2021 00:58:19.152,19.980320000000003,19.97258,1.15,1.25
05.08.2021 00:58:19.264,19.980220000000003,19.97258,1.4,1
05.08.2021 00:58:20.658,19.98014,19.97258,1.4,1
05.08.2021 00:58:20.709,19.97909,19.97258,1,1
05.08.2021 00:58:20.760,19.97909,19.97228,1.1,1
05.08.2021 00:58:20.860,19.979820000000004,19.97228,1.4,1
05.08.2021 00:58:21.707,19.97909,19.97228,1.4,1
05.08.2021 00:58:22.680,19.97909,19.972179999999998,1.4,1
05.08.2021 00:58:23.490,19.97922,19.972179999999998,1.4,1
05.08.2021 00:58:23.792,19.97972,19.97238,1.4,1
05.08.2021 00:58:23.893,19.97972,19.97238,1.4,1.3
05.08.2021 00:58:24.225,19.97972,19.97238,1.4,1
05.08.2021 00:58:24.402,19.97972,19.97238,1.4,1
05.08.2021 00:58:27.113,19.97972,19.97256,1.4,1
05.08.2021 00:58:27.373,19.979820000000004,19.97268,1.4,1
05.08.2021 00:58:30.809,19.980120000000003,19.97268,1.4,1
05.08.2021 00:58:32.319,19.980120000000003,19.97268,1.4,1
05.08.2021 00:58:37.327,19.980120000000003,19.97268,1.9,1
05.08.2021 00:58:43.035,19.980120000000003,19.97268,1.9,1
05.08.2021 00:58:43.086,19.98014,19.97298,1.9,1
05.08.2021 00:58:48.442,19.98014,19.97298,1.9,1
05.08.2021 00:58:49.467,19.98014,19.97298,1.9,1
05.08.2021 00:58:52.192,19.98014,19.97298,1.9,1
05.08.2021 00:59:01.855,19.98014,19.97298,1.9,1
05.08.2021 00:59:03.909,19.98014,19.97306,1.9,1
05.08.2021 00:59:04.017,19.98014,19.97318,1.9,1
05.08.2021 00:59:04.448,19.98014,19.97328,1.9,1
05.08.2021 00:59:04.846,19.98014,19.97166,1.9,1.67
05.08.2021 00:59:05.542,19.98014,19.97296,1.9,1
05.08.2021 00:59:05.667,19.98014,19.97308,1.9,1
05.08.2021 00:59:07.431,19.98014,19.97308,1.9,1
05.08.2021 00:59:08.029,19.98014,19.97308,1.9,1
05.08.2021 00:59:08.553,19.980710000000002,19.97361,1.9,1.25
05.08.2021 00:59:08.704,19.980710000000002,19.97361,1.4,1.25
05.08.2021 00:59:08.754,19.980710000000002,19.97361,1.4,1.25
05.08.2021 00:59:09.140,19.980710000000002,19.973679999999998,1.4,1.25
05.08.2021 00:59:09.334,19.98089,19.97401,1.65,1.25
05.08.2021 00:59:09.435,19.98092,19.97401,1.65,1.25
05.08.2021 00:59:09.486,19.98092,19.97401,1.65,1.25
05.08.2021 00:59:09.645,19.98104,19.97401,1.4,1
05.08.2021 00:59:14.206,19.98129,19.97401,1.9,1.25
05.08.2021 00:59:14.413,19.98129,19.97401,1.9,1.25
05.08.2021 00:59:14.514,19.98129,19.97401,1.9,1.25
05.08.2021 00:59:15.758,19.98129,19.97426,1.9,1
05.08.2021 00:59:15.902,19.98129,19.97438,1.9,1.25
05.08.2021 00:59:18.043,19.98129,19.97438,1.9,1
05.08.2021 00:59:19.308,19.98129,19.97438,1.9,1
05.08.2021 00:59:20.208,19.98129,19.97438,1.9,1
05.08.2021 00:59:20.309,19.98129,19.97438,1.9,1
05.08.2021 00:59:20.606,19.98129,19.97438,1.9,1
05.08.2021 00:59:27.311,19.981279999999998,19.97438,1.15,1.25
05.08.2021 00:59:29.480,19.98122,19.974610000000002,1.15,1
05.08.2021 00:59:29.581,19.98122,19.974610000000002,1.15,1
05.08.2021 00:59:30.477,19.98129,19.974610000000002,1.15,1.25
05.08.2021 00:59:32.185,19.981520000000003,19.974610000000002,2.15,1.25
05.08.2021 00:59:33.685,19.981520000000003,19.974610000000002,2.15,1.25
05.08.2021 00:59:33.984,19.981520000000003,19.974610000000002,2.15,1.25
05.08.2021 00:59:34.636,19.981520000000003,19.974610000000002,2.15,1.25
05.08.2021 00:59:35.568,19.981170000000002,19.974610000000002,1.2,1.25
05.08.2021 00:59:39.373,19.98151,19.97428,1.9,1
05.08.2021 00:59:39.424,19.98151,19.97428,1.9,1
05.08.2021 00:59:42.224,19.98151,19.97463,1.9,1
05.08.2021 00:59:42.274,19.981520000000003,19.97463,1.4,1
05.08.2021 00:59:42.375,19.981520000000003,19.97463,1.4,1
05.08.2021 00:59:50.051,19.981520000000003,19.97481,1.9,1
05.08.2021 00:59:50.102,19.981520000000003,19.97481,1.9,1
05.08.2021 00:59:50.153,19.981520000000003,19.97481,1.9,1
05.08.2021 00:59:50.204,19.981520000000003,19.97481,2.15,1.25
05.08.2021 00:59:50.305,19.981520000000003,19.97502,1.65,1
05.08.2021 00:59:50.355,19.981520000000003,19.97481,1.65,1.5
05.08.2021 00:59:50.456,19.981520000000003,19.97481,1.9,1
05.08.2021 00:59:50.836,19.981520000000003,19.97481,1.9,1.3
05.08.2021 00:59:51.415,19.981520000000003,19.97481,1.9,1.3
05.08.2021 00:59:53.096,19.981520000000003,19.97481,1.9,1.3
05.08.2021 00:59:53.443,19.981520000000003,19.97481,1.9,1
05.08.2021 00:59:53.640,19.981520000000003,19.97481,1.9,1.3
05.08.2021 00:59:55.096,19.981520000000003,19.97481,1.9,1.3
05.08.2021 00:59:56.134,19.981520000000003,19.97481,1.9,1
05.08.2021 00:59:57.097,19.981520000000003,19.97481,1.9,1
05.08.2021 01:00:00.024,19.981260000000002,19.97481,1.2,1
05.08.2021 01:00:00.365,19.981260000000002,19.974610000000002,1.2,1.25
05.08.2021 01:00:00.517,19.981090000000002,19.974410000000002,1,1.5
05.08.2021 01:00:00.726,19.981090000000002,19.974410000000002,1,1.5
05.08.2021 01:00:00.927,19.981260000000002,19.974410000000002,1.2,1.8
05.08.2021 01:00:04.964,19.981260000000002,19.97401,1.2,1.55
05.08.2021 01:00:05.065,19.98069,19.97401,1.5,1.25
05.08.2021 01:00:05.166,19.98069,19.97401,1.5,1.25
05.08.2021 01:00:05.359,19.98069,19.97401,1.5,1.25
05.08.2021 01:00:05.544,19.98069,19.97401,1.5,1.25
05.08.2021 01:00:06.381,19.98049,19.97401,1,1.8
05.08.2021 01:00:07.027,19.98049,19.97401,1,1.8
05.08.2021 01:00:09.221,19.98039,19.97401,1,1.55
05.08.2021 01:00:10.019,19.98039,19.97401,1,1.55
05.08.2021 01:00:11.250,19.98082,19.97319,1.9,1.55
05.08.2021 01:00:11.351,19.98069,19.97268,1.4,1.55
05.08.2021 01:00:11.451,19.98072,19.97268,1.9,1.55
05.08.2021 01:00:11.552,19.980320000000003,19.97248,1.4,1.55
05.08.2021 01:00:11.653,19.980320000000003,19.97248,1.4,1.25
05.08.2021 01:00:11.790,19.980320000000003,19.97248,1.4,1.25
05.08.2021 01:00:11.941,19.979920000000003,19.97248,1.4,1.25
05.08.2021 01:00:14.059,19.97952,19.97248,1.4,1.55
05.08.2021 01:00:14.617,19.980220000000003,19.97278,1.9,1
05.08.2021 01:00:18.346,19.980020000000003,19.97288,1.4,1
05.08.2021 01:00:19.780,19.980020000000003,19.97258,1.9,1.25
05.08.2021 01:00:20.218,19.97962,19.97258,1.4,1.55
05.08.2021 01:00:20.749,19.97962,19.97258,1.1,1.25
05.08.2021 01:00:21.647,19.97932,19.97248,1,1.25
05.08.2021 01:00:22.740,19.98036,19.97278,1.4,1
05.08.2021 01:00:23.285,19.98036,19.97296,1.4,1
05.08.2021 01:00:23.386,19.98036,19.97308,1.4,1
05.08.2021 01:00:23.436,19.98036,19.97308,1.4,1
05.08.2021 01:00:33.950,19.980120000000003,19.97288,1.9,1
05.08.2021 01:00:35.701,19.980120000000003,19.97288,1.9,1
05.08.2021 01:00:36.842,19.979820000000004,19.97278,1.4,1
05.08.2021 01:00:37.271,19.979820000000004,19.97278,1.4,1
05.08.2021 01:00:38.291,19.979820000000004,19.97266,1.4,1.25
05.08.2021 01:00:39.335,19.97952,19.97258,1.4,1.55
05.08.2021 01:01:00.153,19.97932,19.97238,1,1.25
05.08.2021 01:01:00.944,19.97932,19.97238,1.3,1.55
05.08.2021 01:01:02.447,19.97932,19.97238,1.4,1.55
05.08.2021 01:01:02.818,19.97932,19.97238,1.4,1.55
05.08.2021 01:01:04.245,19.97932,19.97238,1.3,1.55
05.08.2021 01:01:06.490,19.97972,19.97258,1.4,1.25
05.08.2021 01:01:07.889,19.97972,19.974410000000002,1.4,1
05.08.2021 01:01:07.990,19.98086,19.97481,1.4,1.5
05.08.2021 01:01:08.040,19.98159,19.97481,1.65,1.5
05.08.2021 01:01:08.242,19.981620000000003,19.97481,1.4,1.5
05.08.2021 01:01:09.588,19.981620000000003,19.97481,1.4,1.5
05.08.2021 01:01:10.585,19.981620000000003,19.97481,1.4,1.5
05.08.2021 01:01:12.971,19.981520000000003,19.974310000000003,2.15,1.5
05.08.2021 01:01:13.072,19.981520000000003,19.974310000000003,2.15,1.5
05.08.2021 01:01:13.273,19.981520000000003,19.97401,1.9,1.25
05.08.2021 01:01:13.374,19.981520000000003,19.97401,1.9,1.55
05.08.2021 01:01:14.179,19.981520000000003,19.97401,1.9,1.25
05.08.2021 01:01:16.470,19.981320000000004,19.97408,1.15,1.5
05.08.2021 01:01:18.156,19.981320000000004,19.97408,1.15,1.5
05.08.2021 01:01:21.804,19.981320000000004,19.97408,1.15,1.5
05.08.2021 01:01:22.943,19.981320000000004,19.974470000000004,1.15,1.25
05.08.2021 01:01:23.044,19.98154,19.97481,1.65,1.25
05.08.2021 01:01:23.095,19.981320000000004,19.97481,1.15,1.25
05.08.2021 01:01:23.196,19.981320000000004,19.97481,1.15,1.25
05.08.2021 01:01:23.347,19.981320000000004,19.97481,1.15,1.25
05.08.2021 01:01:23.669,19.981320000000004,19.97428,1.15,2
05.08.2021 01:01:23.772,19.981320000000004,19.97401,1.15,1.5
05.08.2021 01:01:23.823,19.981320000000004,19.97401,1.15,1.5
05.08.2021 01:01:24.620,19.981320000000004,19.97408,1.15,1.5
05.08.2021 01:01:26.805,19.981320000000004,19.97408,1.15,1.5
05.08.2021 01:01:43.756,19.981320000000004,19.97426,1.15,1
05.08.2021 01:01:43.806,19.981320000000004,19.97438,1.15,1.25
05.08.2021 01:01:44.096,19.981320000000004,19.97418,1.15,1.5
05.08.2021 01:01:47.847,19.981320000000004,19.97426,1.15,1
05.08.2021 01:01:47.898,19.981320000000004,19.97438,1.15,1.25
05.08.2021 01:01:55.560,19.981320000000004,19.97438,1.15,1.25
05.08.2021 01:02:00.507,19.981320000000004,19.97438,1.15,1.25
05.08.2021 01:02:01.607,19.981520000000003,19.97438,1.9,1
05.08.2021 01:02:01.899,19.98139,19.97418,1.9,1
05.08.2021 01:02:01.950,19.98161,19.97481,1.4,1.5
05.08.2021 01:02:02.101,19.98159,19.97481,1.65,1.8
05.08.2021 01:02:02.202,19.981620000000003,19.97448,1.4,1.25
05.08.2021 01:02:02.252,19.98139,19.974410000000002,1.85,1.5
05.08.2021 01:02:02.303,19.98139,19.974410000000002,1.85,1.5
05.08.2021 01:02:03.905,19.98144,19.97418,1.9,1.55
05.08.2021 01:02:05.882,19.98144,19.97418,1.9,1.55
05.08.2021 01:02:05.933,19.98144,19.974410000000002,1.4,1.5
05.08.2021 01:02:05.984,19.98144,19.974410000000002,1.4,1.5
05.08.2021 01:02:06.217,19.98144,19.974410000000002,1.9,1.5
05.08.2021 01:02:06.318,19.98144,19.974410000000002,1.9,1.5
05.08.2021 01:02:07.136,19.98129,19.97418,1.1,1.55
05.08.2021 01:02:09.106,19.98144,19.97418,1.9,1.8
05.08.2021 01:02:10.925,19.98144,19.974410000000002,1.4,1.5
05.08.2021 01:02:11.026,19.98144,19.974410000000002,1.4,1.5
05.08.2021 01:02:11.191,19.98144,19.97418,1.9,1.5
05.08.2021 01:02:11.342,19.981270000000002,19.97401,1.15,1.8
05.08.2021 01:02:11.392,19.980990000000002,19.97401,1.35,1.8
05.08.2021 01:02:11.493,19.980990000000002,19.97401,1.65,1.5
05.08.2021 01:02:11.594,19.980990000000002,19.97401,1.35,1.25
05.08.2021 01:02:12.260,19.98092,19.97401,1.4,1
05.08.2021 01:02:13.220,19.98092,19.97401,1.4,1.3
05.08.2021 01:02:14.152,19.9811,19.97401,1.4,1.3
05.08.2021 01:02:14.253,19.98144,19.97401,1.4,1.55
05.08.2021 01:02:15.563,19.98144,19.97401,1.9,1.25
05.08.2021 01:02:16.344,19.981620000000003,19.97438,3.9,1.25
05.08.2021 01:02:16.394,19.97909,19.97308,1.6,1.05
05.08.2021 01:02:16.445,19.97909,19.97182,1.4,1.05
05.08.2021 01:02:16.547,19.97909,19.97166,1.3,1.55
05.08.2021 01:02:16.698,19.97929,19.97166,1.4,1.55
05.08.2021 01:02:16.749,19.97929,19.97166,1.4,1.55
05.08.2021 01:02:16.850,19.97929,19.97166,1.4,1.55
05.08.2021 01:02:16.950,19.97929,19.97166,1.05,1.55
05.08.2021 01:02:17.184,19.97929,19.97198,1.05,1
05.08.2021 01:02:17.325,19.979490000000002,19.97198,1.4,1
05.08.2021 01:02:17.674,19.979490000000002,19.97198,1.4,1
05.08.2021 01:02:18.416,19.97959,19.972060000000003,1.3,1
05.08.2021 01:02:21.160,19.97969,19.972060000000003,1.4,1
05.08.2021 01:02:22.481,19.97969,19.97238,1.4,1
05.08.2021 01:02:23.014,19.97969,19.97238,1.4,1
05.08.2021 01:02:23.267,19.97969,19.97238,1.4,1
05.08.2021 01:02:24.659,19.97969,19.972060000000003,1.4,1
05.08.2021 01:02:27.237,19.97969,19.972060000000003,1.4,1
05.08.2021 01:02:28.314,19.97969,19.97199,1.4,1
05.08.2021 01:02:28.365,19.97969,19.971860000000003,1.4,1.3
05.08.2021 01:02:28.415,19.97909,19.97146,1,1.3
05.08.2021 01:02:28.517,19.976070000000004,19.97059,1.25,1.05
05.08.2021 01:02:28.567,19.977310000000003,19.97034,1.1,1.05
05.08.2021 01:02:28.618,19.974890000000002,19.968760000000003,1,1.3
05.08.2021 01:02:28.719,19.974890000000002,19.96838,1.3,1
05.08.2021 01:02:29.083,19.976390000000002,19.96828,2.4,1
05.08.2021 01:02:29.134,19.9765,19.96828,1.4,1.25
05.08.2021 01:02:29.185,19.976490000000002,19.96828,1.9,1
05.08.2021 01:02:29.286,19.97629,19.96828,1.4,1
05.08.2021 01:02:29.336,19.97659,19.96868,1.9,1
05.08.2021 01:02:29.572,19.97669,19.96868,1.9,1
05.08.2021 01:02:29.673,19.97679,19.96898,1.9,1
05.08.2021 01:02:29.724,19.97679,19.96898,1.9,1
05.08.2021 01:02:29.951,19.97679,19.96898,1.9,1
05.08.2021 01:02:31.594,19.974890000000002,19.96898,1,1
05.08.2021 01:02:31.644,19.974890000000002,19.96768,1,1.8
05.08.2021 01:02:31.745,19.974890000000002,19.96768,1.1,1.3
05.08.2021 01:02:31.796,19.974890000000002,19.96768,1.4,1
05.08.2021 01:02:31.846,19.97529,19.96768,1.65,1.5
05.08.2021 01:02:31.997,19.97529,19.96788,1.4,1.25
05.08.2021 01:02:32.098,19.97559,19.96788,1.4,1.25
05.08.2021 01:02:32.249,19.97529,19.96788,1.65,1.25
05.08.2021 01:02:32.350,19.97519,19.96788,1.4,1
05.08.2021 01:02:33.345,19.97519,19.96798,1.4,1
05.08.2021 01:02:39.258,19.975070000000002,19.96798,1.4,1
05.08.2021 01:02:44.473,19.97509,19.96786,1.9,1
05.08.2021 01:02:47.957,19.97509,19.96798,1.9,1
05.08.2021 01:02:49.415,19.975070000000002,19.96798,1.4,1
05.08.2021 01:02:51.214,19.975070000000002,19.96798,1.4,1
05.08.2021 01:02:51.403,19.975070000000002,19.96798,1.4,1
05.08.2021 01:02:53.652,19.974890000000002,19.96798,1.65,1.25
05.08.2021 01:02:53.752,19.974890000000002,19.96728,1.65,2
05.08.2021 01:02:53.999,19.974890000000002,19.96728,1.65,2
05.08.2021 01:02:54.703,19.974890000000002,19.96728,1.65,2
05.08.2021 01:02:55.656,19.974890000000002,19.96738,1.65,1.25
05.08.2021 01:02:56.493,19.974890000000002,19.96738,1.65,1.25
05.08.2021 01:02:57.352,19.974890000000002,19.96738,1.65,1.25
05.08.2021 01:03:01.339,19.974890000000002,19.96738,1.65,1.25
05.08.2021 01:03:02.076,19.974890000000002,19.96748,1.4,1
05.08.2021 01:03:02.127,19.974990000000002,19.96748,1.4,1
05.08.2021 01:03:02.177,19.974990000000002,19.96738,1.4,1.25
05.08.2021 01:03:02.392,19.97529,19.96788,1.65,1.25
05.08.2021 01:03:02.748,19.97529,19.96818,1.4,1
05.08.2021 01:03:03.189,19.97529,19.96836,1.4,1
05.08.2021 01:03:03.290,19.97529,19.96848,1.4,1
05.08.2021 01:03:03.846,19.97519,19.96848,1.4,1
05.08.2021 01:03:04.082,19.97519,19.96848,1.4,1
05.08.2021 01:03:04.557,19.97529,19.96848,1.4,1
05.08.2021 01:03:04.952,19.97519,19.96848,1.4,1
05.08.2021 01:03:05.053,19.97519,19.96848,1.4,1
05.08.2021 01:03:05.888,19.975070000000002,19.96818,1.4,1
05.08.2021 01:03:05.939,19.975070000000002,19.96818,1.4,1
05.08.2021 01:03:08.320,19.975070000000002,19.96818,1.4,1
05.08.2021 01:03:11.656,19.975070000000002,19.96788,1.4,1.25
05.08.2021 01:03:20.889,19.97529,19.96778,1.4,1
05.08.2021 01:03:20.953,19.97519,19.96778,1.4,1
05.08.2021 01:03:21.053,19.97519,19.96778,1.4,1
05.08.2021 01:03:22.127,19.97529,19.96828,1.4,1
05.08.2021 01:03:22.178,19.97529,19.96828,1.4,1
05.08.2021 01:03:22.279,19.97529,19.96838,1.4,1
05.08.2021 01:03:23.285,19.97539,19.96838,1.4,1
05.08.2021 01:03:23.335,19.97529,19.96878,1.4,1
05.08.2021 01:03:25.979,19.97529,19.968960000000003,1.4,1
05.08.2021 01:03:26.156,19.97529,19.969079999999998,1.4,1
05.08.2021 01:03:31.956,19.97559,19.969079999999998,1.4,1
05.08.2021 01:03:32.006,19.976020000000002,19.97063,1.8,1.25
05.08.2021 01:03:32.107,19.976390000000002,19.97081,1,1.8
05.08.2021 01:03:32.158,19.97814,19.971410000000002,1.4,1
05.08.2021 01:03:32.259,19.97869,19.971410000000002,2.15,1.55
05.08.2021 01:03:32.310,19.97879,19.971210000000003,1.55,1.37
05.08.2021 01:03:32.584,19.97879,19.971210000000003,1.55,1.6
05.08.2021 01:03:32.836,19.97879,19.97168,1.55,1
05.08.2021 01:03:33.384,19.97879,19.97198,1.55,1
05.08.2021 01:03:33.485,19.97879,19.97198,1.65,1
05.08.2021 01:03:34.158,19.97889,19.97128,1.9,1.25
05.08.2021 01:03:34.259,19.97889,19.97128,1.9,1.25
05.08.2021 01:03:34.834,19.97889,19.97128,1.9,1.55
05.08.2021 01:03:35.790,19.978620000000003,19.97128,1.4,1.25
05.08.2021 01:03:36.815,19.978620000000003,19.97128,1.4,1.55
05.08.2021 01:03:44.592,19.978520000000003,19.971210000000003,1.4,1.05
05.08.2021 01:04:04.482,19.978720000000003,19.97148,1.3,1.25
05.08.2021 01:04:04.533,19.97899,19.97148,1.4,1.25
05.08.2021 01:04:04.583,19.97899,19.97148,1.3,1.25
05.08.2021 01:04:04.636,19.97899,19.97148,1.3,1.25
05.08.2021 01:04:05.009,19.97899,19.97228,1.3,1
05.08.2021 01:04:06.003,19.97899,19.97258,1.4,1
05.08.2021 01:04:06.234,19.979170000000003,19.97258,1.65,1
05.08.2021 01:04:07.926,19.979170000000003,19.97258,1.65,1
05.08.2021 01:04:10.234,19.97883,19.97258,1,1
05.08.2021 01:04:13.185,19.97883,19.97208,1,1
05.08.2021 01:04:13.286,19.97864,19.97138,1.7,1
05.08.2021 01:04:13.337,19.97864,19.97138,1.7,1
05.08.2021 01:04:13.536,19.97864,19.97138,1.7,1
05.08.2021 01:04:13.660,19.97864,19.97138,1.7,1.55
05.08.2021 01:04:13.778,19.97864,19.97138,1.7,1.55
05.08.2021 01:04:15.042,19.97809,19.97138,1,1.55
05.08.2021 01:04:16.579,19.97809,19.97138,1,1.55
05.08.2021 01:04:16.787,19.97809,19.97138,1,1.3
05.08.2021 01:04:17.083,19.97844,19.97138,1,1
05.08.2021 01:04:17.767,19.97809,19.97138,1,1.3
05.08.2021 01:04:18.968,19.97844,19.97138,1,1
05.08.2021 01:04:24.011,19.97809,19.97138,1,1.3
05.08.2021 01:04:28.115,19.97829,19.97126,1,1.55
05.08.2021 01:04:28.302,19.97829,19.97126,1,1.55
05.08.2021 01:04:28.579,19.97829,19.97126,1,1.55
05.08.2021 01:04:29.623,19.97829,19.97126,1,1.55
05.08.2021 01:04:36.786,19.978740000000002,19.97126,1,1.55
05.08.2021 01:04:37.108,19.978740000000002,19.97126,1,1.55
05.08.2021 01:04:43.033,19.97809,19.97126,1,1.55
05.08.2021 01:04:45.088,19.97809,19.97126,1,1.3
05.08.2021 01:04:45.287,19.97809,19.97126,1,1.3
05.08.2021 01:04:47.192,19.97809,19.97126,1,1.55
05.08.2021 01:04:47.342,19.97809,19.97126,1,1.55
05.08.2021 01:04:51.600,19.97854,19.97126,1,1.55
05.08.2021 01:05:01.286,19.97879,19.97221,1.45,1.25
05.08.2021 01:05:01.387,19.97889,19.97138,1.35,1.5
05.08.2021 01:05:01.488,19.97889,19.97138,1.35,1.5
05.08.2021 01:05:01.699,19.97899,19.97138,1.35,1.8
05.08.2021 01:05:02.368,19.97899,19.972160000000002,1,1
05.08.2021 01:05:02.589,19.97899,19.97228,1,1.25
05.08.2021 01:05:04.089,19.97909,19.97238,1.9,1
