Gmt time,Ask,Bid,AskVolume,BidVolume
16.08.2021 00:00:00.299,19.877370000000003,19.8707,1.4,1
16.08.2021 00:00:00.400,19.877370000000003,19.8707,1,1
16.08.2021 00:00:00.745,19.877370000000003,19.8707,1.3,1
16.08.2021 00:00:00.907,19.877370000000003,19.8707,1.3,1
16.08.2021 00:00:01.534,19.87732,19.8707,1.3,1
16.08.2021 00:00:01.636,19.87712,19.8707,1,1
16.08.2021 00:00:02.447,19.87712,19.8707,1.3,1
16.08.2021 00:00:02.801,19.874390000000002,19.86938,1,1
16.08.2021 00:00:02.851,19.874390000000002,19.86907,1.3,1
16.08.2021 00:00:02.902,19.874390000000002,19.86907,1.4,1
16.08.2021 00:00:03.003,19.874390000000002,19.86907,1.4,1
16.08.2021 00:00:03.344,19.874390000000002,19.86907,1.4,1
16.08.2021 00:00:04.342,19.87452,19.86833,1.4,1.87
16.08.2021 00:00:04.392,19.87404,19.86853,1,1
16.08.2021 00:00:05.496,19.87404,19.86853,1.4,1
16.08.2021 00:00:07.002,19.87377,19.86853,1,1
16.08.2021 00:00:07.153,19.87377,19.86853,1.1,1
16.08.2021 00:00:07.254,19.87377,19.86853,1.4,1
16.08.2021 00:00:07.304,19.87359,19.86853,1.3,1
16.08.2021 00:00:07.476,19.87359,19.86853,1.3,1
16.08.2021 00:00:07.819,19.87359,19.86835,1.3,1
16.08.2021 00:00:07.870,19.87359,19.86788,1.4,1
16.08.2021 00:00:09.652,19.87359,19.86788,1.4,1
16.08.2021 00:00:11.593,19.87359,19.86788,1.4,1
16.08.2021 00:00:12.310,19.87359,19.86788,1.4,1
16.08.2021 00:00:13.601,19.87359,19.86788,1.4,1
16.08.2021 00:00:14.840,19.87359,19.86788,1.4,1
16.08.2021 00:00:16.255,19.873160000000002,19.866979999999998,1.3,1
16.08.2021 00:00:16.357,19.873160000000002,19.866979999999998,1.3,1
16.08.2021 00:00:16.816,19.873160000000002,19.866979999999998,1,1
16.08.2021 00:00:17.790,19.873160000000002,19.866979999999998,1.3,1
16.08.2021 00:00:18.105,19.873160000000002,19.866979999999998,1.3,1
16.08.2021 00:00:19.361,19.873160000000002,19.866979999999998,1.3,1
16.08.2021 00:00:21.391,19.873160000000002,19.866979999999998,1.3,1
16.08.2021 00:00:22.481,19.873120000000004,19.866979999999998,1.3,1
16.08.2021 00:00:23.625,19.873120000000004,19.866979999999998,1.3,1
16.08.2021 00:00:24.961,19.873060000000002,19.866979999999998,1.8,1
16.08.2021 00:00:25.899,19.872960000000003,19.866310000000002,1.8,1.3
16.08.2021 00:00:26.197,19.872960000000003,19.866310000000002,1.8,1.3
16.08.2021 00:00:27.541,19.87281,19.866310000000002,1.8,1.3
16.08.2021 00:00:29.157,19.87271,19.866310000000002,1.8,1.3
16.08.2021 00:00:31.138,19.87261,19.866210000000002,1.8,1.3
16.08.2021 00:00:31.372,19.87252,19.866210000000002,1.8,1.3
16.08.2021 00:00:33.273,19.87242,19.866210000000002,1.8,1
16.08.2021 00:00:37.489,19.87207,19.866210000000002,1.8,1.25
16.08.2021 00:00:38.757,19.87207,19.866210000000002,1.8,1.25
16.08.2021 00:00:40.841,19.87207,19.866210000000002,1.8,1.25
16.08.2021 00:00:43.325,19.87207,19.866410000000002,1.8,1
16.08.2021 00:00:43.564,19.872470000000003,19.866410000000002,1.8,1.25
16.08.2021 00:00:48.490,19.872470000000003,19.866410000000002,1.8,1.25
16.08.2021 00:00:49.441,19.872270000000004,19.866210000000002,1.8,1.3
16.08.2021 00:00:49.900,19.872270000000004,19.866210000000002,1.8,1.3
16.08.2021 00:00:50.617,19.87225,19.866110000000003,1.3,1.42
16.08.2021 00:00:50.864,19.87207,19.86608,1.8,1.8
16.08.2021 00:00:51.877,19.872020000000003,19.86608,1.3,1.3
16.08.2021 00:00:51.978,19.87187,19.86608,1.8,1.5
16.08.2021 00:00:52.080,19.871760000000002,19.86608,1.8,1.5
16.08.2021 00:00:52.181,19.871760000000002,19.86608,1.8,1
16.08.2021 00:00:52.444,19.871760000000002,19.86608,1.8,1.5
16.08.2021 00:00:52.613,19.871760000000002,19.86608,1.8,1
16.08.2021 00:00:52.664,19.871760000000002,19.86608,1.8,1.5
16.08.2021 00:00:52.768,19.871760000000002,19.86608,1.8,1.5
16.08.2021 00:00:53.913,19.871760000000002,19.86608,1.8,1
16.08.2021 00:00:55.155,19.872010000000003,19.86608,1.8,1
16.08.2021 00:00:55.270,19.872010000000003,19.86608,1.8,1
16.08.2021 00:00:55.983,19.872010000000003,19.86608,1.8,1.5
16.08.2021 00:00:56.193,19.87149,19.86608,1.25,1.25
16.08.2021 00:00:56.244,19.87183,19.86608,1.4,1
16.08.2021 00:00:56.345,19.87183,19.86608,1,1
16.08.2021 00:00:56.395,19.87134,19.86551,1,1.3
16.08.2021 00:00:56.549,19.871170000000003,19.86551,1,1.3
16.08.2021 00:00:56.599,19.871170000000003,19.86571,1,1
16.08.2021 00:00:58.593,19.87067,19.86498,1.5,1.3
16.08.2021 00:00:58.694,19.87067,19.86498,1.8,1
16.08.2021 00:00:59.517,19.87067,19.86498,1.8,1
16.08.2021 00:01:00.635,19.87046,19.86358,1.3,1
16.08.2021 00:01:00.735,19.869660000000003,19.86358,1.3,1
16.08.2021 00:01:02.492,19.869660000000003,19.86553,1.8,1
16.08.2021 00:01:02.542,19.86989,19.86458,1.6,1
16.08.2021 00:01:02.593,19.86989,19.86358,1.6,1.6
16.08.2021 00:01:02.644,19.86926,19.86279,1.6,1.85
16.08.2021 00:01:02.745,19.869270000000004,19.86279,1.9,1.1
16.08.2021 00:01:02.857,19.869270000000004,19.86279,1.9,1.1
16.08.2021 00:01:03.212,19.869270000000004,19.86279,1.9,1.1
16.08.2021 00:01:03.313,19.869210000000002,19.86279,1.25,1.01
16.08.2021 00:01:05.879,19.868520000000004,19.86279,1.3,1
16.08.2021 00:01:07.111,19.868520000000004,19.862260000000003,1.8,1
16.08.2021 00:01:08.361,19.868520000000004,19.862260000000003,1.8,1
16.08.2021 00:01:11.058,19.868070000000003,19.862260000000003,1.8,1
16.08.2021 00:01:11.621,19.86767,19.861510000000003,1.8,1
16.08.2021 00:01:11.672,19.86767,19.86139,1.8,1.3
16.08.2021 00:01:11.723,19.86729,19.86139,1.55,1.25
16.08.2021 00:01:11.774,19.86685,19.86018,1.3,1.8
16.08.2021 00:01:11.876,19.86685,19.86018,1.4,1
16.08.2021 00:01:13.086,19.86685,19.860970000000002,1.4,1
16.08.2021 00:01:13.190,19.867020000000004,19.861510000000003,1.8,1
16.08.2021 00:01:13.241,19.86692,19.861510000000003,1,1
16.08.2021 00:01:13.342,19.86731,19.861510000000003,1.3,1
16.08.2021 00:01:15.389,19.867120000000003,19.861510000000003,1.3,1
16.08.2021 00:01:16.687,19.867120000000003,19.861510000000003,1.3,1
16.08.2021 00:01:17.923,19.867120000000003,19.861510000000003,1.3,1
16.08.2021 00:01:18.519,19.867620000000002,19.861510000000003,1,1
16.08.2021 00:01:20.620,19.867620000000002,19.86153,1,1
16.08.2021 00:01:20.723,19.867620000000002,19.86153,1,1.3
16.08.2021 00:01:20.926,19.867620000000002,19.86153,1,1.3
16.08.2021 00:01:21.517,19.867620000000002,19.861510000000003,1,1
16.08.2021 00:01:23.236,19.867620000000002,19.861510000000003,1,1.3
16.08.2021 00:01:25.470,19.867720000000002,19.861510000000003,2.25,1.3
16.08.2021 00:01:25.577,19.867720000000002,19.861510000000003,2.25,1.3
16.08.2021 00:01:29.480,19.867720000000002,19.861510000000003,2.25,1.3
16.08.2021 00:01:29.855,19.867720000000002,19.861510000000003,2.25,1.3
16.08.2021 00:01:32.951,19.867720000000002,19.861510000000003,2.55,1.3
16.08.2021 00:01:34.519,19.867720000000002,19.861510000000003,2.55,1
16.08.2021 00:01:43.428,19.86785,19.86153,1.3,1
16.08.2021 00:01:43.478,19.86785,19.86153,1.3,1.3
16.08.2021 00:01:44.263,19.867720000000002,19.86196,1.3,1
16.08.2021 00:01:44.364,19.86802,19.862070000000003,1,1.3
16.08.2021 00:01:44.414,19.86869,19.862070000000003,1.4,1.3
16.08.2021 00:01:45.518,19.86869,19.862070000000003,1.4,1.3
16.08.2021 00:01:46.932,19.86812,19.862070000000003,1,1.3
16.08.2021 00:01:47.035,19.86812,19.862070000000003,1.1,1
16.08.2021 00:01:47.519,19.86812,19.862070000000003,1.1,1
16.08.2021 00:01:48.913,19.86812,19.862070000000003,1.3,1
16.08.2021 00:01:49.014,19.86812,19.862070000000003,1,1.3
16.08.2021 00:01:50.553,19.86812,19.862070000000003,1,1.3
16.08.2021 00:01:51.031,19.86812,19.862070000000003,1,1.3
16.08.2021 00:01:51.621,19.86812,19.862070000000003,1,1.3
16.08.2021 00:01:58.613,19.86812,19.862070000000003,1,1.3
16.08.2021 00:01:59.737,19.86812,19.862070000000003,1,1.8
16.08.2021 00:02:00.225,19.86851,19.86186,1,1.8
16.08.2021 00:02:00.276,19.86851,19.86186,1,1.3
16.08.2021 00:02:00.374,19.86851,19.86186,1,1.3
16.08.2021 00:02:00.752,19.86851,19.86186,1,1
16.08.2021 00:02:01.131,19.86851,19.86186,1,1.3
16.08.2021 00:02:03.238,19.86851,19.86186,1,1.3
16.08.2021 00:02:04.314,19.86851,19.86186,1,1
16.08.2021 00:02:04.461,19.86959,19.86186,1.85,1
16.08.2021 00:02:04.512,19.86851,19.86186,1,1
16.08.2021 00:02:08.390,19.86851,19.861710000000002,1,1.8
16.08.2021 00:02:08.491,19.86812,19.862070000000003,1,1
16.08.2021 00:02:08.893,19.86812,19.862070000000003,1,1.3
16.08.2021 00:02:11.305,19.86812,19.863010000000003,1,1
16.08.2021 00:02:11.406,19.86812,19.86196,1.25,1.25
16.08.2021 00:02:11.457,19.86812,19.862070000000003,1,1
16.08.2021 00:02:11.608,19.86812,19.862070000000003,1,1.3
16.08.2021 00:02:17.420,19.86812,19.862070000000003,1,1.3
16.08.2021 00:02:17.521,19.86812,19.862070000000003,1,1.3
16.08.2021 00:02:17.622,19.86812,19.862070000000003,1,1.3
16.08.2021 00:02:18.758,19.86851,19.86196,1,1.3
16.08.2021 00:02:19.282,19.86851,19.86196,1.3,1.3
16.08.2021 00:02:19.758,19.86851,19.86258,1.3,1.3
16.08.2021 00:02:26.283,19.86851,19.86288,1,1.3
16.08.2021 00:02:29.971,19.86851,19.86318,1,1
16.08.2021 00:02:40.134,19.869690000000002,19.86318,1.7,1.1
16.08.2021 00:02:40.342,19.869690000000002,19.86318,1.7,1.4
16.08.2021 00:02:48.194,19.869690000000002,19.86429,1.7,1
16.08.2021 00:02:48.295,19.87252,19.86588,1.4,1
16.08.2021 00:02:48.346,19.87252,19.86588,1.9,1.3
16.08.2021 00:02:48.446,19.87252,19.86588,1,1
16.08.2021 00:02:48.691,19.87252,19.86588,1,1.3
16.08.2021 00:02:53.379,19.87252,19.866210000000002,1,1
16.08.2021 00:02:53.540,19.87252,19.866210000000002,1,1.3
16.08.2021 00:02:54.376,19.87252,19.866310000000002,1,1.3
16.08.2021 00:02:56.489,19.87337,19.86658,1.2,1.4
16.08.2021 00:02:56.982,19.87337,19.86658,1.1,1.4
16.08.2021 00:02:57.102,19.87337,19.86658,1.1,1.1
16.08.2021 00:02:58.438,19.87337,19.866860000000003,1.1,1
16.08.2021 00:02:59.842,19.87337,19.866979999999998,1.4,1.4
16.08.2021 00:03:00.227,19.87337,19.86648,1.5,2.62
16.08.2021 00:03:01.185,19.87337,19.866979999999998,1.5,1.4
16.08.2021 00:03:02.998,19.87337,19.866979999999998,1.5,1.4
16.08.2021 00:03:03.466,19.87337,19.866979999999998,1.5,1.4
16.08.2021 00:03:04.160,19.87337,19.866979999999998,1.5,1.4
16.08.2021 00:03:04.312,19.87379,19.86626,1.85,1.3
16.08.2021 00:03:05.543,19.87337,19.86648,1.5,1.4
16.08.2021 00:03:06.496,19.87379,19.866979999999998,1.95,1.4
16.08.2021 00:03:07.917,19.87359,19.86648,1.95,1.4
16.08.2021 00:03:08.304,19.873970000000003,19.869410000000002,1,1
16.08.2021 00:03:08.355,19.87327,19.86668,1,1.8
16.08.2021 00:03:08.413,19.87327,19.86668,1,1.8
16.08.2021 00:03:09.867,19.87327,19.86638,1,1.3
16.08.2021 00:03:10.327,19.87327,19.86638,1.3,1.3
16.08.2021 00:03:10.827,19.87327,19.86638,1.3,1.3
16.08.2021 00:03:12.661,19.87327,19.86638,1.3,1.3
16.08.2021 00:03:13.617,19.87314,19.86638,1.4,1.3
16.08.2021 00:03:14.506,19.87314,19.86553,1.1,1.55
16.08.2021 00:03:15.526,19.87314,19.86638,1.1,1
16.08.2021 00:03:15.830,19.87314,19.86638,1.4,1.3
16.08.2021 00:03:16.329,19.87314,19.86638,1.4,1.3
16.08.2021 00:03:16.843,19.87314,19.86638,1.4,1
16.08.2021 00:03:28.041,19.87314,19.86638,1.4,1
16.08.2021 00:03:28.700,19.873120000000004,19.86599,1.1,1.25
16.08.2021 00:03:28.801,19.873120000000004,19.86599,1.1,1.25
16.08.2021 00:03:29.823,19.87292,19.86599,1.1,1.25
16.08.2021 00:03:30.581,19.87292,19.86599,1.1,1.25
16.08.2021 00:03:31.651,19.87292,19.86599,1.4,1.55
16.08.2021 00:03:33.238,19.87292,19.86599,1.3,1.55
16.08.2021 00:03:37.514,19.87314,19.86599,1.4,1.55
16.08.2021 00:03:37.615,19.87314,19.86599,1.4,1.55
16.08.2021 00:03:38.793,19.873120000000004,19.86599,1.4,1.55
16.08.2021 00:03:41.280,19.87252,19.86599,1.3,1.55
16.08.2021 00:03:41.500,19.87252,19.86599,1,1.25
16.08.2021 00:03:42.026,19.872220000000002,19.86599,1,1.25
16.08.2021 00:03:48.162,19.87205,19.86599,1,1.25
16.08.2021 00:03:48.263,19.871920000000003,19.86638,1,1
16.08.2021 00:03:49.997,19.87239,19.86638,1,1
16.08.2021 00:03:50.527,19.87239,19.86638,1.3,1
16.08.2021 00:03:50.961,19.87239,19.86638,1,1
16.08.2021 00:03:58.969,19.87274,19.86553,1,1.55
16.08.2021 00:03:59.333,19.87274,19.86579,1.3,1.55
16.08.2021 00:04:00.214,19.87274,19.86571,1,1.55
16.08.2021 00:04:00.863,19.87274,19.86571,1,1.55
16.08.2021 00:04:00.964,19.87334,19.86689,1,1
16.08.2021 00:04:03.033,19.87334,19.86689,1.1,1
16.08.2021 00:04:03.134,19.87334,19.86689,1.1,1
16.08.2021 00:04:03.561,19.87334,19.86689,1.1,1
16.08.2021 00:04:03.611,19.87246,19.86571,1.25,1.3
16.08.2021 00:04:05.897,19.87246,19.86558,1.55,1.55
16.08.2021 00:04:05.998,19.87246,19.86571,1.25,1.3
16.08.2021 00:04:06.099,19.87246,19.865810000000003,1.25,1.3
16.08.2021 00:04:06.250,19.87246,19.865810000000003,1.25,1.3
16.08.2021 00:04:06.760,19.87246,19.86578,1.25,1.3
16.08.2021 00:04:06.861,19.87246,19.86578,1.25,1.3
16.08.2021 00:04:07.284,19.87246,19.86588,1.25,1
16.08.2021 00:04:08.592,19.87246,19.86628,1,1
16.08.2021 00:04:08.812,19.87246,19.86628,1,1.3
16.08.2021 00:04:10.169,19.87377,19.86628,1.9,1.8
16.08.2021 00:04:10.422,19.87379,19.866310000000002,1.9,1.8
16.08.2021 00:04:10.918,19.8734,19.86695,1,1
16.08.2021 00:04:11.069,19.8734,19.86695,1.1,1
16.08.2021 00:04:14.045,19.8734,19.86695,1,1
16.08.2021 00:04:14.151,19.8734,19.86695,1.1,1
16.08.2021 00:04:17.048,19.8734,19.86695,1,1
16.08.2021 00:04:17.152,19.8734,19.86695,1.1,1
16.08.2021 00:04:17.991,19.87359,19.86668,1.65,1.25
16.08.2021 00:04:18.569,19.87359,19.86668,1.65,1.25
16.08.2021 00:04:21.089,19.87411,19.86668,1.9,1.5
16.08.2021 00:04:21.195,19.87379,19.86668,1.25,1.25
16.08.2021 00:04:22.554,19.87379,19.86671,1.55,1.55
16.08.2021 00:04:23.093,19.87379,19.86708,1.25,1
16.08.2021 00:04:24.403,19.87379,19.86746,1.25,1
16.08.2021 00:04:24.617,19.87379,19.86758,1.25,1
16.08.2021 00:04:29.724,19.87379,19.86728,1.25,1
16.08.2021 00:04:34.516,19.87379,19.86688,1.25,1.3
16.08.2021 00:04:34.725,19.87379,19.866979999999998,1.25,1
16.08.2021 00:04:38.938,19.87379,19.86688,1.25,1.3
16.08.2021 00:04:40.541,19.87359,19.86658,1.35,1.55
16.08.2021 00:04:40.649,19.87359,19.86658,1.65,1.55
16.08.2021 00:04:40.889,19.87379,19.86658,1.65,1.55
16.08.2021 00:04:40.990,19.87379,19.86658,1.65,1.55
16.08.2021 00:04:41.096,19.87359,19.86658,1.35,1.55
16.08.2021 00:04:41.368,19.87379,19.86658,1.65,1.55
16.08.2021 00:04:41.469,19.87359,19.86658,1.35,1.55
16.08.2021 00:04:41.621,19.87359,19.86658,1.65,1.55
16.08.2021 00:04:41.756,19.87379,19.86658,1.35,1.55
16.08.2021 00:04:42.150,19.87377,19.86658,1.35,1.55
16.08.2021 00:04:42.301,19.87359,19.86658,1.65,1.55
16.08.2021 00:04:42.402,19.87379,19.86658,1.35,1.55
16.08.2021 00:04:42.733,19.87379,19.86658,1.35,1.55
16.08.2021 00:04:44.053,19.87359,19.86658,1.35,1.55
16.08.2021 00:04:44.208,19.87359,19.86658,1.65,1.55
16.08.2021 00:04:45.123,19.87379,19.86658,1.55,1.55
16.08.2021 00:04:45.334,19.87379,19.86658,1.25,1.55
16.08.2021 00:04:46.218,19.87359,19.86658,1.35,1.55
16.08.2021 00:04:46.427,19.87359,19.86658,1.65,1.55
16.08.2021 00:04:46.528,19.87359,19.86658,1.65,1.55
16.08.2021 00:04:46.817,19.87379,19.86658,1.35,1.55
16.08.2021 00:04:47.124,19.87359,19.86658,1.65,1.55
16.08.2021 00:04:47.584,19.87359,19.86658,1.65,1.55
16.08.2021 00:04:47.921,19.87379,19.86661,1.65,1.55
16.08.2021 00:04:48.165,19.87379,19.86661,1.35,1.55
16.08.2021 00:04:56.687,19.87359,19.86658,1.55,1.55
16.08.2021 00:04:56.793,19.87359,19.86658,1.65,1.55
16.08.2021 00:04:56.894,19.87359,19.86661,1.65,1.55
16.08.2021 00:04:56.944,19.87359,19.86661,1.65,1.55
16.08.2021 00:05:00.195,19.87379,19.86661,1.65,1.55
16.08.2021 00:05:01.290,19.874000000000002,19.86968,1.55,1
16.08.2021 00:05:01.391,19.87631,19.86968,1.7,1
16.08.2021 00:05:01.542,19.87631,19.86968,1.4,1.3
16.08.2021 00:05:01.885,19.87631,19.86983,1.4,1.3
16.08.2021 00:05:02.136,19.87709,19.87057,1.9,1.1
16.08.2021 00:05:02.187,19.87709,19.87057,1.1,1.1
16.08.2021 00:05:02.502,19.87704,19.87057,1.5,1.4
16.08.2021 00:05:03.241,19.87704,19.87057,1.5,1.4
16.08.2021 00:05:03.623,19.87704,19.87057,1.5,1.4
16.08.2021 00:05:06.284,19.87704,19.87057,1.5,1.4
16.08.2021 00:05:07.191,19.87704,19.87057,1.5,1.4
16.08.2021 00:05:08.181,19.87704,19.87057,1.5,1.4
16.08.2021 00:05:08.231,19.87704,19.87057,1.4,1.4
16.08.2021 00:05:08.282,19.87709,19.87057,1.1,1.1
16.08.2021 00:05:08.383,19.877820000000003,19.871910000000003,1.3,1
16.08.2021 00:05:08.433,19.877820000000003,19.87188,1,1
16.08.2021 00:05:08.484,19.877820000000003,19.87188,1.1,1
16.08.2021 00:05:08.986,19.877820000000003,19.87188,1.4,1
16.08.2021 00:05:09.255,19.87702,19.87058,1,1.3
16.08.2021 00:05:09.356,19.87702,19.87058,1,1
16.08.2021 00:05:09.406,19.87702,19.87058,1,1.3
16.08.2021 00:05:09.700,19.87702,19.87058,1,1.3
16.08.2021 00:05:11.674,19.87702,19.87058,1,1.3
16.08.2021 00:05:12.491,19.87702,19.87058,1,1.3
16.08.2021 00:05:12.776,19.87702,19.87058,1,1.3
16.08.2021 00:05:14.186,19.87702,19.87058,1,1.3
16.08.2021 00:05:25.506,19.87779,19.87011,1.65,1.05
16.08.2021 00:05:26.136,19.87779,19.870510000000003,1.65,1.3
16.08.2021 00:05:35.845,19.87779,19.87021,1.65,1.55
16.08.2021 00:05:35.946,19.87714,19.87021,1.1,1.55
16.08.2021 00:05:36.047,19.87714,19.87021,1.4,1.55
16.08.2021 00:05:43.306,19.87714,19.87009,1.1,1.55
16.08.2021 00:05:46.598,19.87759,19.87009,1.55,1.55
16.08.2021 00:05:51.653,19.87779,19.87021,1.65,1.55
16.08.2021 00:05:52.010,19.87759,19.87021,1.65,1.55
16.08.2021 00:06:01.520,19.87779,19.870260000000002,1.65,1.55
16.08.2021 00:06:02.107,19.87779,19.870260000000002,1.65,1.55
16.08.2021 00:06:09.556,19.87777,19.87011,1.4,1.42
16.08.2021 00:06:27.765,19.87779,19.87011,1.4,1.42
16.08.2021 00:06:28.618,19.87759,19.87009,1.4,1.8
16.08.2021 00:06:29.289,19.87779,19.87009,1.4,1.8
16.08.2021 00:06:29.807,19.87714,19.87009,1.4,1.8
16.08.2021 00:06:30.207,19.87714,19.87009,1.1,1.8
16.08.2021 00:06:30.377,19.87714,19.87009,1.4,1.8
16.08.2021 00:06:30.574,19.87714,19.87009,1.4,1.8
16.08.2021 00:06:33.242,19.87714,19.87009,1.4,1.3
16.08.2021 00:06:41.459,19.87714,19.87009,1.1,1.8
16.08.2021 00:06:48.293,19.87779,19.87009,1.65,1.3
16.08.2021 00:06:48.393,19.87779,19.87009,1.3,1.3
16.08.2021 00:06:49.025,19.87779,19.87021,1.4,1.3
16.08.2021 00:06:49.441,19.87779,19.87068,1.4,1
16.08.2021 00:06:50.993,19.87779,19.87068,1.4,1
16.08.2021 00:06:51.683,19.87777,19.87068,1.4,1
16.08.2021 00:06:57.600,19.87702,19.87299,1,1
16.08.2021 00:06:57.650,19.87787,19.87148,1.3,1
16.08.2021 00:06:57.751,19.87787,19.87148,1.3,1.3
16.08.2021 00:07:00.102,19.87787,19.87148,1.3,1
16.08.2021 00:07:07.366,19.87787,19.87148,1.3,1
16.08.2021 00:07:08.326,19.87787,19.87343,1.3,1
16.08.2021 00:07:08.427,19.87928,19.87368,1.3,1.25
16.08.2021 00:07:08.579,19.87996,19.87368,1.3,1.3
16.08.2021 00:07:09.181,19.87996,19.87368,1.3,1.3
16.08.2021 00:07:09.929,19.87996,19.87368,1,1.3
16.08.2021 00:07:10.841,19.87996,19.87368,1,1.3
16.08.2021 00:07:11.430,19.87996,19.87368,1,1.3
16.08.2021 00:07:13.271,19.87996,19.87368,1,1.3
16.08.2021 00:07:14.726,19.87996,19.87368,1,1.3
16.08.2021 00:07:23.239,19.87996,19.87368,1.3,1.3
16.08.2021 00:07:33.276,19.88074,19.873610000000003,1.65,1.3
16.08.2021 00:07:33.385,19.88074,19.87377,1.4,1.3
16.08.2021 00:07:33.536,19.881110000000003,19.875120000000003,1.5,1.1
16.08.2021 00:07:33.637,19.881110000000003,19.875120000000003,1.1,1.1
16.08.2021 00:07:34.365,19.881110000000003,19.875120000000003,1.4,1.1
16.08.2021 00:07:35.574,19.881110000000003,19.875120000000003,1.4,1.1
16.08.2021 00:07:35.989,19.881110000000003,19.875120000000003,1.4,1.4
16.08.2021 00:07:38.160,19.881110000000003,19.87378,1.35,1.65
16.08.2021 00:07:38.312,19.881110000000003,19.87378,1.65,1.35
16.08.2021 00:07:39.121,19.88074,19.87378,1,1.35
16.08.2021 00:07:39.260,19.88074,19.87378,1.1,1.25
16.08.2021 00:07:39.709,19.88074,19.87378,1.1,1.25
16.08.2021 00:07:40.127,19.88074,19.87378,1.1,1.55
16.08.2021 00:07:40.996,19.880720000000004,19.87378,1.1,1.55
16.08.2021 00:07:41.196,19.880720000000004,19.87378,1.1,1.25
16.08.2021 00:07:41.613,19.880720000000004,19.87378,1.1,1.25
16.08.2021 00:07:42.996,19.880720000000004,19.87378,1,1.25
16.08.2021 00:07:43.517,19.880720000000004,19.87378,1,1.55
16.08.2021 00:07:44.410,19.880720000000004,19.874290000000002,1,1
16.08.2021 00:07:49.625,19.88094,19.874290000000002,1.3,1
16.08.2021 00:08:00.147,19.88094,19.873900000000003,1.3,1.55
16.08.2021 00:08:05.246,19.880850000000002,19.873900000000003,1,1.55
16.08.2021 00:08:05.460,19.880720000000004,19.873900000000003,1,1.55
16.08.2021 00:08:06.663,19.88055,19.873900000000003,1,1.55
16.08.2021 00:08:06.817,19.88042,19.873900000000003,1,1.55
16.08.2021 00:08:09.138,19.88087,19.874290000000002,1,1
16.08.2021 00:08:09.891,19.88087,19.874290000000002,1.3,1.3
16.08.2021 00:08:10.938,19.88087,19.874579999999998,1.3,1.3
16.08.2021 00:08:16.189,19.88172,19.87503,1.3,1
16.08.2021 00:08:16.290,19.88175,19.87513,1,1.3
16.08.2021 00:08:40.240,19.88283,19.87513,1.15,1.3
16.08.2021 00:08:56.304,19.88214,19.87487,1.55,1.3
16.08.2021 00:09:00.347,19.88214,19.87487,1.55,1.3
16.08.2021 00:09:05.782,19.88214,19.87487,1.25,1.3
16.08.2021 00:09:16.197,19.882820000000002,19.87487,1.65,1.3
16.08.2021 00:09:16.247,19.88175,19.87566,1.3,1.3
16.08.2021 00:09:21.849,19.88175,19.87566,1,1
16.08.2021 00:09:32.415,19.88175,19.87613,1,1
16.08.2021 00:09:32.517,19.88149,19.87598,1.1,1
16.08.2021 00:09:32.980,19.881220000000003,19.87477,1,1
16.08.2021 00:09:38.403,19.881220000000003,19.87477,1.3,1.3
16.08.2021 00:09:42.058,19.881220000000003,19.87477,1,1
16.08.2021 00:09:42.531,19.881220000000003,19.87477,1.3,1.3
16.08.2021 00:09:43.241,19.882070000000002,19.874260000000003,1.65,1.55
16.08.2021 00:09:48.895,19.88169,19.874260000000003,1.65,1.55
16.08.2021 00:09:49.349,19.88169,19.874260000000003,1.65,1.55
16.08.2021 00:09:53.843,19.88169,19.874260000000003,1.65,1.25
16.08.2021 00:09:53.912,19.88169,19.874260000000003,1.65,1.25
16.08.2021 00:09:55.620,19.88144,19.874260000000003,1.1,1.25
16.08.2021 00:09:55.721,19.88144,19.874260000000003,1.4,1.55
16.08.2021 00:09:55.864,19.88144,19.874260000000003,1.4,1.55
16.08.2021 00:10:00.797,19.88144,19.87438,1.9,1.25
16.08.2021 00:10:00.947,19.88144,19.87438,1.9,1.55
16.08.2021 00:10:01.229,19.88144,19.87438,1.9,1.25
16.08.2021 00:10:04.604,19.881240000000002,19.87404,1.9,1.55
16.08.2021 00:10:04.727,19.881240000000002,19.87404,1.9,1.55
16.08.2021 00:10:08.230,19.879920000000002,19.87438,1.3,1.25
16.08.2021 00:10:08.392,19.88156,19.87438,1.65,1.55
16.08.2021 00:10:08.493,19.881610000000002,19.87438,1.65,1.55
16.08.2021 00:10:08.898,19.881610000000002,19.87438,1.65,1.25
16.08.2021 00:10:09.626,19.881610000000002,19.87438,1.65,1.55
16.08.2021 00:10:10.094,19.881610000000002,19.87438,1.65,1.55
16.08.2021 00:10:11.283,19.881610000000002,19.87438,1.65,1.25
16.08.2021 00:10:12.549,19.881610000000002,19.87438,1.65,1.55
16.08.2021 00:10:13.436,19.881610000000002,19.87438,1.65,1.55
16.08.2021 00:10:18.520,19.881610000000002,19.87438,1.65,1.55
16.08.2021 00:10:19.468,19.881610000000002,19.87438,1.65,1.55
16.08.2021 00:10:21.828,19.881610000000002,19.87438,1.65,1.25
16.08.2021 00:10:22.172,19.881610000000002,19.87438,1.65,1.55
16.08.2021 00:10:24.200,19.881610000000002,19.87438,1.55,1.55
16.08.2021 00:10:25.176,19.881610000000002,19.87438,1.65,1.55
16.08.2021 00:10:33.239,19.88166,19.87369,1.4,1.3
16.08.2021 00:10:43.240,19.88166,19.87369,1.4,1.3
16.08.2021 00:11:00.286,19.881240000000002,19.873610000000003,1.9,1.3
16.08.2021 00:11:00.337,19.881240000000002,19.873610000000003,1.9,1.3
16.08.2021 00:11:01.275,19.88032,19.87438,1,1
16.08.2021 00:11:03.402,19.881240000000002,19.87438,1.3,1
16.08.2021 00:11:03.928,19.881240000000002,19.87438,1.3,1
16.08.2021 00:11:27.777,19.881240000000002,19.87365,1.4,1.3
16.08.2021 00:11:33.921,19.881240000000002,19.874260000000003,1.4,1
16.08.2021 00:11:34.024,19.881240000000002,19.874260000000003,1.3,1
16.08.2021 00:11:34.125,19.881240000000002,19.874260000000003,1.3,1
16.08.2021 00:11:34.529,19.881240000000002,19.874260000000003,1.3,1
16.08.2021 00:11:35.652,19.881240000000002,19.87398,1.3,1.8
16.08.2021 00:11:36.158,19.881240000000002,19.87365,1.3,1.55
16.08.2021 00:11:50.808,19.88097,19.87425,1.3,1
16.08.2021 00:11:52.688,19.88097,19.87425,1,1
16.08.2021 00:12:01.602,19.88211,19.87416,1.65,1
16.08.2021 00:12:01.803,19.88211,19.87416,1.55,1.3
16.08.2021 00:12:02.058,19.88097,19.87431,1,1.3
16.08.2021 00:12:02.159,19.88097,19.87431,1.3,1.3
16.08.2021 00:12:03.192,19.88097,19.87438,1.3,1.3
16.08.2021 00:12:03.509,19.88169,19.87568,1.3,1
16.08.2021 00:12:03.661,19.88169,19.87568,1,1
16.08.2021 00:12:04.300,19.882520000000003,19.87487,1.4,1.3
16.08.2021 00:12:06.393,19.88169,19.87568,1,1
16.08.2021 00:12:17.599,19.882520000000003,19.87487,1.4,1.3
16.08.2021 00:12:18.681,19.88149,19.87516,1,1.3
16.08.2021 00:12:18.782,19.88094,19.87455,1,1.3
16.08.2021 00:12:36.847,19.881670000000003,19.874200000000002,1.65,1.3
16.08.2021 00:12:37.085,19.881670000000003,19.87398,1.65,1.3
16.08.2021 00:12:37.502,19.881670000000003,19.87398,1.55,1.3
16.08.2021 00:12:37.604,19.88094,19.87431,1,1
16.08.2021 00:12:37.952,19.88094,19.87431,1,1.3
16.08.2021 00:12:38.569,19.88094,19.87431,1,1.3
16.08.2021 00:12:38.714,19.88094,19.87468,1,1
16.08.2021 00:12:43.432,19.88094,19.87486,1,1
16.08.2021 00:12:45.304,19.88133,19.875210000000003,1,1
16.08.2021 00:12:45.355,19.88168,19.875210000000003,1,1
16.08.2021 00:12:46.276,19.88168,19.87528,1,1
16.08.2021 00:12:54.565,19.881670000000003,19.87528,1,1
16.08.2021 00:12:54.666,19.881670000000003,19.87528,1.1,1
16.08.2021 00:12:54.817,19.881670000000003,19.87528,1.4,1
16.08.2021 00:12:54.967,19.881670000000003,19.87373,1.4,1.55
16.08.2021 00:12:55.238,19.880950000000002,19.87423,1,1
16.08.2021 00:12:57.482,19.880950000000002,19.874260000000003,1,1
16.08.2021 00:12:58.859,19.880950000000002,19.874660000000002,1,1
16.08.2021 00:12:59.573,19.880950000000002,19.87478,1,1
16.08.2021 00:13:01.982,19.88134,19.87523,1,1
16.08.2021 00:13:02.032,19.88195,19.87523,1.65,1.25
16.08.2021 00:13:02.083,19.88195,19.87484,1.55,1.75
16.08.2021 00:13:02.133,19.88195,19.87523,1.55,1.25
16.08.2021 00:13:02.284,19.88195,19.87523,1.3,1
16.08.2021 00:13:02.385,19.88195,19.87523,1.3,1.3
16.08.2021 00:13:03.240,19.88195,19.87523,1.3,1.3
16.08.2021 00:13:06.108,19.88195,19.87538,1.3,1.3
16.08.2021 00:13:10.872,19.88195,19.87538,1.3,1.3
16.08.2021 00:13:13.174,19.881420000000002,19.87523,1.4,1.3
16.08.2021 00:13:13.316,19.881420000000002,19.87523,1.4,1.3
16.08.2021 00:13:13.367,19.881420000000002,19.87523,1.4,1
16.08.2021 00:13:13.467,19.881420000000002,19.87523,1.4,1
16.08.2021 00:13:14.232,19.881320000000002,19.87523,1.4,1
16.08.2021 00:13:14.282,19.88091,19.87445,1.4,1.3
16.08.2021 00:13:14.485,19.88091,19.87445,1.4,1
16.08.2021 00:13:15.099,19.88032,19.87445,1,1
16.08.2021 00:13:22.050,19.88032,19.87445,1.3,1
16.08.2021 00:13:26.272,19.88032,19.87445,1.3,1
16.08.2021 00:13:33.241,19.88032,19.87445,1.3,1
16.08.2021 00:13:35.198,19.881670000000003,19.874260000000003,1.4,1
16.08.2021 00:13:35.350,19.8813,19.874260000000003,1,1
16.08.2021 00:13:35.401,19.8813,19.87431,1,1
16.08.2021 00:13:35.587,19.8813,19.87431,1,1.3
16.08.2021 00:13:36.266,19.8813,19.87431,1,1
16.08.2021 00:13:36.565,19.8813,19.874260000000003,1,1
16.08.2021 00:13:36.767,19.8813,19.87506,1,1
16.08.2021 00:13:36.868,19.8813,19.87518,1,1
16.08.2021 00:13:43.623,19.88091,19.87518,1,1
16.08.2021 00:13:45.943,19.881770000000003,19.87343,2.15,1.55
16.08.2021 00:13:46.558,19.881770000000003,19.87343,2.15,1.55
16.08.2021 00:13:47.573,19.881770000000003,19.87343,1.9,1.55
16.08.2021 00:13:47.708,19.881770000000003,19.87343,1.9,1.55
16.08.2021 00:13:54.473,19.882070000000002,19.87416,1.9,1
16.08.2021 00:13:54.529,19.882070000000002,19.87416,1.9,1
16.08.2021 00:13:54.719,19.882070000000002,19.87416,1.9,1
16.08.2021 00:13:55.147,19.882070000000002,19.874560000000002,1.9,1
16.08.2021 00:13:55.295,19.882070000000002,19.87468,1.9,1.25
16.08.2021 00:13:55.904,19.882070000000002,19.87486,1.9,1
16.08.2021 00:13:56.022,19.882070000000002,19.87498,1.9,1.25
16.08.2021 00:13:58.513,19.882070000000002,19.87343,1.9,1.55
16.08.2021 00:13:58.563,19.88117,19.874260000000003,1,1
16.08.2021 00:14:02.380,19.88117,19.87488,1,1
16.08.2021 00:14:06.365,19.88117,19.87488,1,1.3
16.08.2021 00:14:06.827,19.88117,19.87488,1,1
16.08.2021 00:14:07.335,19.88117,19.874579999999998,1,1
16.08.2021 00:14:08.443,19.88149,19.87412,1.1,1.3
16.08.2021 00:14:08.498,19.88149,19.87412,1,1.3
16.08.2021 00:14:08.762,19.88149,19.87412,1.3,1.3
16.08.2021 00:14:08.973,19.88149,19.87412,1.4,1.3
16.08.2021 00:14:09.467,19.88149,19.87412,1.4,1.3
16.08.2021 00:14:09.616,19.88156,19.87412,1.4,1.3
16.08.2021 00:14:10.776,19.88022,19.87412,1,1.3
16.08.2021 00:14:11.129,19.88022,19.87412,1,1.3
16.08.2021 00:14:12.341,19.88022,19.87412,1,1.3
16.08.2021 00:14:15.573,19.88022,19.87412,1,1.3
16.08.2021 00:14:16.136,19.88022,19.87412,1,1.3
16.08.2021 00:14:23.241,19.88022,19.87412,1,1.3
16.08.2021 00:14:25.564,19.88022,19.87412,1,1.3
16.08.2021 00:14:33.327,19.88022,19.87412,1.3,1.3
16.08.2021 00:14:33.478,19.88156,19.87412,1.3,1.3
16.08.2021 00:14:34.444,19.88156,19.874660000000002,1.3,1
16.08.2021 00:14:34.712,19.88156,19.87478,1.3,1
16.08.2021 00:14:35.884,19.88156,19.87496,1.3,1
16.08.2021 00:14:36.024,19.88156,19.87508,1.3,1
16.08.2021 00:14:45.568,19.88156,19.87496,1.3,1
16.08.2021 00:14:45.619,19.88156,19.87478,1.3,1
16.08.2021 00:15:00.534,19.88164,19.87412,1.3,1.3
16.08.2021 00:15:00.850,19.88164,19.87412,1.3,1.3
16.08.2021 00:15:02.440,19.88164,19.87412,1.3,1.3
16.08.2021 00:15:02.760,19.88164,19.87412,1.3,1.3
16.08.2021 00:15:03.242,19.88164,19.87412,1.3,1.3
16.08.2021 00:15:05.978,19.88164,19.87412,1.3,1.3
16.08.2021 00:15:06.841,19.88164,19.87412,1.3,1.3
16.08.2021 00:15:12.892,19.8819,19.87571,1.3,1
16.08.2021 00:15:12.993,19.8819,19.87571,1,1.3
16.08.2021 00:15:13.044,19.88289,19.87627,1.8,1.3
16.08.2021 00:15:13.094,19.88289,19.87627,1.8,1.3
16.08.2021 00:15:13.245,19.88289,19.87627,1.5,1.3
16.08.2021 00:15:14.797,19.881990000000002,19.875370000000004,1,1.3
16.08.2021 00:15:14.898,19.8811,19.87448,1.3,1
16.08.2021 00:15:15.125,19.8811,19.87448,1.3,1.3
16.08.2021 00:15:15.716,19.882320000000004,19.87264,1.15,1.3
16.08.2021 00:15:15.967,19.8821,19.8722,1.4,1.05
16.08.2021 00:15:16.216,19.881050000000002,19.87453,1.3,1
16.08.2021 00:15:18.896,19.881050000000002,19.87453,1.3,1
16.08.2021 00:15:21.334,19.881050000000002,19.87453,1.3,1
16.08.2021 00:15:23.507,19.881050000000002,19.87453,1.3,1
16.08.2021 00:15:23.881,19.881220000000003,19.876079999999998,1.3,1
16.08.2021 00:15:23.932,19.88165,19.87641,1,1.3
16.08.2021 00:15:24.275,19.88355,19.87641,1.05,1.3
16.08.2021 00:15:24.399,19.882550000000002,19.87641,1,1.3
16.08.2021 00:15:24.477,19.882820000000002,19.87641,1.5,1.3
16.08.2021 00:15:24.635,19.882820000000002,19.876079999999998,1.85,1.3
16.08.2021 00:15:24.685,19.8819,19.87538,1,1.3
16.08.2021 00:15:24.736,19.8819,19.87538,1.3,1
16.08.2021 00:15:24.887,19.8819,19.87538,1.3,1
16.08.2021 00:15:25.009,19.8819,19.87538,1.3,1
16.08.2021 00:15:25.482,19.8819,19.87538,1.3,1
16.08.2021 00:15:26.180,19.88155,19.87538,1,1
16.08.2021 00:15:26.602,19.881420000000002,19.87538,1,1
16.08.2021 00:15:26.703,19.88287,19.876350000000002,1.8,1
16.08.2021 00:15:26.754,19.88287,19.876350000000002,1.5,1
16.08.2021 00:15:26.910,19.88287,19.876350000000002,1.8,1.3
16.08.2021 00:15:33.243,19.88287,19.87638,1.8,1.3
16.08.2021 00:15:33.662,19.88287,19.87638,1.8,1.3
16.08.2021 00:15:37.845,19.88287,19.87668,1.8,1.3
16.08.2021 00:15:43.244,19.88326,19.87698,1.8,1.3
16.08.2021 00:15:53.242,19.88326,19.87658,1.8,1.3
16.08.2021 00:15:54.721,19.88326,19.87674,1.5,1.3
16.08.2021 00:16:00.641,19.88326,19.87674,1.5,1.3
16.08.2021 00:16:00.742,19.884,19.87741,1.15,1
16.08.2021 00:16:00.843,19.88413,19.87741,1.15,1.3
16.08.2021 00:16:00.946,19.88423,19.87741,1.15,1.3
16.08.2021 00:16:02.043,19.88423,19.87829,1.15,1.01
16.08.2021 00:16:04.516,19.88409,19.87829,1.15,1.31
16.08.2021 00:16:12.084,19.88389,19.87738,1.15,1.01
16.08.2021 00:16:14.081,19.883490000000002,19.87738,1.15,1.31
16.08.2021 00:16:14.325,19.88423,19.87771,1.15,1
16.08.2021 00:16:15.587,19.883960000000002,19.87771,1,1
16.08.2021 00:16:15.638,19.885060000000003,19.87941,1.3,1.25
16.08.2021 00:16:15.688,19.8853,19.87941,1.25,1.55
16.08.2021 00:16:16.058,19.8853,19.87941,1.25,1.55
16.08.2021 00:16:17.116,19.8853,19.88041,1,1.3
16.08.2021 00:16:18.200,19.88634,19.88041,1.3,1.3
16.08.2021 00:16:18.301,19.88634,19.88041,1,1.3
16.08.2021 00:16:22.607,19.88634,19.88041,1,1
16.08.2021 00:16:25.194,19.88585,19.880010000000002,1.3,1
16.08.2021 00:16:25.245,19.88585,19.87948,1.3,1
16.08.2021 00:16:25.296,19.88585,19.87948,1.3,1
16.08.2021 00:16:25.397,19.88585,19.879520000000003,1.3,1
16.08.2021 00:16:25.573,19.88585,19.879350000000002,1.3,1
16.08.2021 00:16:25.925,19.88585,19.879350000000002,1.3,1
16.08.2021 00:16:26.209,19.88585,19.879350000000002,1.3,1
16.08.2021 00:16:26.840,19.88493,19.87848,1,1
16.08.2021 00:16:26.891,19.88493,19.87848,1.3,1
16.08.2021 00:16:29.302,19.88493,19.87848,1.3,1
16.08.2021 00:16:30.407,19.88493,19.87848,1,1
16.08.2021 00:16:33.537,19.88493,19.87848,1.3,1.3
16.08.2021 00:16:34.350,19.88493,19.87848,1.3,1
16.08.2021 00:16:35.843,19.88493,19.87848,1.3,1.3
16.08.2021 00:16:43.241,19.88605,19.87666,1.65,1.05
16.08.2021 00:16:53.242,19.88635,19.876910000000002,1.65,1.05
16.08.2021 00:16:55.874,19.88635,19.876910000000002,1.65,1.05
16.08.2021 00:16:56.550,19.88635,19.876910000000002,1.65,1.05
16.08.2021 00:17:03.215,19.88605,19.87676,1.65,1.05
16.08.2021 00:17:04.038,19.88605,19.87669,1.65,1.05
16.08.2021 00:17:10.672,19.88575,19.87653,1.8,1.05
16.08.2021 00:17:10.773,19.88575,19.87653,1.9,1.05
16.08.2021 00:17:15.917,19.88575,19.87653,1.9,1.05
16.08.2021 00:17:23.242,19.88575,19.87653,1.9,1.05
16.08.2021 00:17:27.106,19.88575,19.87641,1.9,1.8
16.08.2021 00:17:30.838,19.885820000000002,19.87719,1.15,1.55
16.08.2021 00:17:31.567,19.885820000000002,19.87719,1.15,1.55
16.08.2021 00:17:33.245,19.885820000000002,19.87719,1.15,1.55
16.08.2021 00:17:50.206,19.886,19.87719,1.15,1.55
16.08.2021 00:17:51.106,19.886,19.87719,1.15,1.55
16.08.2021 00:17:51.771,19.88622,19.87719,1.9,1.3
16.08.2021 00:17:59.018,19.88622,19.87719,1.4,1.3
16.08.2021 00:18:01.198,19.88622,19.87719,1.9,1.3
16.08.2021 00:18:01.253,19.885720000000003,19.877679999999998,1.4,1
16.08.2021 00:18:06.679,19.885720000000003,19.877679999999998,1.4,1.3
16.08.2021 00:18:06.781,19.885720000000003,19.877679999999998,1.3,1.3
16.08.2021 00:18:11.488,19.885720000000003,19.877679999999998,1.4,1.3
16.08.2021 00:18:13.244,19.885720000000003,19.877679999999998,1.4,1.3
16.08.2021 00:18:21.812,19.885720000000003,19.877679999999998,1.4,1.3
16.08.2021 00:18:22.545,19.885720000000003,19.877679999999998,1.3,1
16.08.2021 00:18:23.186,19.885720000000003,19.877679999999998,1.3,1.3
16.08.2021 00:18:23.340,19.885720000000003,19.877679999999998,1.3,1.3
16.08.2021 00:18:26.353,19.885720000000003,19.877679999999998,1.3,1.3
16.08.2021 00:18:26.872,19.885720000000003,19.877679999999998,1.4,1
16.08.2021 00:18:27.127,19.885820000000002,19.87758,1.4,1
16.08.2021 00:18:30.107,19.885820000000002,19.87758,1.4,1
16.08.2021 00:18:31.649,19.885820000000002,19.87758,1.4,1.3
16.08.2021 00:18:32.505,19.885820000000002,19.87758,1.4,1.3
16.08.2021 00:18:34.974,19.885820000000002,19.87758,1.4,1
16.08.2021 00:18:35.186,19.885820000000002,19.87758,1.4,1.3
16.08.2021 00:18:41.051,19.885820000000002,19.87758,1.4,1.3
16.08.2021 00:18:43.242,19.885820000000002,19.87758,1.4,1
16.08.2021 00:18:44.287,19.886120000000002,19.87641,1.4,1.8
16.08.2021 00:18:44.338,19.885820000000002,19.87758,1.4,1
16.08.2021 00:18:44.569,19.885820000000002,19.87758,1.4,1.3
16.08.2021 00:18:53.243,19.885820000000002,19.87758,1.4,1.3
16.08.2021 00:19:00.671,19.885820000000002,19.87758,1.8,1.3
16.08.2021 00:19:00.773,19.885720000000003,19.87758,1.4,1.3
16.08.2021 00:19:03.247,19.885720000000003,19.87758,1.4,1.3
16.08.2021 00:19:03.673,19.885720000000003,19.87758,1.4,1.3
16.08.2021 00:19:06.580,19.885820000000002,19.87758,1.4,1.3
16.08.2021 00:19:06.694,19.885820000000002,19.87758,1.4,1.3
16.08.2021 00:19:11.172,19.885820000000002,19.87758,1.3,1.3
16.08.2021 00:19:18.108,19.88641,19.8765,1.9,1.3
16.08.2021 00:19:23.091,19.88609,19.876610000000003,1.4,1.3
16.08.2021 00:19:23.479,19.885720000000003,19.87758,1.3,1.3
16.08.2021 00:19:23.584,19.885720000000003,19.87758,1.3,1.3
16.08.2021 00:19:24.390,19.885720000000003,19.87758,1.3,1.3
16.08.2021 00:19:25.432,19.885720000000003,19.87758,1.3,1.3
16.08.2021 00:19:28.292,19.885720000000003,19.87758,1.4,1.3
16.08.2021 00:19:28.416,19.885720000000003,19.87758,1.4,1.3
16.08.2021 00:19:31.843,19.885720000000003,19.87758,1.4,1.3
16.08.2021 00:19:39.573,19.885720000000003,19.87758,1.4,1.3
16.08.2021 00:19:42.411,19.885720000000003,19.87758,1.4,1.3
16.08.2021 00:19:43.750,19.885720000000003,19.87758,1.4,1
16.08.2021 00:19:44.635,19.885720000000003,19.87758,1.9,1.3
16.08.2021 00:19:45.062,19.885720000000003,19.87758,1.9,1
16.08.2021 00:19:49.622,19.885720000000003,19.87758,1.9,1
16.08.2021 00:19:58.801,19.885720000000003,19.87758,1.9,1
16.08.2021 00:20:09.991,19.88549,19.87731,1.4,1
16.08.2021 00:20:10.105,19.88549,19.87731,1.4,1.3
16.08.2021 00:20:19.396,19.88549,19.87731,1.4,1.3
16.08.2021 00:20:28.238,19.88549,19.87731,1.4,1.3
16.08.2021 00:20:34.201,19.88549,19.87731,1.4,1
16.08.2021 00:20:34.465,19.88549,19.87731,1.4,1.3
16.08.2021 00:20:43.226,19.88549,19.87731,1.4,1
16.08.2021 00:21:05.776,19.88549,19.87731,1.4,1.3
16.08.2021 00:21:15.883,19.8858,19.87719,1,2.05
16.08.2021 00:21:20.119,19.88589,19.87719,1,2.05
16.08.2021 00:21:26.540,19.8853,19.87719,1.4,1.8
16.08.2021 00:21:26.591,19.88483,19.87719,1.4,1.8
16.08.2021 00:21:26.848,19.88483,19.87719,1.4,1.8
16.08.2021 00:21:27.740,19.88483,19.87719,1.4,1.8
16.08.2021 00:21:28.885,19.88483,19.87719,1.4,1.55
16.08.2021 00:21:28.987,19.88483,19.87719,1.4,1.55
16.08.2021 00:21:33.242,19.88483,19.87719,1.4,1.25
16.08.2021 00:21:33.553,19.88483,19.87719,1.4,1.25
16.08.2021 00:21:37.026,19.88483,19.87719,1.4,1.55
16.08.2021 00:21:38.807,19.88483,19.87719,1.4,1.25
16.08.2021 00:21:40.945,19.88483,19.87719,1.4,1.25
16.08.2021 00:21:43.287,19.88483,19.87719,1.4,1.55
16.08.2021 00:21:47.536,19.88483,19.87719,1.4,1.25
16.08.2021 00:21:53.132,19.88483,19.87719,1.4,1.25
16.08.2021 00:21:56.131,19.88483,19.87719,1.4,1.55
16.08.2021 00:21:57.582,19.88483,19.87741,1.3,1.05
16.08.2021 00:21:58.223,19.88483,19.87719,1.4,1.55
16.08.2021 00:22:06.683,19.88483,19.87719,1.4,1.25
16.08.2021 00:22:07.843,19.88533,19.87719,1.4,1.8
16.08.2021 00:22:08.664,19.88549,19.87751,1.9,1.55
16.08.2021 00:22:13.603,19.88549,19.87751,1.9,1.55
16.08.2021 00:22:15.882,19.88549,19.87751,1.4,1.55
16.08.2021 00:22:18.546,19.88549,19.87751,1.4,1.55
16.08.2021 00:22:35.582,19.885320000000004,19.87751,1.3,1.3
16.08.2021 00:23:06.464,19.88549,19.87763,1.4,1.8
16.08.2021 00:23:06.566,19.88589,19.878110000000003,1.5,1
16.08.2021 00:23:06.676,19.88589,19.878110000000003,1.5,1.3
16.08.2021 00:23:06.863,19.88589,19.878110000000003,1.4,1.3
16.08.2021 00:23:08.152,19.88549,19.87791,1.4,1.8
16.08.2021 00:23:08.259,19.88549,19.87791,1.4,1.8
16.08.2021 00:23:08.467,19.88549,19.87791,1.4,1.8
16.08.2021 00:23:08.700,19.88549,19.87791,1.4,1.8
16.08.2021 00:23:09.527,19.88589,19.878110000000003,1.9,1.3
16.08.2021 00:23:10.960,19.88549,19.87791,1.4,1.8
16.08.2021 00:23:11.227,19.88549,19.87791,1.4,1.8
16.08.2021 00:23:16.462,19.88549,19.878110000000003,1.4,1.3
16.08.2021 00:23:16.563,19.88549,19.878110000000003,1.4,1.3
16.08.2021 00:23:17.031,19.88549,19.878110000000003,1.4,1.3
16.08.2021 00:23:18.616,19.88549,19.87751,1.4,1.3
16.08.2021 00:23:19.220,19.88549,19.87751,1.4,1.3
16.08.2021 00:23:44.529,19.88549,19.87781,1.4,1.8
16.08.2021 00:23:44.781,19.88549,19.87781,1.4,1.8
16.08.2021 00:23:45.167,19.88549,19.878110000000003,1.4,1.3
16.08.2021 00:23:47.367,19.88549,19.87771,1.4,1.8
16.08.2021 00:23:48.108,19.88549,19.878010000000003,1.4,1.25
16.08.2021 00:24:05.109,19.88549,19.87773,1.3,1.75
16.08.2021 00:24:05.209,19.88567,19.878110000000003,1.3,1.75
16.08.2021 00:24:05.361,19.88549,19.878110000000003,1.3,1.75
16.08.2021 00:24:07.422,19.88549,19.87781,1.4,1.8
16.08.2021 00:24:10.223,19.88549,19.87791,1.4,1.8
16.08.2021 00:24:11.214,19.88549,19.87781,1.4,1.3
16.08.2021 00:24:16.855,19.88549,19.87761,1.4,1.3
16.08.2021 00:24:18.366,19.88549,19.87771,1.3,1.8
16.08.2021 00:24:21.087,19.88549,19.87791,1.3,1.8
16.08.2021 00:24:22.872,19.88549,19.87791,1.3,1.8
16.08.2021 00:24:26.073,19.88549,19.87771,1.3,1.8
16.08.2021 00:24:27.254,19.88549,19.87791,1.3,1.8
16.08.2021 00:24:28.370,19.88549,19.87791,1.3,1.8
16.08.2021 00:24:28.654,19.88549,19.87791,1.3,1.8
16.08.2021 00:24:29.934,19.88549,19.87771,1.4,1.8
16.08.2021 00:24:31.539,19.88549,19.87761,1.3,1.8
16.08.2021 00:24:33.813,19.88549,19.87771,1.4,1.3
16.08.2021 00:24:35.314,19.88549,19.87791,1.3,1.8
16.08.2021 00:24:36.394,19.88549,19.87791,1.3,1.8
16.08.2021 00:24:40.475,19.88567,19.878110000000003,1.4,1.3
16.08.2021 00:24:40.830,19.88549,19.878110000000003,1.4,1.3
16.08.2021 00:24:43.465,19.88549,19.87771,1.4,1.8
16.08.2021 00:24:44.134,19.88549,19.87771,1.4,1.8
16.08.2021 00:25:03.519,19.88589,19.87771,1.4,1.8
16.08.2021 00:25:03.620,19.88589,19.878110000000003,1.4,1.8
16.08.2021 00:25:03.721,19.885820000000002,19.879420000000003,1,1.3
16.08.2021 00:25:03.822,19.885820000000002,19.879420000000003,1,1.3
16.08.2021 00:25:04.340,19.88729,19.87863,1.05,1.55
16.08.2021 00:25:04.390,19.885820000000002,19.879420000000003,1,1.3
16.08.2021 00:25:06.600,19.885820000000002,19.879420000000003,1,1.3
16.08.2021 00:25:12.153,19.885820000000002,19.879420000000003,1,1.3
16.08.2021 00:25:15.774,19.88729,19.87891,1.05,1.3
16.08.2021 00:25:18.108,19.88729,19.87881,1.05,1.3
16.08.2021 00:25:21.188,19.88729,19.87871,1.05,1.55
16.08.2021 00:25:26.175,19.88729,19.878610000000002,1.05,1.55
16.08.2021 00:25:38.207,19.88729,19.878610000000002,1.05,1.55
16.08.2021 00:25:43.111,19.88729,19.878610000000002,1.05,1.55
16.08.2021 00:25:54.182,19.88758,19.88133,1.05,1
16.08.2021 00:25:54.284,19.888270000000002,19.88133,1.15,1
16.08.2021 00:25:54.334,19.887320000000003,19.881510000000002,1.5,1
16.08.2021 00:25:54.942,19.88839,19.88133,1.15,1
16.08.2021 00:25:54.993,19.88782,19.881510000000002,1.75,1.25
16.08.2021 00:25:58.644,19.887510000000002,19.881510000000002,1.05,1.55
16.08.2021 00:26:01.073,19.88782,19.881510000000002,1.75,1.25
16.08.2021 00:26:03.235,19.88825,19.88133,1.15,1
16.08.2021 00:26:42.706,19.88801,19.88133,1.05,1.3
16.08.2021 00:26:52.307,19.88801,19.88133,1.05,1.3
16.08.2021 00:26:54.747,19.88899,19.88098,1.15,1.55
16.08.2021 00:26:54.798,19.88782,19.88153,1.25,1.25
16.08.2021 00:27:20.656,19.88899,19.881140000000002,1.4,1.55
16.08.2021 00:27:27.579,19.88869,19.881510000000002,1.9,1.25
16.08.2021 00:27:44.484,19.88859,19.881510000000002,1.4,1
16.08.2021 00:28:03.804,19.88899,19.88091,1.15,1.3
16.08.2021 00:28:04.626,19.886110000000002,19.88153,1,1
16.08.2021 00:28:04.727,19.886110000000002,19.88153,1.4,1
16.08.2021 00:28:04.778,19.88629,19.88073,1.3,1
16.08.2021 00:28:04.829,19.885820000000002,19.88073,1,1
16.08.2021 00:28:04.930,19.885820000000002,19.87975,1,1.3
16.08.2021 00:28:05.806,19.885820000000002,19.87975,1,1.3
16.08.2021 00:28:08.260,19.885820000000002,19.87975,1,1.3
16.08.2021 00:28:09.091,19.885820000000002,19.87975,1,1.3
16.08.2021 00:28:09.142,19.88549,19.87975,1,1.3
16.08.2021 00:28:09.243,19.88549,19.87975,1.3,1
16.08.2021 00:28:09.602,19.88569,19.87975,1.3,1
16.08.2021 00:28:10.317,19.88569,19.87975,1.3,1
16.08.2021 00:28:10.805,19.88569,19.87975,1.3,1
16.08.2021 00:28:13.244,19.88569,19.87975,1.3,1
16.08.2021 00:28:14.055,19.886210000000002,19.879360000000002,1.3,1
16.08.2021 00:28:14.236,19.886210000000002,19.879360000000002,1.3,1
16.08.2021 00:28:15.551,19.886070000000004,19.879360000000002,1.4,1
16.08.2021 00:28:15.652,19.886210000000002,19.879360000000002,1.4,1
16.08.2021 00:28:18.106,19.886210000000002,19.879360000000002,1.4,1
16.08.2021 00:28:20.874,19.886210000000002,19.879360000000002,1.4,1
16.08.2021 00:28:23.244,19.886210000000002,19.879360000000002,1.4,1
16.08.2021 00:28:24.634,19.88629,19.879260000000002,1.4,1
16.08.2021 00:28:24.685,19.88629,19.879260000000002,1.4,1
16.08.2021 00:28:28.446,19.88629,19.879260000000002,1.4,1
16.08.2021 00:28:30.811,19.88729,19.879260000000002,1.15,1.3
16.08.2021 00:28:32.232,19.88729,19.879260000000002,1.15,1.3
16.08.2021 00:28:34.607,19.88729,19.879260000000002,1.15,1.3
16.08.2021 00:28:35.444,19.88729,19.879260000000002,1.15,1.3
16.08.2021 00:28:37.607,19.88729,19.879260000000002,1.15,1.3
16.08.2021 00:28:37.846,19.88729,19.879260000000002,1.15,1.3
16.08.2021 00:28:40.306,19.88729,19.879260000000002,1.15,1.3
16.08.2021 00:28:42.072,19.88729,19.879260000000002,1.15,1.3
16.08.2021 00:28:45.944,19.88729,19.879260000000002,1.05,1.3
16.08.2021 00:28:47.356,19.88729,19.879260000000002,1.05,1.3
16.08.2021 00:28:47.847,19.88729,19.879260000000002,1.05,1.3
16.08.2021 00:28:48.385,19.88729,19.879260000000002,1.05,1.3
16.08.2021 00:28:50.383,19.88729,19.879260000000002,1.05,1.3
16.08.2021 00:28:52.606,19.88729,19.879260000000002,1.05,1.3
16.08.2021 00:28:52.763,19.88729,19.879260000000002,1.05,1.3
16.08.2021 00:28:55.607,19.88729,19.879260000000002,1.05,1.3
16.08.2021 00:28:57.537,19.88729,19.879260000000002,1.15,1.3
16.08.2021 00:29:04.057,19.88729,19.879260000000002,1.15,1
16.08.2021 00:29:05.039,19.886470000000003,19.87975,1.3,1
16.08.2021 00:29:05.167,19.886470000000003,19.87975,1.3,1
16.08.2021 00:29:09.385,19.886470000000003,19.87975,1.3,1
16.08.2021 00:29:15.262,19.886470000000003,19.87975,1.3,1
16.08.2021 00:29:19.441,19.88729,19.879260000000002,1.15,1.25
16.08.2021 00:29:24.618,19.88729,19.879260000000002,1.15,1.25
16.08.2021 00:29:27.707,19.88729,19.879260000000002,1.15,1.25
16.08.2021 00:29:33.409,19.887770000000003,19.87827,1.15,1.05
16.08.2021 00:29:35.519,19.886860000000002,19.87938,1.3,1
16.08.2021 00:29:38.627,19.886860000000002,19.87938,1.3,1
16.08.2021 00:29:40.752,19.886860000000002,19.87938,1.3,1
16.08.2021 00:29:49.200,19.886860000000002,19.879360000000002,1.3,1
16.08.2021 00:29:57.388,19.886860000000002,19.879910000000002,1.3,1
16.08.2021 00:29:57.489,19.887510000000002,19.88107,1.05,1.25
16.08.2021 00:29:57.540,19.88756,19.88107,1.05,1.25
16.08.2021 00:30:01.033,19.88778,19.881110000000003,1.05,1
16.08.2021 00:30:01.134,19.887510000000002,19.881510000000002,1.05,1.25
16.08.2021 00:30:01.185,19.88782,19.881510000000002,1.75,1.25
16.08.2021 00:30:01.336,19.88774,19.881510000000002,1.05,1.55
16.08.2021 00:30:07.927,19.88754,19.88118,1.05,1.55
16.08.2021 00:30:08.033,19.88782,19.88118,1.75,1.25
16.08.2021 00:30:16.359,19.88794,19.88093,1.05,1
16.08.2021 00:30:23.375,19.88782,19.881110000000003,1.75,1.25
16.08.2021 00:30:23.864,19.88782,19.88158,1.75,1.25
16.08.2021 00:30:29.605,19.88764,19.88158,1.05,1.55
16.08.2021 00:30:29.816,19.88782,19.88158,1.75,1.25
16.08.2021 00:30:35.542,19.887870000000003,19.88119,1.05,1.12
16.08.2021 00:30:46.840,19.88782,19.88133,1.05,1.3
16.08.2021 00:30:46.941,19.88782,19.881510000000002,1.05,1.25
16.08.2021 00:30:47.093,19.888070000000003,19.881510000000002,1.05,1.25
16.08.2021 00:30:49.334,19.888070000000003,19.88133,1.05,1
16.08.2021 00:30:49.389,19.888070000000003,19.881510000000002,1.05,1.25
16.08.2021 00:30:52.517,19.88782,19.881510000000002,1.05,1.55
16.08.2021 00:30:52.618,19.888090000000002,19.881510000000002,1.05,1.25
16.08.2021 00:30:55.821,19.88794,19.881510000000002,1.05,1.55
16.08.2021 00:30:57.110,19.88849,19.88156,1.05,1.3
16.08.2021 00:30:58.607,19.88849,19.88156,1.05,1.3
16.08.2021 00:31:00.127,19.88782,19.88168,1.75,1.75
16.08.2021 00:31:05.114,19.88782,19.88168,1.25,1.75
16.08.2021 00:31:05.215,19.888320000000004,19.88176,1,1.5
16.08.2021 00:31:06.337,19.888320000000004,19.88176,1,1.8
16.08.2021 00:31:10.906,19.888320000000004,19.88176,1,1.8
16.08.2021 00:31:14.172,19.888320000000004,19.88176,1,1.8
16.08.2021 00:31:20.616,19.888740000000002,19.88176,1.1,1.8
16.08.2021 00:31:21.290,19.888740000000002,19.88176,1,1.8
16.08.2021 00:31:21.340,19.888920000000002,19.88338,1.3,1
16.08.2021 00:31:21.391,19.88942,19.88381,1.25,1.25
16.08.2021 00:31:21.492,19.89072,19.88388,1.7,1
16.08.2021 00:31:21.634,19.89072,19.88388,1,1.3
16.08.2021 00:31:21.773,19.89072,19.88475,1,1
16.08.2021 00:31:29.825,19.89141,19.88251,1.4,1.55
16.08.2021 00:31:29.875,19.89141,19.88251,1.4,1.55
16.08.2021 00:31:33.249,19.89141,19.88251,1.4,1.55
16.08.2021 00:31:37.344,19.89159,19.88241,1.05,1.55
16.08.2021 00:31:37.642,19.89159,19.88241,1.05,1.55
16.08.2021 00:31:42.381,19.89159,19.88241,1.05,1.55
16.08.2021 00:31:44.771,19.89159,19.88241,1.05,1.55
16.08.2021 00:31:45.710,19.889590000000002,19.88415,1,1
16.08.2021 00:31:45.760,19.889590000000002,19.883490000000002,1,1.3
16.08.2021 00:31:45.861,19.889590000000002,19.883490000000002,1.3,1
16.08.2021 00:31:59.717,19.88923,19.88348,1,1
16.08.2021 00:31:59.818,19.88923,19.88348,1.3,1
16.08.2021 00:31:59.919,19.88923,19.88348,1.1,1
16.08.2021 00:32:00.186,19.88923,19.88348,1.4,1
16.08.2021 00:32:00.315,19.88923,19.88348,1.4,1
16.08.2021 00:32:00.501,19.88923,19.88348,1.1,1
16.08.2021 00:32:01.959,19.88923,19.88348,1.4,1
16.08.2021 00:32:02.214,19.88923,19.88254,1.1,1
16.08.2021 00:32:02.413,19.88923,19.88254,1.4,1
16.08.2021 00:32:03.011,19.88923,19.88254,1.1,1
16.08.2021 00:32:03.206,19.88923,19.88254,1.1,1
16.08.2021 00:32:04.253,19.88923,19.88254,1.3,1
16.08.2021 00:32:04.354,19.88923,19.88254,1,1.3
16.08.2021 00:32:10.646,19.88923,19.88254,1.1,1.3
16.08.2021 00:32:11.239,19.88924,19.882160000000002,1.1,1.55
16.08.2021 00:32:11.340,19.88924,19.882160000000002,1.4,1.55
16.08.2021 00:32:13.249,19.88924,19.882160000000002,1.4,1.55
16.08.2021 00:32:15.633,19.889590000000002,19.882160000000002,1.4,1.55
16.08.2021 00:32:15.684,19.889590000000002,19.882160000000002,1.4,1.55
16.08.2021 00:32:15.886,19.889590000000002,19.882160000000002,1.3,1.55
16.08.2021 00:32:24.681,19.88914,19.882160000000002,1,1.55
16.08.2021 00:32:24.782,19.88914,19.882160000000002,1.4,1.25
16.08.2021 00:32:24.832,19.88914,19.88254,1.4,1
16.08.2021 00:32:25.618,19.88914,19.88254,1.4,1
16.08.2021 00:32:41.254,19.88914,19.88254,1.4,1
16.08.2021 00:32:41.354,19.88923,19.88254,1.3,1
16.08.2021 00:32:41.405,19.88923,19.88256,1.3,1
16.08.2021 00:32:41.456,19.88923,19.88256,1,1.3
16.08.2021 00:32:41.556,19.88923,19.88256,1.1,1.3
16.08.2021 00:32:41.730,19.88923,19.88256,1.1,1.3
16.08.2021 00:32:42.338,19.88923,19.88256,1,1.3
16.08.2021 00:32:42.753,19.88923,19.88256,1.3,1
16.08.2021 00:32:43.121,19.88923,19.88256,1.4,1
16.08.2021 00:32:56.613,19.88923,19.88256,1.4,1
16.08.2021 00:33:07.995,19.88923,19.88256,1,1.3
16.08.2021 00:33:15.258,19.88923,19.88256,1,1.3
16.08.2021 00:33:17.734,19.889490000000002,19.882160000000002,1.3,1.55
16.08.2021 00:33:21.228,19.889590000000002,19.882160000000002,1.3,1.55
16.08.2021 00:33:26.251,19.889590000000002,19.882160000000002,1.3,1.55
16.08.2021 00:33:34.938,19.88914,19.88256,1,1.3
16.08.2021 00:33:35.045,19.88914,19.88256,1,1.3
16.08.2021 00:33:35.349,19.88923,19.88256,1,1.3
16.08.2021 00:33:41.951,19.88914,19.88256,1,1.3
16.08.2021 00:33:45.415,19.88914,19.88256,1.3,1
16.08.2021 00:33:50.526,19.88914,19.88256,1.3,1
16.08.2021 00:33:55.118,19.88914,19.882170000000002,1.3,1.25
16.08.2021 00:34:08.915,19.88914,19.882170000000002,1.3,1.25
16.08.2021 00:34:14.358,19.88914,19.882160000000002,1.3,1
16.08.2021 00:34:21.536,19.88914,19.882160000000002,1,1.3
16.08.2021 00:34:24.908,19.88914,19.882170000000002,1.3,1
16.08.2021 00:34:25.982,19.88923,19.88256,1.3,1
16.08.2021 00:34:43.409,19.889590000000002,19.882170000000002,1.3,1
16.08.2021 00:34:51.472,19.88952,19.882170000000002,1.3,1
16.08.2021 00:34:57.482,19.889590000000002,19.88221,1.3,1
16.08.2021 00:34:57.586,19.889590000000002,19.88231,1.3,1
16.08.2021 00:34:57.737,19.889590000000002,19.88231,1.3,1.3
16.08.2021 00:34:59.145,19.889590000000002,19.88316,1.3,1
16.08.2021 00:34:59.306,19.889590000000002,19.88328,1.3,1
16.08.2021 00:35:00.337,19.88934,19.882170000000002,1,1.3
16.08.2021 00:35:00.542,19.88934,19.882170000000002,1,1.3
16.08.2021 00:35:01.229,19.88934,19.882170000000002,1.3,1
16.08.2021 00:35:01.280,19.889590000000002,19.88221,1.3,1
16.08.2021 00:35:01.431,19.889590000000002,19.88231,1.3,1
16.08.2021 00:35:01.532,19.889590000000002,19.88231,1.3,1.3
16.08.2021 00:35:10.307,19.889590000000002,19.88278,1.3,1.3
16.08.2021 00:35:47.388,19.889590000000002,19.88309,1.3,1
16.08.2021 00:35:47.489,19.89105,19.88541,1.55,1.25
16.08.2021 00:35:47.590,19.89105,19.88541,1,1
16.08.2021 00:35:47.944,19.89105,19.88541,1,1.3
16.08.2021 00:35:51.107,19.89105,19.88541,1,1
16.08.2021 00:36:01.218,19.89105,19.88541,1,1.3
16.08.2021 00:36:01.998,19.89105,19.88541,1,1.3
16.08.2021 00:36:02.526,19.891620000000003,19.88523,1.3,1.3
16.08.2021 00:36:02.693,19.8919,19.88541,1.3,1.3
16.08.2021 00:36:02.972,19.8919,19.88548,1,1.3
16.08.2021 00:36:03.073,19.8919,19.88548,1.3,1.4
16.08.2021 00:36:08.431,19.8919,19.88548,1,1.4
16.08.2021 00:36:09.636,19.8919,19.88548,1,1.4
16.08.2021 00:36:11.927,19.8919,19.88548,1,1.4
16.08.2021 00:36:13.603,19.89229,19.88541,1.55,1.4
16.08.2021 00:36:21.477,19.89229,19.88541,1.55,1.4
16.08.2021 00:36:22.870,19.89271,19.88641,1.3,1
16.08.2021 00:36:23.080,19.89271,19.88641,1,1.3
16.08.2021 00:36:24.472,19.89271,19.88638,1,1.3
16.08.2021 00:36:25.007,19.89271,19.88638,1,1.3
16.08.2021 00:36:26.407,19.89271,19.88638,1.3,1.3
16.08.2021 00:36:31.586,19.89271,19.88703,1.3,1
16.08.2021 00:36:31.636,19.89271,19.88668,1.3,1
16.08.2021 00:36:31.687,19.89271,19.88668,1,1
16.08.2021 00:36:34.284,19.89294,19.88523,1.3,1.65
16.08.2021 00:36:34.384,19.89271,19.88668,1,1
16.08.2021 00:36:34.857,19.89271,19.88668,1.3,1
16.08.2021 00:36:35.009,19.89271,19.88668,1,1
16.08.2021 00:36:38.398,19.89271,19.88668,1.3,1
16.08.2021 00:36:43.705,19.89271,19.88668,1,1
16.08.2021 00:36:45.369,19.89294,19.88541,1.3,1.65
16.08.2021 00:36:47.843,19.89294,19.88541,1.3,1.65
16.08.2021 00:37:03.384,19.89294,19.88566,1.3,1.65
16.08.2021 00:37:03.498,19.89294,19.88566,1.3,1.65
16.08.2021 00:37:08.401,19.89294,19.88566,1.3,1.65
16.08.2021 00:37:10.042,19.89294,19.88566,1.3,1.55
16.08.2021 00:37:14.559,19.89294,19.885460000000002,1.3,1.55
16.08.2021 00:37:15.292,19.89294,19.885460000000002,1.3,1.55
16.08.2021 00:37:28.162,19.89294,19.88566,1.3,1.25
16.08.2021 00:37:31.813,19.89294,19.88586,1.3,1
16.08.2021 00:37:34.666,19.89294,19.88586,1.3,1
16.08.2021 00:37:36.419,19.89294,19.88596,1.3,1
16.08.2021 00:37:36.520,19.89294,19.88596,1.3,1.3
16.08.2021 00:37:36.668,19.89294,19.88596,1.3,1.3
16.08.2021 00:37:38.111,19.89294,19.88596,1.3,1
16.08.2021 00:37:38.262,19.89294,19.88596,1.3,1
16.08.2021 00:37:40.719,19.89294,19.88596,1.3,1
16.08.2021 00:37:53.322,19.89294,19.88596,1.3,1
16.08.2021 00:38:03.107,19.89294,19.88596,1.3,1
16.08.2021 00:38:04.211,19.89294,19.88596,1.3,1
16.08.2021 00:38:14.630,19.89294,19.88596,1.3,1
16.08.2021 00:38:16.422,19.893340000000002,19.88626,1.55,1
16.08.2021 00:38:16.527,19.893340000000002,19.88626,1.55,1
16.08.2021 00:38:22.844,19.893340000000002,19.88626,1.55,1.3
16.08.2021 00:38:25.084,19.893340000000002,19.88626,1.55,1
16.08.2021 00:38:25.185,19.89309,19.88578,1.05,1.5
16.08.2021 00:38:25.236,19.89309,19.88578,1.05,1.5
16.08.2021 00:38:30.845,19.89272,19.88578,1.3,1.25
16.08.2021 00:38:34.111,19.89272,19.88626,1.3,1
16.08.2021 00:38:36.667,19.89354,19.88586,1.8,1.25
16.08.2021 00:38:36.768,19.89299,19.88578,1.05,1.25
16.08.2021 00:38:36.872,19.89329,19.88578,1.55,1.25
16.08.2021 00:38:44.633,19.89272,19.88578,1.3,1.25
16.08.2021 00:38:45.205,19.89272,19.88578,1.3,1.25
16.08.2021 00:38:50.635,19.89272,19.88578,1.3,1.25
16.08.2021 00:38:54.601,19.89282,19.88578,1.3,1.25
16.08.2021 00:38:57.005,19.89282,19.88578,1.3,1.25
16.08.2021 00:38:57.056,19.89282,19.88578,1.3,1.25
16.08.2021 00:39:01.105,19.89282,19.88578,1.3,1.25
16.08.2021 00:39:09.307,19.892920000000004,19.88578,1.3,1.25
16.08.2021 00:39:13.132,19.892920000000004,19.88578,1.3,1.25
16.08.2021 00:39:18.551,19.89282,19.88578,1.3,1.25
16.08.2021 00:39:26.313,19.89282,19.88578,1.3,1.25
16.08.2021 00:39:30.121,19.89282,19.88523,1.8,1.8
16.08.2021 00:39:48.602,19.89242,19.886270000000003,1.55,1
16.08.2021 00:39:48.802,19.89242,19.886270000000003,1.3,1.25
16.08.2021 00:40:05.260,19.89282,19.886270000000003,1.3,1.25
16.08.2021 00:40:47.369,19.89272,19.88588,1.3,1.25
16.08.2021 00:40:48.708,19.89272,19.88588,1.3,1
16.08.2021 00:40:51.772,19.89354,19.88626,1.65,1
16.08.2021 00:40:51.873,19.893420000000003,19.88588,1.05,1.25
16.08.2021 00:40:51.974,19.893420000000003,19.88588,1.05,1.35
16.08.2021 00:40:53.291,19.893220000000003,19.88588,1.05,1.25
16.08.2021 00:40:57.811,19.89242,19.88588,1.3,1
16.08.2021 00:41:04.573,19.89242,19.88588,1.3,1
16.08.2021 00:41:05.621,19.893340000000002,19.88626,1.3,1
16.08.2021 00:41:05.722,19.893340000000002,19.88626,1.3,1
16.08.2021 00:41:06.845,19.893340000000002,19.88626,1.3,1.3
16.08.2021 00:41:07.096,19.89314,19.88626,1.3,1.3
16.08.2021 00:41:08.435,19.89314,19.88626,1.3,1.3
16.08.2021 00:41:17.513,19.893020000000003,19.886270000000003,1.8,1.3
16.08.2021 00:41:17.613,19.893020000000003,19.886270000000003,1.8,1
16.08.2021 00:41:18.614,19.893020000000003,19.886270000000003,1.8,1
16.08.2021 00:41:27.486,19.89314,19.88588,1.8,1.25
16.08.2021 00:41:28.306,19.89314,19.88588,1.8,1.25
16.08.2021 00:41:38.396,19.89314,19.88588,1.8,1.25
16.08.2021 00:41:43.806,19.89294,19.886270000000003,1.3,1
16.08.2021 00:41:54.914,19.89294,19.886270000000003,1.3,1
16.08.2021 00:41:58.251,19.89269,19.88588,1.3,1
16.08.2021 00:41:58.302,19.89269,19.885460000000002,1.3,1.3
16.08.2021 00:41:58.352,19.89269,19.885460000000002,1.3,1.55
16.08.2021 00:41:58.459,19.89269,19.886270000000003,1.3,1
16.08.2021 00:42:02.335,19.89269,19.886270000000003,1.3,1
16.08.2021 00:42:06.690,19.89294,19.88588,1.55,1.5
16.08.2021 00:42:13.114,19.89294,19.88588,1.55,1.5
16.08.2021 00:42:14.669,19.89294,19.88588,1.55,1.5
16.08.2021 00:42:19.062,19.89294,19.88588,1.55,1.5
16.08.2021 00:42:19.112,19.89294,19.88588,1.55,1.25
16.08.2021 00:42:19.835,19.89294,19.88588,1.55,1.25
16.08.2021 00:42:20.734,19.89294,19.885460000000002,1.55,1.65
16.08.2021 00:42:22.315,19.89274,19.88588,1.55,1.25
16.08.2021 00:42:24.760,19.89209,19.88588,1,1
16.08.2021 00:42:24.868,19.89209,19.88563,1.25,1
16.08.2021 00:42:50.710,19.89274,19.885460000000002,1.55,1.4
16.08.2021 00:43:07.612,19.89169,19.88563,1.25,1
16.08.2021 00:43:07.663,19.89159,19.88563,1.25,1
16.08.2021 00:43:07.714,19.89159,19.88563,1.55,1
16.08.2021 00:43:08.865,19.891620000000003,19.88563,1.55,1
16.08.2021 00:43:13.439,19.891620000000003,19.88563,1.55,1
16.08.2021 00:43:14.806,19.891620000000003,19.88563,1.55,1
16.08.2021 00:43:15.287,19.891620000000003,19.88563,1.55,1
16.08.2021 00:43:15.439,19.89169,19.88466,1.55,1.55
16.08.2021 00:43:15.543,19.89169,19.88466,1.55,1.25
16.08.2021 00:43:20.997,19.89169,19.883760000000002,1.55,1.65
16.08.2021 00:43:21.597,19.89169,19.883760000000002,1.55,1.65
16.08.2021 00:43:25.461,19.891620000000003,19.88498,1.55,1
16.08.2021 00:43:25.693,19.891620000000003,19.88498,1.55,1
16.08.2021 00:43:26.696,19.89199,19.88448,1.8,1.8
16.08.2021 00:43:27.392,19.89199,19.88448,1.8,1.8
16.08.2021 00:43:29.475,19.89209,19.88448,1.8,1.8
16.08.2021 00:43:43.267,19.89209,19.88448,1.8,1.8
16.08.2021 00:43:53.279,19.892210000000002,19.883760000000002,1.55,2.15
16.08.2021 00:44:03.250,19.892210000000002,19.883760000000002,1.55,2.15
16.08.2021 00:44:07.929,19.892210000000002,19.883760000000002,1.55,2.15
16.08.2021 00:44:13.253,19.892210000000002,19.88448,1.55,1.55
16.08.2021 00:44:13.894,19.892310000000002,19.88448,1.55,1.55
16.08.2021 00:44:31.581,19.89169,19.88525,1.55,1
16.08.2021 00:44:33.251,19.89169,19.88525,1.55,1
16.08.2021 00:44:42.478,19.89241,19.883960000000002,1.55,1.55
16.08.2021 00:44:43.250,19.89241,19.883960000000002,1.55,1.55
16.08.2021 00:44:47.085,19.89169,19.88525,1.55,1
16.08.2021 00:44:52.845,19.89169,19.88525,1.55,1
16.08.2021 00:45:02.726,19.89169,19.88525,1.8,1
16.08.2021 00:45:03.254,19.89169,19.88525,1.8,1
16.08.2021 00:45:04.508,19.89193,19.88484,1.3,1.3
16.08.2021 00:45:08.769,19.89193,19.88448,1.3,1.55
16.08.2021 00:45:13.265,19.892020000000002,19.88448,1.3,1.55
16.08.2021 00:45:16.916,19.8917,19.885260000000002,1.3,1
16.08.2021 00:45:19.492,19.8917,19.885260000000002,1.3,1
16.08.2021 00:45:29.684,19.89232,19.88475,1.3,1.2
16.08.2021 00:45:50.244,19.891620000000003,19.885260000000002,1.8,1
16.08.2021 00:45:50.294,19.89151,19.885260000000002,1.05,1
16.08.2021 00:45:50.345,19.89151,19.885260000000002,1.05,1
16.08.2021 00:45:53.249,19.891620000000003,19.885260000000002,1.55,1
16.08.2021 00:45:57.923,19.891620000000003,19.885260000000002,1.55,1
16.08.2021 00:45:58.504,19.892120000000002,19.885060000000003,1.3,1
16.08.2021 00:45:58.605,19.892120000000002,19.885060000000003,1.3,1
16.08.2021 00:46:11.753,19.89262,19.885060000000003,1.3,1.1
16.08.2021 00:46:12.424,19.89263,19.885060000000003,1.3,1.1
16.08.2021 00:46:18.106,19.89262,19.885060000000003,1.3,1.4
16.08.2021 00:46:21.428,19.89262,19.885060000000003,1.3,1.4
16.08.2021 00:46:25.907,19.89272,19.885060000000003,1.3,1.4
16.08.2021 00:46:31.307,19.89272,19.885060000000003,1.3,1.4
16.08.2021 00:46:32.512,19.89272,19.88541,1.05,1
16.08.2021 00:46:32.613,19.891620000000003,19.88563,1.25,1.6
16.08.2021 00:46:33.251,19.891620000000003,19.88563,1.25,1.8
16.08.2021 00:46:33.653,19.891620000000003,19.88563,1.25,1.3
16.08.2021 00:46:35.206,19.891620000000003,19.88563,1.25,1
16.08.2021 00:46:37.399,19.891620000000003,19.88719,1.25,1
16.08.2021 00:46:38.353,19.89151,19.88563,1.25,1
16.08.2021 00:46:39.362,19.891620000000003,19.88719,1.25,1
16.08.2021 00:46:40.343,19.891620000000003,19.88563,1.25,1
16.08.2021 00:46:41.021,19.891620000000003,19.88563,1.25,1.5
16.08.2021 00:46:41.126,19.891620000000003,19.88578,1.25,1.8
16.08.2021 00:46:41.373,19.891620000000003,19.88749,1.25,1
16.08.2021 00:46:42.394,19.891620000000003,19.88578,1.25,1.8
16.08.2021 00:46:58.656,19.893340000000002,19.88551,1.55,1.9
16.08.2021 00:47:00.372,19.893340000000002,19.88551,1.55,1.9
16.08.2021 00:47:00.707,19.893340000000002,19.88551,1.55,1.9
16.08.2021 00:47:03.407,19.893340000000002,19.88561,1.55,1.9
16.08.2021 00:47:06.106,19.893340000000002,19.88551,1.55,1.9
16.08.2021 00:47:08.245,19.893340000000002,19.88551,1.55,1.9
16.08.2021 00:47:09.044,19.893340000000002,19.88551,1.55,1.9
16.08.2021 00:47:10.605,19.893340000000002,19.88551,1.55,1.9
16.08.2021 00:47:13.054,19.89304,19.88551,1.55,1.9
16.08.2021 00:47:15.406,19.89304,19.88551,1.55,1.9
16.08.2021 00:47:18.107,19.89304,19.88551,1.55,1.9
16.08.2021 00:47:21.709,19.89304,19.88551,1.55,1.9
16.08.2021 00:47:23.251,19.89304,19.88551,1.55,1.9
16.08.2021 00:47:23.807,19.89304,19.88551,1.55,1.9
16.08.2021 00:47:26.792,19.892670000000003,19.88606,1.55,1.3
16.08.2021 00:47:27.592,19.892670000000003,19.88606,1.55,1.3
16.08.2021 00:47:35.008,19.892670000000003,19.88606,1.55,1.4
16.08.2021 00:47:35.067,19.892670000000003,19.88606,1.55,1.4
16.08.2021 00:47:44.730,19.892670000000003,19.88606,1.55,1.3
16.08.2021 00:47:45.106,19.89304,19.88606,1.65,1.3
16.08.2021 00:47:48.773,19.89304,19.88606,1.65,1.3
16.08.2021 00:47:50.206,19.89304,19.88606,1.65,1.3
16.08.2021 00:47:53.381,19.89304,19.88606,1.65,1.3
16.08.2021 00:47:53.532,19.89274,19.88606,1.55,1.3
16.08.2021 00:47:56.277,19.892670000000003,19.88578,1.55,1.65
16.08.2021 00:47:56.328,19.892670000000003,19.88618,1.3,1
16.08.2021 00:47:56.429,19.892670000000003,19.88618,1.3,1
16.08.2021 00:47:56.994,19.892670000000003,19.887710000000002,1.3,1
16.08.2021 00:47:57.045,19.893620000000002,19.88738,1.81,1.5
16.08.2021 00:47:57.146,19.893710000000002,19.88738,1.75,1.5
16.08.2021 00:47:57.247,19.893710000000002,19.88738,1.75,1.8
16.08.2021 00:47:57.401,19.89317,19.88738,1,1.3
16.08.2021 00:47:57.451,19.89317,19.88738,1.3,1
16.08.2021 00:47:58.210,19.89317,19.88738,1.3,1
16.08.2021 00:47:59.849,19.89317,19.88738,1.3,1
16.08.2021 00:48:06.191,19.89317,19.88738,1.3,1
16.08.2021 00:48:08.944,19.893320000000003,19.88699,1.05,1.5
16.08.2021 00:48:12.763,19.893320000000003,19.88699,1.05,1.5
16.08.2021 00:48:13.394,19.893320000000003,19.88699,1.05,1.5
16.08.2021 00:48:51.293,19.89324,19.88606,1.8,1.5
16.08.2021 00:48:51.815,19.893120000000003,19.88606,1.3,1.5
16.08.2021 00:48:53.822,19.893120000000003,19.88606,1.3,1.5
16.08.2021 00:48:54.027,19.89299,19.886490000000002,1.3,1.5
16.08.2021 00:48:54.128,19.89299,19.886490000000002,1.3,1.5
16.08.2021 00:48:54.178,19.89274,19.886490000000002,1.8,1.25
16.08.2021 00:48:54.330,19.89274,19.886490000000002,1.8,1.25
16.08.2021 00:48:54.380,19.89274,19.885060000000003,1.8,1.55
16.08.2021 00:48:54.431,19.89263,19.886490000000002,1.05,1.25
16.08.2021 00:49:10.414,19.89262,19.886100000000003,1.3,1.5
16.08.2021 00:49:11.807,19.89262,19.886100000000003,1.3,1.5
16.08.2021 00:49:13.663,19.89262,19.886100000000003,1.3,1.5
16.08.2021 00:49:17.563,19.89262,19.885060000000003,1.3,1.25
16.08.2021 00:49:26.066,19.89262,19.885060000000003,1.3,1.25
16.08.2021 00:49:28.005,19.89262,19.885060000000003,1.3,1.25
16.08.2021 00:49:30.830,19.89262,19.886490000000002,1.3,1.25
16.08.2021 00:49:30.932,19.89272,19.886490000000002,1.05,1.25
16.08.2021 00:49:33.850,19.89272,19.886490000000002,1.05,1.25
16.08.2021 00:49:40.070,19.889590000000002,19.886490000000002,1,1
16.08.2021 00:49:40.171,19.889490000000002,19.886490000000002,1,1
16.08.2021 00:49:40.322,19.889490000000002,19.886490000000002,1.3,1
16.08.2021 00:49:40.571,19.889490000000002,19.886490000000002,1.3,1
16.08.2021 00:49:40.680,19.889490000000002,19.886490000000002,1.3,1
16.08.2021 00:49:47.378,19.889590000000002,19.886490000000002,1.3,1
16.08.2021 00:49:47.626,19.889590000000002,19.886490000000002,1.3,1
16.08.2021 00:49:48.096,19.889490000000002,19.886490000000002,1,1
16.08.2021 00:49:48.197,19.889490000000002,19.886490000000002,1.55,1.25
16.08.2021 00:49:49.394,19.889490000000002,19.88371,1.8,1
16.08.2021 00:50:00.227,19.88983,19.88371,2.8,1.3
16.08.2021 00:50:00.378,19.88979,19.88371,1.55,1.4
16.08.2021 00:50:00.479,19.88979,19.88371,1.55,1.4
16.08.2021 00:50:05.199,19.88997,19.883660000000003,1.55,1.9
16.08.2021 00:50:05.369,19.89011,19.883860000000002,1.3,1.25
16.08.2021 00:50:05.470,19.89169,19.883860000000002,1.55,1.65
16.08.2021 00:50:06.105,19.89169,19.883860000000002,1.8,1.9
16.08.2021 00:50:07.272,19.89169,19.883860000000002,1.8,1.9
16.08.2021 00:50:08.675,19.89171,19.883860000000002,1.05,1.9
16.08.2021 00:50:10.006,19.89171,19.883860000000002,1.05,1.9
16.08.2021 00:50:10.302,19.89171,19.883860000000002,1.05,1.9
16.08.2021 00:50:12.406,19.89171,19.883860000000002,1.05,1.9
16.08.2021 00:50:12.845,19.89171,19.883860000000002,1.05,1.9
16.08.2021 00:50:14.620,19.89171,19.883860000000002,1.05,1.9
16.08.2021 00:50:15.005,19.89171,19.884960000000003,1.3,1
16.08.2021 00:50:15.106,19.891720000000003,19.884960000000003,1.8,1.3
16.08.2021 00:50:15.207,19.891720000000003,19.884960000000003,1.3,1
16.08.2021 00:50:16.800,19.891720000000003,19.884960000000003,1.8,1
16.08.2021 00:50:18.058,19.891720000000003,19.884960000000003,1.8,1
16.08.2021 00:50:20.348,19.891720000000003,19.884960000000003,1.8,1
16.08.2021 00:50:22.349,19.891720000000003,19.884960000000003,1.8,1
16.08.2021 00:50:23.890,19.891720000000003,19.884960000000003,1.3,1
16.08.2021 00:50:25.419,19.89209,19.883860000000002,1.55,1.65
16.08.2021 00:50:25.861,19.89209,19.883860000000002,1.55,1.65
16.08.2021 00:50:28.450,19.89209,19.883860000000002,1.55,1.65
16.08.2021 00:50:30.869,19.89209,19.883860000000002,1.55,1.65
16.08.2021 00:50:33.235,19.89209,19.883860000000002,1.55,1.65
16.08.2021 00:50:35.994,19.89209,19.883860000000002,1.55,1.65
16.08.2021 00:50:38.672,19.89209,19.883860000000002,1.55,1.65
16.08.2021 00:50:40.188,19.89223,19.88389,1.05,1.15
16.08.2021 00:50:43.442,19.89223,19.88389,1.05,1.15
16.08.2021 00:50:45.316,19.89223,19.88397,1.05,1.15
16.08.2021 00:50:46.523,19.89223,19.88397,1.05,1.15
16.08.2021 00:50:48.433,19.89223,19.88397,1.05,1.15
16.08.2021 00:50:50.206,19.89223,19.88397,1.05,1.15
16.08.2021 00:50:50.342,19.89223,19.88397,1.05,1.15
16.08.2021 00:50:52.605,19.892300000000002,19.88397,1.05,1.15
16.08.2021 00:50:53.455,19.892300000000002,19.88397,1.05,1.15
16.08.2021 00:50:55.906,19.892300000000002,19.88397,1.05,1.15
16.08.2021 00:50:56.624,19.892300000000002,19.88397,1.05,1.15
16.08.2021 00:50:59.506,19.892300000000002,19.88397,1.05,1.15
16.08.2021 00:51:00.382,19.892300000000002,19.88397,1.05,1.15
16.08.2021 00:51:02.806,19.892300000000002,19.88397,1.05,1.15
16.08.2021 00:51:03.302,19.892300000000002,19.88397,1.05,1.15
16.08.2021 00:51:06.072,19.89236,19.88408,1.05,1.15
16.08.2021 00:51:09.580,19.892370000000003,19.88398,1.05,1.15
16.08.2021 00:51:10.871,19.892370000000003,19.883860000000002,1.05,1.65
16.08.2021 00:51:10.998,19.892370000000003,19.883860000000002,1.05,1.65
16.08.2021 00:51:11.411,19.892370000000003,19.883860000000002,1.05,1.65
16.08.2021 00:51:13.546,19.89239,19.883860000000002,1.05,1.77
16.08.2021 00:51:14.060,19.89239,19.883860000000002,1.05,1.77
16.08.2021 00:51:14.780,19.89239,19.883860000000002,1.05,1.77
16.08.2021 00:51:30.874,19.89239,19.883860000000002,1.3,1.52
16.08.2021 00:51:32.505,19.89239,19.883860000000002,1.3,1.52
16.08.2021 00:51:33.335,19.891720000000003,19.885060000000003,1.3,1.3
16.08.2021 00:51:37.333,19.891720000000003,19.885060000000003,1.3,1.3
16.08.2021 00:51:43.251,19.891720000000003,19.885060000000003,1.3,1.4
16.08.2021 00:51:52.508,19.89252,19.885060000000003,1.55,1.4
16.08.2021 00:51:53.251,19.89252,19.885060000000003,1.55,1.4
16.08.2021 00:51:55.343,19.89252,19.885060000000003,1.55,1.4
16.08.2021 00:52:03.238,19.89252,19.885060000000003,1.3,1.4
16.08.2021 00:52:03.339,19.89252,19.885060000000003,1.3,1.4
16.08.2021 00:52:03.714,19.89252,19.885060000000003,1.3,1.4
16.08.2021 00:52:03.764,19.892110000000002,19.88605,1.3,1
16.08.2021 00:52:03.865,19.89262,19.88605,1.55,1.35
16.08.2021 00:52:03.916,19.89262,19.88605,1.55,1.35
16.08.2021 00:52:04.599,19.89262,19.88605,1.55,1.35
16.08.2021 00:52:04.700,19.89262,19.88605,1.55,1.35
16.08.2021 00:52:05.616,19.89262,19.88605,1.55,1.35
16.08.2021 00:52:07.032,19.89262,19.88605,1.55,1.35
16.08.2021 00:52:07.180,19.89262,19.88605,1.55,1.35
16.08.2021 00:52:08.377,19.89262,19.88605,1.55,1.35
16.08.2021 00:52:09.250,19.89262,19.88605,1.55,1.35
16.08.2021 00:52:09.301,19.89262,19.88605,1.55,1.35
16.08.2021 00:52:09.351,19.89262,19.88605,1.55,1.35
16.08.2021 00:52:09.583,19.89262,19.88605,1.55,1.35
16.08.2021 00:52:09.684,19.892120000000002,19.88605,1.3,1
16.08.2021 00:52:10.260,19.892120000000002,19.88605,1.3,1
16.08.2021 00:52:12.226,19.892120000000002,19.88605,1.3,1
16.08.2021 00:52:13.478,19.892120000000002,19.88605,1.3,1
16.08.2021 00:52:19.267,19.892120000000002,19.88605,1.3,1
16.08.2021 00:52:19.318,19.89289,19.88586,1.55,1.35
16.08.2021 00:52:19.368,19.89289,19.88586,1.55,1.35
16.08.2021 00:52:19.419,19.89289,19.88586,1.55,1.35
16.08.2021 00:52:19.790,19.89294,19.88586,1.55,1.35
16.08.2021 00:52:19.891,19.89294,19.88586,1.55,1.35
16.08.2021 00:52:19.941,19.89294,19.88586,1.55,1.35
16.08.2021 00:52:19.992,19.89294,19.88586,1.55,1.25
16.08.2021 00:52:21.364,19.89294,19.88586,1.55,1.25
16.08.2021 00:52:25.239,19.89269,19.88566,1.55,1.25
16.08.2021 00:52:25.604,19.89269,19.88566,1.55,1.25
16.08.2021 00:52:28.942,19.892860000000002,19.88566,1.05,1.25
16.08.2021 00:52:33.581,19.89294,19.88586,1.55,1.35
16.08.2021 00:52:34.272,19.89294,19.88586,1.55,1.65
16.08.2021 00:52:34.914,19.89294,19.88586,1.55,1.35
16.08.2021 00:52:35.171,19.89294,19.88586,1.55,1.35
16.08.2021 00:52:37.030,19.89294,19.88586,1.55,1.35
16.08.2021 00:52:37.162,19.89294,19.88586,1.55,1.35
16.08.2021 00:52:37.213,19.89294,19.88586,1.55,1.65
16.08.2021 00:52:37.263,19.89294,19.88586,1.55,1.65
16.08.2021 00:52:37.674,19.89294,19.88586,1.55,1.65
16.08.2021 00:52:39.477,19.89294,19.88586,1.55,1.35
16.08.2021 00:52:40.844,19.89294,19.88586,1.55,1.65
16.08.2021 00:52:43.164,19.89294,19.88586,1.55,1.65
16.08.2021 00:52:43.697,19.89294,19.88586,1.55,1.65
16.08.2021 00:52:47.922,19.89294,19.88586,1.55,1.65
16.08.2021 00:52:48.483,19.89339,19.88586,1.55,1.65
16.08.2021 00:52:48.584,19.89339,19.88588,1.55,1.15
16.08.2021 00:52:48.788,19.89299,19.88586,1.05,1.35
16.08.2021 00:52:48.889,19.89299,19.88586,1.67,1.35
16.08.2021 00:52:49.852,19.89299,19.88586,1.05,1.35
16.08.2021 00:52:49.953,19.89339,19.88586,1.55,1.65
16.08.2021 00:52:52.785,19.89339,19.88588,1.55,1.15
16.08.2021 00:52:52.851,19.89339,19.88588,1.55,1.15
16.08.2021 00:52:54.606,19.89339,19.88588,1.55,1.15
16.08.2021 00:52:55.132,19.89339,19.88588,1.55,1.15
16.08.2021 00:52:56.844,19.89339,19.88586,1.55,1.85
16.08.2021 00:52:58.040,19.89339,19.88586,1.55,1.85
16.08.2021 00:52:59.065,19.89339,19.88586,1.55,1.85
16.08.2021 00:52:59.116,19.89339,19.88589,1.55,1.15
16.08.2021 00:53:00.369,19.89339,19.88586,1.55,1.85
16.08.2021 00:53:02.670,19.89324,19.88586,1.55,1.85
16.08.2021 00:53:04.074,19.892760000000003,19.88626,1.25,1.1
16.08.2021 00:53:05.820,19.892760000000003,19.88626,1.25,1.1
16.08.2021 00:53:06.935,19.892760000000003,19.88626,1.25,1.1
16.08.2021 00:53:09.944,19.892760000000003,19.88626,1.25,1.1
16.08.2021 00:53:10.045,19.892760000000003,19.88626,1.25,1.1
16.08.2021 00:53:10.193,19.892760000000003,19.88626,1.25,1.1
16.08.2021 00:53:10.436,19.892760000000003,19.88626,1.25,1.1
16.08.2021 00:53:10.486,19.893620000000002,19.88768,2.25,1.25
16.08.2021 00:53:10.587,19.893620000000002,19.88768,1.5,1
16.08.2021 00:53:14.704,19.893620000000002,19.88768,1.5,1
16.08.2021 00:53:17.322,19.893620000000002,19.88768,1.5,1
16.08.2021 00:53:19.760,19.89384,19.88729,1.5,1.5
16.08.2021 00:53:20.922,19.89359,19.88729,1.5,1.5
16.08.2021 00:53:21.023,19.89359,19.88729,1.5,1.5
16.08.2021 00:53:28.549,19.89359,19.88729,1.5,1.25
16.08.2021 00:53:44.325,19.89359,19.88729,1.75,1.5
16.08.2021 00:53:44.426,19.89359,19.88729,1.75,1.5
16.08.2021 00:53:44.590,19.89359,19.88729,1.75,1.5
16.08.2021 00:53:44.815,19.89359,19.88729,1.75,1.5
16.08.2021 00:53:48.018,19.89359,19.88729,1.75,1.5
16.08.2021 00:53:57.182,19.89359,19.88729,1.75,1.5
16.08.2021 00:53:57.654,19.89359,19.88729,1.75,1.5
16.08.2021 00:53:58.785,19.89359,19.88729,1.75,1.5
16.08.2021 00:54:00.198,19.893620000000002,19.888810000000003,1.5,1
16.08.2021 00:54:00.249,19.89429,19.88861,1.1,1.81
16.08.2021 00:54:00.350,19.89429,19.88861,1.1,1.59
16.08.2021 00:54:00.400,19.89429,19.88861,1.1,1.11
16.08.2021 00:54:00.501,19.89429,19.88861,1.1,1.09
16.08.2021 00:54:03.103,19.894420000000004,19.88861,1.05,1.31
16.08.2021 00:54:03.373,19.894420000000004,19.88861,1.05,1.31
16.08.2021 00:54:05.408,19.894420000000004,19.889070000000004,1.05,1.01
16.08.2021 00:54:12.578,19.89429,19.88868,1,1.35
16.08.2021 00:54:15.261,19.89444,19.88868,1.1,1.65
16.08.2021 00:54:15.487,19.89429,19.88868,1,1.35
16.08.2021 00:54:55.709,19.89429,19.88923,1,1
16.08.2021 00:54:55.810,19.89429,19.889960000000002,1.1,1.01
16.08.2021 00:55:00.114,19.89392,19.88936,1.2,1
16.08.2021 00:55:00.215,19.894420000000004,19.88909,1.05,1.01
16.08.2021 00:55:00.316,19.894420000000004,19.88909,1.05,1.11
16.08.2021 00:55:04.138,19.894420000000004,19.88923,1.05,1
16.08.2021 00:55:04.188,19.894420000000004,19.88909,1.05,1.01
16.08.2021 00:55:04.293,19.894720000000003,19.88869,1,1.65
16.08.2021 00:55:04.444,19.894420000000004,19.88909,1.05,1.41
16.08.2021 00:55:08.234,19.894420000000004,19.88909,1.05,1.01
16.08.2021 00:55:08.290,19.89497,19.8887,1.1,1.75
16.08.2021 00:55:08.370,19.895210000000002,19.8887,1.05,1.75
16.08.2021 00:55:11.243,19.89508,19.8887,1.1,1.75
16.08.2021 00:55:15.642,19.895210000000002,19.8887,1.05,1.75
16.08.2021 00:55:15.742,19.89508,19.8887,1.1,1.75
16.08.2021 00:55:32.988,19.895210000000002,19.8887,1.05,1.75
16.08.2021 00:55:33.312,19.895020000000002,19.8887,1.1,1.75
16.08.2021 00:55:34.239,19.895210000000002,19.8887,1.05,1.75
16.08.2021 00:55:35.270,19.895020000000002,19.8887,1.1,1.75
16.08.2021 00:55:37.306,19.895020000000002,19.8887,1.1,1.75
16.08.2021 00:56:00.138,19.89495,19.88898,1.1,1.75
16.08.2021 00:56:16.547,19.89339,19.88908,1,1.3
16.08.2021 00:56:16.597,19.89429,19.88908,1.1,1.01
16.08.2021 00:56:16.698,19.894420000000004,19.88908,1.05,1.11
16.08.2021 00:56:20.195,19.894420000000004,19.88908,1.05,1.01
16.08.2021 00:56:23.287,19.894420000000004,19.88908,1.05,1.31
16.08.2021 00:56:24.272,19.894420000000004,19.88908,1.05,1.56
16.08.2021 00:57:24.447,19.89473,19.88898,1.1,1.4
16.08.2021 00:57:25.304,19.89473,19.88898,1.1,1.4
16.08.2021 00:57:36.644,19.894720000000003,19.88898,1.1,1.4
16.08.2021 00:57:41.639,19.89429,19.88898,1,1.1
16.08.2021 00:57:42.104,19.89429,19.88898,1,1.35
16.08.2021 00:57:55.608,19.894620000000003,19.88926,1.1,1
16.08.2021 00:57:56.650,19.894620000000003,19.88938,1.1,1.1
16.08.2021 00:58:06.327,19.89429,19.88864,1.42,1.3
16.08.2021 00:58:06.428,19.89429,19.88841,1.72,1.1
16.08.2021 00:58:06.579,19.89411,19.88841,1.1,1.1
16.08.2021 00:58:06.954,19.89411,19.88841,1.1,1.1
16.08.2021 00:58:13.845,19.89357,19.88841,1,1
16.08.2021 00:58:13.946,19.89357,19.88802,1,1
16.08.2021 00:58:13.997,19.89357,19.88802,1.8,1
16.08.2021 00:58:14.098,19.89357,19.88802,1.3,1
16.08.2021 00:58:14.294,19.89357,19.886960000000002,1.3,1.35
16.08.2021 00:58:14.350,19.89339,19.88788,1.55,1.25
16.08.2021 00:58:14.653,19.89318,19.88788,1.05,1.25
16.08.2021 00:58:15.962,19.8931,19.88788,1.3,1.25
16.08.2021 00:58:17.612,19.8931,19.88788,1.3,1.25
16.08.2021 00:58:19.829,19.89299,19.88788,1.3,1.25
16.08.2021 00:58:23.296,19.89318,19.88788,1.05,1.25
16.08.2021 00:58:24.074,19.89318,19.88788,1.05,1.25
16.08.2021 00:58:24.225,19.89318,19.88788,1.05,1.25
16.08.2021 00:58:24.276,19.8932,19.88749,1.3,1
16.08.2021 00:58:24.794,19.89317,19.88788,1.8,1
16.08.2021 00:58:24.906,19.89317,19.88788,1.5,1
16.08.2021 00:58:25.002,19.89317,19.88788,1.8,1
16.08.2021 00:58:26.180,19.89317,19.88788,1.5,1
16.08.2021 00:58:39.194,19.89345,19.88749,1.3,1
16.08.2021 00:58:39.930,19.893520000000002,19.88749,1.3,1
16.08.2021 00:58:40.231,19.893520000000002,19.88749,1.3,1
16.08.2021 00:58:53.276,19.89348,19.88636,1.3,1.65
16.08.2021 00:59:02.199,19.89348,19.88636,1.3,1.65
16.08.2021 00:59:04.982,19.89348,19.88749,1.3,1
16.08.2021 00:59:05.084,19.89348,19.88788,1.3,1
16.08.2021 00:59:15.102,19.89348,19.88749,1.3,1.5
16.08.2021 00:59:19.157,19.89348,19.88749,1,1.5
16.08.2021 00:59:25.517,19.89339,19.88788,1.3,1
16.08.2021 00:59:25.618,19.89318,19.88788,1.05,1.25
16.08.2021 00:59:30.162,19.89318,19.88788,1.05,1.25
16.08.2021 00:59:35.711,19.8933,19.88749,1.8,1.25
16.08.2021 00:59:54.439,19.89289,19.88788,1.55,1.25
16.08.2021 01:00:00.071,19.89289,19.88788,1.55,1.25
16.08.2021 01:00:00.172,19.89169,19.88788,1,1
16.08.2021 01:00:01.697,19.89159,19.88788,1,1
16.08.2021 01:00:02.778,19.89169,19.88788,1,1
16.08.2021 01:00:02.829,19.89169,19.88788,1.3,1
16.08.2021 01:00:04.095,19.89169,19.88788,1.3,1
16.08.2021 01:00:04.324,19.89245,19.88543,1.3,1.65
16.08.2021 01:00:04.458,19.89179,19.88788,1.3,1
16.08.2021 01:00:04.700,19.89169,19.88788,1,1
16.08.2021 01:00:04.807,19.89169,19.88788,1.3,1
16.08.2021 01:00:05.101,19.89179,19.88788,1.3,1
16.08.2021 01:00:05.203,19.89169,19.88788,1,1
16.08.2021 01:00:05.308,19.89169,19.88788,1.3,1
16.08.2021 01:00:05.418,19.89179,19.88788,1.3,1
16.08.2021 01:00:05.721,19.89219,19.88788,1.3,1
16.08.2021 01:00:06.010,19.89279,19.88788,1.3,1
16.08.2021 01:00:10.415,19.89199,19.88788,1,1
16.08.2021 01:00:10.520,19.89189,19.88788,1.3,1
16.08.2021 01:00:10.671,19.89189,19.88788,1.3,1
16.08.2021 01:00:13.053,19.89169,19.88788,1.3,1
16.08.2021 01:00:14.806,19.89169,19.88788,1.3,1
16.08.2021 01:00:18.381,19.89169,19.88788,1,1
16.08.2021 01:00:26.967,19.89179,19.88533,1,1.65
16.08.2021 01:00:27.018,19.89179,19.88788,1,1
16.08.2021 01:00:30.490,19.89179,19.88788,1.3,1
16.08.2021 01:00:35.624,19.89209,19.88788,1.3,1
16.08.2021 01:00:38.206,19.89199,19.88788,1.3,1
16.08.2021 01:00:38.401,19.89199,19.88788,1.3,1
16.08.2021 01:00:40.495,19.89169,19.88788,1.3,1
16.08.2021 01:00:40.596,19.89169,19.88788,1.3,1
16.08.2021 01:00:42.152,19.89169,19.88788,1.3,1
16.08.2021 01:00:42.340,19.89169,19.88788,1.3,1
16.08.2021 01:00:44.107,19.89169,19.88788,1.3,1
16.08.2021 01:00:45.208,19.89169,19.88788,1.3,1
16.08.2021 01:00:45.503,19.89169,19.88788,1.3,1
16.08.2021 01:00:47.998,19.89169,19.88788,1,1
16.08.2021 01:00:48.610,19.89169,19.88788,1.3,1
16.08.2021 01:00:49.267,19.89159,19.88788,1.3,1
16.08.2021 01:00:49.373,19.89159,19.88788,1,1
16.08.2021 01:00:51.831,19.89179,19.88788,1.3,1
16.08.2021 01:00:51.881,19.89159,19.88788,1,1
16.08.2021 01:00:53.729,19.89169,19.88788,1,1
16.08.2021 01:00:54.496,19.89159,19.88643,1,1
16.08.2021 01:00:54.822,19.89159,19.88547,1,1.4
16.08.2021 01:00:54.873,19.89159,19.88547,1.3,1.4
16.08.2021 01:00:55.941,19.89159,19.88547,1.3,1.4
16.08.2021 01:00:56.589,19.89179,19.88547,1,1.4
16.08.2021 01:00:56.690,19.89159,19.88547,1,1.4
16.08.2021 01:00:56.897,19.89159,19.88547,1,1.4
16.08.2021 01:00:58.527,19.89179,19.88547,1,1.4
16.08.2021 01:00:58.681,19.89179,19.88547,1.3,1.4
16.08.2021 01:01:00.648,19.89179,19.88547,1.3,1.4
16.08.2021 01:01:03.567,19.89159,19.88547,1.3,1.4
16.08.2021 01:01:03.699,19.89159,19.88547,1.3,1.4
16.08.2021 01:01:06.770,19.89179,19.88547,1.3,1.4
16.08.2021 01:01:06.871,19.89159,19.88547,1.3,1.4
16.08.2021 01:01:06.972,19.89159,19.88547,1.3,1.4
16.08.2021 01:01:09.002,19.89159,19.88547,1.3,1.4
16.08.2021 01:01:12.417,19.89159,19.88547,1.3,1.4
16.08.2021 01:01:13.257,19.89159,19.88547,1.3,1.4
16.08.2021 01:01:16.169,19.89159,19.88547,1.3,1.4
16.08.2021 01:01:17.731,19.89179,19.88547,1.3,1.4
16.08.2021 01:01:17.998,19.89159,19.88547,1.3,1.4
16.08.2021 01:01:19.293,19.89159,19.88547,1.3,1.4
16.08.2021 01:01:19.845,19.89159,19.88547,1.3,1.4
16.08.2021 01:01:23.255,19.89159,19.88547,1.3,1.4
16.08.2021 01:01:24.039,19.89159,19.88547,1.3,1.4
16.08.2021 01:01:24.611,19.89189,19.88547,1.55,1.4
16.08.2021 01:01:24.974,19.891920000000002,19.88547,1.55,1.4
16.08.2021 01:01:27.779,19.89189,19.88547,1.55,1.4
16.08.2021 01:01:28.252,19.891920000000002,19.88547,1.55,1.4
16.08.2021 01:01:28.353,19.891920000000002,19.88547,1.55,1.4
16.08.2021 01:01:29.859,19.891920000000002,19.88547,1.55,1.4
16.08.2021 01:01:30.380,19.89189,19.88547,1.55,1.4
16.08.2021 01:01:31.623,19.891920000000002,19.88547,1.55,1.4
16.08.2021 01:01:32.556,19.89189,19.88547,1.55,1.4
16.08.2021 01:01:37.574,19.89189,19.88547,1.55,1.4
16.08.2021 01:01:38.688,19.89189,19.88547,1.55,1.4
16.08.2021 01:01:39.470,19.89169,19.88547,1,1.4
16.08.2021 01:01:39.566,19.89169,19.88547,1.3,1.4
16.08.2021 01:01:41.161,19.89179,19.88547,1.3,1.4
16.08.2021 01:01:41.212,19.89169,19.88547,1,1.4
16.08.2021 01:01:41.313,19.89169,19.88547,1.3,1.4
16.08.2021 01:01:41.364,19.89169,19.88547,1.3,1.4
16.08.2021 01:01:42.814,19.89169,19.88547,1.3,1.4
16.08.2021 01:01:43.249,19.89169,19.88547,1.3,1.4
16.08.2021 01:01:43.351,19.89179,19.88547,1.3,1.4
16.08.2021 01:01:43.401,19.89179,19.88547,1.3,1.4
16.08.2021 01:01:44.833,19.89169,19.88547,1.3,1.4
16.08.2021 01:01:44.934,19.89169,19.88547,1.3,1.4
16.08.2021 01:01:45.516,19.89169,19.88547,1.3,1.4
16.08.2021 01:01:46.221,19.891920000000002,19.88547,1.55,1.4
16.08.2021 01:01:48.156,19.891920000000002,19.88547,1.55,1.4
16.08.2021 01:01:50.072,19.891920000000002,19.88631,1.3,1
16.08.2021 01:01:50.173,19.89301,19.88701,1.4,1
16.08.2021 01:01:51.246,19.893120000000003,19.88701,1.65,1
16.08.2021 01:01:51.567,19.89314,19.887310000000003,1.9,1.25
16.08.2021 01:01:53.256,19.89339,19.887310000000003,1.65,1.25
16.08.2021 01:01:55.646,19.89339,19.887310000000003,1.65,1.25
16.08.2021 01:02:00.692,19.89354,19.887310000000003,1.4,1.25
16.08.2021 01:02:00.743,19.89354,19.887310000000003,1.4,1.35
16.08.2021 01:02:00.894,19.89354,19.887310000000003,1.4,1.35
16.08.2021 01:02:02.091,19.89354,19.887310000000003,1.4,1.35
16.08.2021 01:02:06.150,19.89354,19.887310000000003,1.4,1.35
16.08.2021 01:02:07.592,19.89354,19.887310000000003,1.4,1.35
16.08.2021 01:02:07.896,19.89359,19.887310000000003,2.05,1.35
16.08.2021 01:02:08.044,19.89359,19.887310000000003,2.05,1.35
16.08.2021 01:02:08.330,19.89359,19.887310000000003,2.05,1.35
16.08.2021 01:02:12.506,19.89359,19.887310000000003,1.6,1.35
16.08.2021 01:02:13.130,19.89359,19.887310000000003,1.6,1.35
16.08.2021 01:02:17.459,19.89359,19.887310000000003,1.6,1.35
16.08.2021 01:02:18.333,19.89359,19.887310000000003,1.6,1.35
16.08.2021 01:02:18.384,19.89359,19.887310000000003,1.6,1.35
16.08.2021 01:02:23.589,19.89359,19.887310000000003,1.6,1.25
16.08.2021 01:02:25.106,19.89359,19.88716,1.6,1.25
16.08.2021 01:02:25.208,19.893520000000002,19.887310000000003,1.3,1.25
16.08.2021 01:02:25.672,19.893520000000002,19.887310000000003,1.3,1.55
16.08.2021 01:02:30.068,19.893520000000002,19.887310000000003,1.3,1.25
16.08.2021 01:02:32.974,19.893520000000002,19.887310000000003,1.3,1.55
16.08.2021 01:02:33.176,19.893520000000002,19.887310000000003,1.3,1.25
16.08.2021 01:02:33.425,19.893520000000002,19.887310000000003,1.3,1.55
16.08.2021 01:02:33.617,19.893520000000002,19.887310000000003,1.3,1.25
16.08.2021 01:02:45.827,19.89339,19.887310000000003,1.55,1.25
16.08.2021 01:02:46.046,19.89339,19.887310000000003,1.55,1.25
16.08.2021 01:02:51.709,19.893320000000003,19.886860000000002,1.55,1.4
16.08.2021 01:02:55.491,19.893320000000003,19.886860000000002,1.55,1.4
16.08.2021 01:02:58.011,19.892920000000004,19.886779999999998,1,1.4
16.08.2021 01:02:58.117,19.892920000000004,19.886779999999998,1.3,1.3
16.08.2021 01:02:58.614,19.892920000000004,19.88669,1.3,1.3
16.08.2021 01:03:01.253,19.892920000000004,19.88669,1.3,1.4
16.08.2021 01:03:01.407,19.892920000000004,19.88669,1,1.4
16.08.2021 01:03:01.661,19.892920000000004,19.88669,1,1.4
16.08.2021 01:03:03.783,19.892920000000004,19.88669,1,1.4
16.08.2021 01:03:07.266,19.892920000000004,19.88669,1,1.4
16.08.2021 01:03:10.003,19.892920000000004,19.88669,1,1.4
16.08.2021 01:03:11.695,19.892920000000004,19.88669,1,1.4
16.08.2021 01:03:13.215,19.893310000000003,19.88668,1.55,1.4
16.08.2021 01:03:13.436,19.893310000000003,19.88668,1.55,1.4
16.08.2021 01:03:13.489,19.893310000000003,19.88668,1.55,1.4
16.08.2021 01:03:13.539,19.893310000000003,19.88668,1.55,1.4
16.08.2021 01:03:14.965,19.893310000000003,19.88668,1.55,1.4
16.08.2021 01:03:15.363,19.89299,19.88668,1.3,1.3
16.08.2021 01:03:15.413,19.89299,19.88644,1.3,1.65
16.08.2021 01:03:15.668,19.89299,19.88644,1.3,1.65
16.08.2021 01:03:16.570,19.89299,19.88644,1.3,1.65
16.08.2021 01:03:17.191,19.893310000000003,19.88644,1.55,1.65
16.08.2021 01:03:17.292,19.893310000000003,19.88661,1.55,1.4
16.08.2021 01:03:18.989,19.893310000000003,19.88661,1.55,1.4
16.08.2021 01:03:19.081,19.893310000000003,19.88661,1.55,1.4
16.08.2021 01:03:21.572,19.89279,19.886300000000002,1.3,1.65
16.08.2021 01:03:21.832,19.89279,19.886300000000002,1.3,1.65
16.08.2021 01:03:22.701,19.892590000000002,19.88669,1.3,1
16.08.2021 01:03:23.265,19.892590000000002,19.88669,1.3,1.3
16.08.2021 01:03:23.507,19.89219,19.88669,1,1.3
16.08.2021 01:03:23.717,19.89219,19.88669,1.3,1
16.08.2021 01:03:24.368,19.89209,19.88669,1,1
16.08.2021 01:03:24.575,19.89219,19.88669,1.3,1
16.08.2021 01:03:24.870,19.89189,19.88668,1,1
16.08.2021 01:03:25.254,19.892020000000002,19.88668,1.3,1
16.08.2021 01:03:25.657,19.89189,19.88668,1,1
16.08.2021 01:03:25.758,19.89179,19.88668,1.3,1
16.08.2021 01:03:25.859,19.89179,19.88668,1.3,1
16.08.2021 01:03:25.960,19.89179,19.88668,1.3,1
16.08.2021 01:03:26.706,19.891920000000002,19.88668,1,1
16.08.2021 01:03:27.867,19.89189,19.88668,1,1
16.08.2021 01:03:27.968,19.89189,19.88668,1.3,1
16.08.2021 01:03:28.084,19.89189,19.88668,1.3,1
16.08.2021 01:03:31.642,19.89189,19.88668,1.3,1
16.08.2021 01:03:34.396,19.89189,19.886270000000003,1.3,1
16.08.2021 01:03:34.447,19.89189,19.88579,1.3,1
16.08.2021 01:03:41.391,19.89189,19.88579,1.3,1
16.08.2021 01:03:45.194,19.89179,19.88579,1.3,1
16.08.2021 01:03:45.315,19.89179,19.88579,1.8,1
16.08.2021 01:03:45.659,19.89101,19.885360000000002,1,1.25
16.08.2021 01:03:58.115,19.89101,19.885360000000002,1,1.35
16.08.2021 01:03:59.969,19.891320000000004,19.88579,1,1
16.08.2021 01:04:00.079,19.89073,19.88579,1,1
16.08.2021 01:04:02.110,19.89073,19.88579,1,1
16.08.2021 01:04:08.403,19.89102,19.88579,1,1
16.08.2021 01:04:13.720,19.89092,19.885160000000003,1,1.35
16.08.2021 01:04:19.146,19.89092,19.885160000000003,1,1.35
16.08.2021 01:04:22.457,19.89092,19.885160000000003,1,1.35
16.08.2021 01:04:22.557,19.89092,19.885160000000003,1,1.35
16.08.2021 01:04:22.908,19.89092,19.885160000000003,1,1.35
16.08.2021 01:04:28.038,19.89092,19.88558,1,1.35
16.08.2021 01:04:34.354,19.89092,19.88558,1.3,1
16.08.2021 01:04:34.923,19.89101,19.88579,1.3,1
16.08.2021 01:04:41.320,19.89111,19.88558,1.3,1.1
16.08.2021 01:04:42.046,19.89111,19.88558,1.3,1.1
16.08.2021 01:04:43.216,19.89111,19.88558,1.3,1.1
16.08.2021 01:04:43.326,19.89111,19.88558,1.3,1.1
16.08.2021 01:04:44.093,19.89111,19.88558,1.3,1.1
16.08.2021 01:04:44.470,19.89111,19.88558,1.3,1.1
16.08.2021 01:04:45.013,19.89111,19.88558,1.3,1.1
16.08.2021 01:04:45.276,19.89111,19.88558,1.3,1.1
16.08.2021 01:04:47.341,19.89111,19.88558,1.3,1.1
16.08.2021 01:04:47.440,19.89111,19.88558,1.3,1.1
16.08.2021 01:04:48.565,19.89111,19.88558,1.3,1.1
16.08.2021 01:04:49.086,19.89111,19.88558,1.3,1.1
16.08.2021 01:04:49.187,19.89143,19.88558,1,1.1
16.08.2021 01:04:49.945,19.89143,19.88558,1,1.1
16.08.2021 01:04:50.097,19.89143,19.88558,1,1.1
16.08.2021 01:04:50.496,19.89112,19.88558,1.3,1.1
16.08.2021 01:04:53.403,19.89143,19.88558,1.3,1.1
16.08.2021 01:04:55.496,19.89143,19.88558,1.3,1.1
16.08.2021 01:04:56.522,19.89143,19.88558,1.3,1.1
16.08.2021 01:04:59.222,19.89143,19.88558,1.3,1.1
16.08.2021 01:04:59.493,19.89163,19.88558,1.3,1.1
16.08.2021 01:04:59.629,19.89163,19.88558,1.3,1.1
16.08.2021 01:04:59.942,19.89163,19.886560000000003,1.3,1
16.08.2021 01:05:00.043,19.892020000000002,19.886560000000003,1,1.4
16.08.2021 01:05:01.637,19.89232,19.88688,1,1.1
16.08.2021 01:05:02.727,19.89232,19.88688,1,1.1
16.08.2021 01:05:02.778,19.89262,19.88688,1.3,1.1
16.08.2021 01:05:04.584,19.89262,19.88718,1.3,1
16.08.2021 01:05:06.516,19.89262,19.88718,1.3,1
16.08.2021 01:05:06.975,19.893020000000003,19.88718,1.8,1.1
16.08.2021 01:05:07.700,19.893020000000003,19.88718,1.8,1.1
16.08.2021 01:05:10.054,19.893020000000003,19.88718,1.8,1
16.08.2021 01:05:10.153,19.893020000000003,19.88718,1.8,1.1
16.08.2021 01:05:10.406,19.893020000000003,19.88718,1.8,1.1
16.08.2021 01:05:13.270,19.893020000000003,19.88718,1.5,1.1
16.08.2021 01:05:13.965,19.893020000000003,19.88718,1.5,1.1
16.08.2021 01:05:18.618,19.893020000000003,19.88718,1.5,1
16.08.2021 01:05:21.106,19.893020000000003,19.88718,1.8,1
16.08.2021 01:05:21.909,19.893020000000003,19.88718,1.5,1
16.08.2021 01:05:22.780,19.893020000000003,19.88718,1.8,1
16.08.2021 01:05:23.273,19.893020000000003,19.88718,1.8,1
16.08.2021 01:05:24.711,19.893020000000003,19.88718,1.8,1
16.08.2021 01:05:25.983,19.893020000000003,19.88718,1.8,1.1
16.08.2021 01:05:27.288,19.893020000000003,19.88718,1.8,1.1
16.08.2021 01:05:28.343,19.89359,19.88736,2.45,1
16.08.2021 01:05:29.101,19.893410000000003,19.88748,1.8,1
16.08.2021 01:05:31.373,19.89339,19.88778,1.8,1
16.08.2021 01:05:33.271,19.89339,19.88778,1.8,1
16.08.2021 01:05:34.229,19.893410000000003,19.88778,1.8,1
16.08.2021 01:05:38.447,19.89339,19.88778,1.8,1
16.08.2021 01:05:39.420,19.893020000000003,19.88778,1.8,1
16.08.2021 01:05:41.085,19.893020000000003,19.88748,1.8,1
16.08.2021 01:05:42.872,19.893020000000003,19.88748,1.8,1
16.08.2021 01:05:43.804,19.893020000000003,19.88748,1.8,1
16.08.2021 01:05:52.899,19.89339,19.88736,1.8,1
16.08.2021 01:05:53.272,19.89339,19.88736,1.8,1
16.08.2021 01:05:56.308,19.89353,19.88736,1.3,1
16.08.2021 01:05:59.457,19.89353,19.88736,1.3,1
16.08.2021 01:06:01.073,19.893310000000003,19.88736,1.8,1
16.08.2021 01:06:08.409,19.893120000000003,19.88736,1.3,1
16.08.2021 01:06:10.649,19.893220000000003,19.88706,1.3,1
16.08.2021 01:06:10.700,19.893220000000003,19.88718,1.3,1
16.08.2021 01:06:11.476,19.893220000000003,19.88718,1.3,1
16.08.2021 01:06:35.389,19.89339,19.88706,1.8,1
16.08.2021 01:06:35.440,19.89339,19.88706,1.8,1.3
16.08.2021 01:06:35.491,19.89339,19.88706,1.8,1.3
16.08.2021 01:06:41.827,19.89339,19.88736,1.8,1
16.08.2021 01:06:42.484,19.89339,19.88748,1.8,1
16.08.2021 01:06:43.345,19.89339,19.88748,1.8,1
16.08.2021 01:06:45.363,19.89339,19.88748,1.8,1
16.08.2021 01:06:46.418,19.89339,19.88748,1.8,1
16.08.2021 01:06:48.012,19.89339,19.88748,1.8,1
16.08.2021 01:06:49.683,19.89339,19.88748,1.8,1
16.08.2021 01:06:51.346,19.89339,19.88748,1.8,1
16.08.2021 01:07:01.405,19.89339,19.88748,1.8,1
16.08.2021 01:07:03.271,19.89339,19.88748,1.8,1
16.08.2021 01:07:13.271,19.89339,19.88748,1.8,1
16.08.2021 01:07:17.724,19.89339,19.88718,1.8,1.3
16.08.2021 01:07:23.488,19.89339,19.88718,1.8,1.3
16.08.2021 01:07:24.195,19.89317,19.88718,1.8,1.3
16.08.2021 01:07:24.447,19.892920000000004,19.88718,1.8,1
16.08.2021 01:07:30.989,19.892920000000004,19.88689,1.8,2.55
16.08.2021 01:07:31.039,19.892590000000002,19.88689,1.3,2.44
16.08.2021 01:07:38.392,19.89283,19.88689,1.3,2.25
16.08.2021 01:07:38.566,19.892590000000002,19.88689,1.3,2.44
16.08.2021 01:07:38.617,19.89239,19.88689,1.8,2.25
16.08.2021 01:07:38.718,19.89239,19.88689,1.8,2.25
16.08.2021 01:07:51.775,19.892590000000002,19.886,1.3,1.65
16.08.2021 01:07:53.262,19.89229,19.88689,1.8,2.25
16.08.2021 01:07:54.158,19.89229,19.88689,1.8,2.25
16.08.2021 01:07:57.079,19.89189,19.88689,1.5,1
16.08.2021 01:08:02.656,19.89189,19.88689,1,1
16.08.2021 01:08:04.564,19.89193,19.88689,1.05,1.25
16.08.2021 01:08:08.397,19.892020000000002,19.88689,1.3,1
16.08.2021 01:08:12.837,19.892020000000002,19.88689,1.3,1
16.08.2021 01:08:13.992,19.892020000000002,19.88689,1,1
16.08.2021 01:08:19.491,19.89229,19.88586,1.3,1.65
16.08.2021 01:08:23.390,19.89229,19.88586,1.3,1.65
16.08.2021 01:08:27.129,19.89239,19.88586,1.3,1.65
16.08.2021 01:08:33.104,19.89249,19.88606,1.8,1.65
16.08.2021 01:08:33.271,19.89249,19.88606,1.8,1.65
16.08.2021 01:08:39.105,19.89229,19.88606,1.3,1.65
16.08.2021 01:08:40.345,19.89229,19.88606,1.3,1.65
16.08.2021 01:08:40.605,19.89229,19.88606,1.3,1.65
16.08.2021 01:08:40.981,19.89229,19.88606,1.3,1.65
16.08.2021 01:08:49.440,19.89229,19.88606,1.3,1.65
16.08.2021 01:08:54.521,19.89243,19.8869,1.05,1.25
16.08.2021 01:08:56.531,19.89243,19.8869,1.05,1.25
16.08.2021 01:09:13.156,19.892590000000002,19.88616,1.3,1.65
16.08.2021 01:09:24.485,19.892590000000002,19.88616,1.3,1.65
16.08.2021 01:09:36.650,19.89219,19.8869,1.8,1
16.08.2021 01:09:38.405,19.89219,19.8869,1.8,1
16.08.2021 01:09:45.081,19.89219,19.8869,1.8,1
16.08.2021 01:09:51.018,19.892590000000002,19.88616,1.3,1.65
16.08.2021 01:10:08.539,19.892590000000002,19.88596,1.3,1.4
16.08.2021 01:10:08.745,19.892590000000002,19.88596,1.3,1.4
16.08.2021 01:10:14.949,19.892590000000002,19.88583,1.3,1.4
16.08.2021 01:10:26.819,19.892470000000003,19.88569,1.8,1.4
16.08.2021 01:10:32.296,19.892470000000003,19.88586,1.8,1.4
16.08.2021 01:10:37.139,19.89225,19.88586,1.8,1.65
16.08.2021 01:10:37.240,19.892210000000002,19.88586,1.3,1.25
16.08.2021 01:10:45.951,19.89245,19.88586,1.8,1.35
16.08.2021 01:10:50.505,19.89245,19.88586,1.8,1.35
16.08.2021 01:10:50.673,19.89245,19.88586,1.8,1.35
16.08.2021 01:11:00.106,19.89235,19.88586,1.8,1.35
16.08.2021 01:11:00.455,19.89235,19.88586,1.8,1.35
16.08.2021 01:11:01.952,19.89179,19.88689,1.8,1
16.08.2021 01:11:15.284,19.89169,19.88689,1.8,1
16.08.2021 01:11:27.143,19.892220000000002,19.8865,1.8,1
16.08.2021 01:11:27.289,19.89235,19.88566,1.8,1.65
16.08.2021 01:11:30.105,19.89235,19.88566,1.8,1.65
16.08.2021 01:11:30.954,19.89235,19.88566,1.8,1.65
16.08.2021 01:11:33.339,19.892220000000002,19.8865,1.8,1
16.08.2021 01:11:38.401,19.892220000000002,19.8865,1.8,1
16.08.2021 01:11:39.388,19.89233,19.88556,1.3,1.4
16.08.2021 01:11:41.343,19.89159,19.88689,1.8,1
16.08.2021 01:11:41.494,19.89129,19.88689,1.8,1
16.08.2021 01:11:58.759,19.89159,19.88689,1.8,1
16.08.2021 01:12:01.204,19.890510000000003,19.88689,1,1
16.08.2021 01:12:01.305,19.88929,19.88689,1,1
16.08.2021 01:12:01.356,19.88929,19.88508,1,1
16.08.2021 01:12:01.841,19.88929,19.88438,1.5,1
16.08.2021 01:12:01.891,19.88859,19.88438,1,1
16.08.2021 01:12:01.942,19.88859,19.88329,1.3,1
16.08.2021 01:12:01.992,19.88859,19.88329,1.3,1
16.08.2021 01:12:05.265,19.88839,19.88329,1.8,1
16.08.2021 01:12:08.402,19.888090000000002,19.88329,1.8,1
16.08.2021 01:12:10.382,19.888090000000002,19.88238,1.8,1
16.08.2021 01:12:22.682,19.887990000000002,19.88166,1.8,1.65
16.08.2021 01:12:24.692,19.887990000000002,19.88166,1.8,1.65
16.08.2021 01:12:33.386,19.887990000000002,19.88166,1.8,1.65
16.08.2021 01:12:33.437,19.88789,19.88166,1.8,1.65
16.08.2021 01:12:33.588,19.88779,19.88238,1.8,1
16.08.2021 01:12:51.482,19.88843,19.88166,1.3,1.65
16.08.2021 01:12:57.087,19.88792,19.88238,1.8,1
16.08.2021 01:13:02.952,19.88792,19.88238,1.8,1
16.08.2021 01:13:04.447,19.88822,19.88166,1.3,1.65
16.08.2021 01:13:04.506,19.88792,19.88238,1.8,1
16.08.2021 01:13:07.757,19.88769,19.88238,1.8,1
16.08.2021 01:13:07.858,19.887120000000003,19.88238,1,1
16.08.2021 01:13:08.400,19.887120000000003,19.88238,1.3,1
16.08.2021 01:13:10.462,19.887220000000003,19.881990000000002,1,1
16.08.2021 01:13:28.006,19.887220000000003,19.881990000000002,1,1
16.08.2021 01:13:28.158,19.88824,19.88091,1.8,1.65
16.08.2021 01:13:36.107,19.88824,19.88096,1.8,1.65
16.08.2021 01:13:38.403,19.88824,19.88096,1.8,1.65
16.08.2021 01:13:53.984,19.88824,19.88096,1.8,1.65
16.08.2021 01:13:56.730,19.88824,19.88146,1.8,1.65
16.08.2021 01:13:58.790,19.88824,19.88146,1.8,1.65
16.08.2021 01:14:00.065,19.88824,19.88146,1.8,1.65
16.08.2021 01:14:00.533,19.88824,19.88146,1.8,1.65
16.08.2021 01:14:00.783,19.88824,19.88146,1.8,1.65
16.08.2021 01:14:00.884,19.88822,19.88176,1.3,1.1
16.08.2021 01:14:00.935,19.88854,19.88176,1.8,1.4
16.08.2021 01:14:00.985,19.88854,19.88176,1.8,1.4
16.08.2021 01:14:01.777,19.88854,19.88176,1.8,1.4
16.08.2021 01:14:02.177,19.88854,19.88176,1.8,1.4
16.08.2021 01:14:03.704,19.88854,19.88176,1.8,1.4
16.08.2021 01:14:04.446,19.888650000000002,19.88176,1.8,1.4
16.08.2021 01:14:04.557,19.888650000000002,19.88176,1.8,1.9
16.08.2021 01:14:05.449,19.888650000000002,19.88176,1.8,1.4
16.08.2021 01:14:07.425,19.888650000000002,19.88176,1.8,1.4
16.08.2021 01:14:07.568,19.888650000000002,19.88176,1.8,1.4
16.08.2021 01:14:07.860,19.888650000000002,19.88176,1.8,1.4
16.08.2021 01:14:08.437,19.888650000000002,19.88176,1.8,1.4
16.08.2021 01:14:12.991,19.88851,19.88176,1.3,1.4
16.08.2021 01:14:16.637,19.88851,19.88176,1.3,1.4
16.08.2021 01:14:19.411,19.88851,19.88176,1.3,1.4
16.08.2021 01:14:19.462,19.88851,19.88176,1.3,1.4
16.08.2021 01:14:23.846,19.888520000000003,19.88176,1.8,1.4
16.08.2021 01:14:28.114,19.888520000000003,19.88176,1.8,1.4
16.08.2021 01:14:28.749,19.888520000000003,19.88176,1.8,1.4
16.08.2021 01:14:36.991,19.888520000000003,19.88176,1.8,1.4
16.08.2021 01:14:39.098,19.888520000000003,19.88176,1.8,1.4
16.08.2021 01:14:40.133,19.888520000000003,19.88176,1.8,1.4
16.08.2021 01:14:42.556,19.888520000000003,19.88176,1.8,1.4
16.08.2021 01:14:42.672,19.888520000000003,19.88176,1.8,1.4
16.08.2021 01:14:44.981,19.888520000000003,19.883110000000002,1.3,1
16.08.2021 01:14:45.031,19.88928,19.883110000000002,1.8,1.3
16.08.2021 01:14:45.133,19.88928,19.883010000000002,1.8,1.4
16.08.2021 01:14:45.981,19.88928,19.883010000000002,1.55,1.4
16.08.2021 01:14:47.900,19.88928,19.8829,1.55,1.4
16.08.2021 01:14:49.261,19.88928,19.8829,1.55,1.4
16.08.2021 01:14:50.074,19.88928,19.8829,1.55,1.1
16.08.2021 01:14:50.770,19.88928,19.8829,1.55,1.1
16.08.2021 01:14:52.336,19.88928,19.8829,1.55,1.1
16.08.2021 01:14:52.437,19.88928,19.8829,1.55,1
16.08.2021 01:14:52.589,19.88909,19.8829,1.3,1
16.08.2021 01:14:53.999,19.88922,19.8829,1.3,1
16.08.2021 01:15:01.258,19.88922,19.8829,1.3,1
16.08.2021 01:15:01.413,19.88929,19.88278,1.8,1.5
16.08.2021 01:15:01.797,19.88929,19.88278,1.8,1.5
16.08.2021 01:15:05.144,19.88929,19.88288,1.8,1.05
16.08.2021 01:15:05.347,19.88929,19.88251,1.8,1.8
16.08.2021 01:15:07.136,19.88929,19.88251,1.8,1.9
16.08.2021 01:15:07.356,19.88929,19.88251,1.8,1.51
16.08.2021 01:15:07.406,19.88929,19.88251,1.8,1.51
16.08.2021 01:15:08.829,19.88929,19.88251,1.8,1.6
16.08.2021 01:15:08.930,19.88929,19.88251,1.8,1.9
16.08.2021 01:15:08.980,19.88929,19.88251,1.8,1.9
16.08.2021 01:15:09.484,19.88929,19.88251,1.8,1.51
16.08.2021 01:15:09.585,19.88929,19.88251,1.8,1.6
16.08.2021 01:15:10.465,19.88929,19.88251,1.8,1.6
16.08.2021 01:15:10.925,19.88929,19.88251,1.8,1.6
16.08.2021 01:15:11.208,19.88929,19.88251,1.8,1.6
