Gmt time,Ask,Bid,AskVolume,BidVolume
24.08.2021 00:00:00.040,20.325370000000003,20.31846,1.3,1
24.08.2021 00:00:00.343,20.325370000000003,20.31866,1.3,1
24.08.2021 00:00:00.494,20.325370000000003,20.31876,1.3,1
24.08.2021 00:00:00.595,20.325370000000003,20.31876,1.3,1
24.08.2021 00:00:00.726,20.325370000000003,20.31906,1.3,1
24.08.2021 00:00:01.784,20.325370000000003,20.319360000000003,1.3,1
24.08.2021 00:00:03.593,20.325370000000003,20.319360000000003,1.3,1
24.08.2021 00:00:03.744,20.325370000000003,20.319360000000003,1.3,1
24.08.2021 00:00:04.513,20.325370000000003,20.319360000000003,1.3,1
24.08.2021 00:00:04.970,20.325370000000003,20.319360000000003,1.3,1
24.08.2021 00:00:05.307,20.32497,20.319360000000003,1,1
24.08.2021 00:00:05.408,20.32479,20.319360000000003,1,1
24.08.2021 00:00:05.459,20.3247,20.31707,1.05,1.4
24.08.2021 00:00:05.560,20.3247,20.31681,1.05,2.15
24.08.2021 00:00:05.611,20.3247,20.3166,1.15,1.05
24.08.2021 00:00:05.662,20.3247,20.316660000000002,1.15,1.05
24.08.2021 00:00:05.819,20.3247,20.316660000000002,1.15,1.05
24.08.2021 00:00:06.233,20.3247,20.316860000000002,1.15,1
24.08.2021 00:00:07.242,20.324550000000002,20.31706,1.3,1
24.08.2021 00:00:07.344,20.324550000000002,20.31706,1.3,1.3
24.08.2021 00:00:12.297,20.325,20.31688,1.05,1
24.08.2021 00:00:12.348,20.325,20.31701,1.05,1
24.08.2021 00:00:12.449,20.32513,20.317510000000002,1.05,1.75
24.08.2021 00:00:12.499,20.32533,20.317510000000002,1.05,1.75
24.08.2021 00:00:12.650,20.32538,20.317610000000002,1.3,1.66
24.08.2021 00:00:12.734,20.32538,20.317610000000002,1.3,2.05
24.08.2021 00:00:13.502,20.32553,20.31846,1.05,1
24.08.2021 00:00:20.456,20.325370000000003,20.318160000000002,1.3,1
24.08.2021 00:00:20.507,20.325370000000003,20.31756,1.3,1.3
24.08.2021 00:00:20.558,20.325370000000003,20.31756,1.3,1.3
24.08.2021 00:00:21.002,20.32525,20.31746,1.3,1.55
24.08.2021 00:00:23.319,20.325370000000003,20.318060000000003,1.55,1.3
24.08.2021 00:00:23.459,20.325370000000003,20.318060000000003,1.55,1.3
24.08.2021 00:00:24.603,20.325370000000003,20.318060000000003,1.55,1.3
24.08.2021 00:00:26.467,20.325370000000003,20.318060000000003,1.55,1.3
24.08.2021 00:00:31.158,20.32479,20.318060000000003,1,1
24.08.2021 00:00:31.260,20.32479,20.318060000000003,1.3,1
24.08.2021 00:00:31.411,20.32479,20.318060000000003,1.3,1
24.08.2021 00:00:31.512,20.325370000000003,20.317860000000003,1.55,1
24.08.2021 00:00:31.670,20.325270000000003,20.317860000000003,1.05,1
24.08.2021 00:00:32.713,20.325370000000003,20.317860000000003,1.55,1
24.08.2021 00:00:33.276,20.32479,20.318060000000003,1,1
24.08.2021 00:00:33.618,20.325270000000003,20.317860000000003,1.05,1
24.08.2021 00:00:33.887,20.32479,20.317860000000003,1.16,1
24.08.2021 00:00:34.190,20.32479,20.317860000000003,1.55,1
24.08.2021 00:00:34.887,20.32479,20.317960000000003,1.55,1
24.08.2021 00:00:35.944,20.32479,20.317960000000003,1.3,1.3
24.08.2021 00:00:36.045,20.32479,20.317960000000003,1,1
24.08.2021 00:00:36.146,20.325270000000003,20.317960000000003,1.05,1
24.08.2021 00:00:36.458,20.32479,20.31776,1.3,1
24.08.2021 00:00:37.225,20.325370000000003,20.31766,1.55,1
24.08.2021 00:00:37.481,20.32479,20.31766,1.3,1
24.08.2021 00:00:37.800,20.32479,20.31766,1.3,1
24.08.2021 00:00:40.622,20.325029999999998,20.31766,1.3,1
24.08.2021 00:00:40.723,20.323870000000003,20.31766,1,1
24.08.2021 00:00:40.927,20.323870000000003,20.31746,1,1
24.08.2021 00:00:44.454,20.323870000000003,20.31756,1,1
24.08.2021 00:00:45.146,20.323870000000003,20.31766,1,1
24.08.2021 00:00:47.272,20.323870000000003,20.317320000000002,1,1
24.08.2021 00:00:47.424,20.323870000000003,20.317320000000002,1.3,1
24.08.2021 00:00:48.326,20.323870000000003,20.317320000000002,1.3,1.3
24.08.2021 00:01:01.359,20.32392,20.31661,1.85,1.05
24.08.2021 00:01:01.460,20.32376,20.31681,1.4,1.05
24.08.2021 00:01:01.858,20.32376,20.31681,1.4,1.05
24.08.2021 00:01:02.077,20.32376,20.31681,1.3,1.05
24.08.2021 00:01:04.603,20.32376,20.317110000000003,1.3,1.05
24.08.2021 00:01:06.600,20.32376,20.31654,1.3,1
24.08.2021 00:01:19.566,20.32376,20.31654,1.3,1.05
24.08.2021 00:01:24.602,20.32376,20.31654,1.3,1.05
24.08.2021 00:01:29.255,20.32376,20.31654,1.3,1.05
24.08.2021 00:01:30.035,20.32376,20.31654,1.3,1.05
24.08.2021 00:01:32.276,20.32376,20.31654,1.3,1.05
24.08.2021 00:01:49.273,20.32376,20.31623,1.3,1.5
24.08.2021 00:01:51.157,20.32376,20.31623,1.3,1.8
24.08.2021 00:02:02.687,20.32069,20.315150000000003,1.75,1.45
24.08.2021 00:02:02.789,20.32026,20.31471,1,1.45
24.08.2021 00:02:02.890,20.32026,20.31383,1.3,1.45
24.08.2021 00:02:03.091,20.32026,20.31371,1.8,1.95
24.08.2021 00:02:03.743,20.32026,20.31371,1.3,1.95
24.08.2021 00:02:08.595,20.32026,20.31371,1,1.95
24.08.2021 00:02:20.168,20.32075,20.31633,1,1
24.08.2021 00:02:20.218,20.32103,20.31633,1,1
24.08.2021 00:02:20.370,20.3214,20.31633,1,1
24.08.2021 00:02:20.421,20.3214,20.31631,1,1
24.08.2021 00:02:20.522,20.32293,20.31594,1,1.3
24.08.2021 00:02:21.852,20.32293,20.316660000000002,1,1
24.08.2021 00:02:24.603,20.32293,20.316660000000002,1.3,1.3
24.08.2021 00:02:26.130,20.32293,20.31696,1.3,1
24.08.2021 00:02:26.240,20.32293,20.31696,1,1
24.08.2021 00:02:31.411,20.32309,20.31717,1,1
24.08.2021 00:02:31.462,20.32347,20.31717,1,1
24.08.2021 00:02:31.876,20.32347,20.31717,1.3,1
24.08.2021 00:02:31.977,20.32347,20.31717,1,1
24.08.2021 00:02:34.190,20.32456,20.31792,1.3,1
24.08.2021 00:02:34.392,20.32456,20.31792,1,1
24.08.2021 00:02:34.690,20.32456,20.317960000000003,1,1
24.08.2021 00:02:34.791,20.32456,20.31804,1,1
24.08.2021 00:02:34.949,20.32456,20.31804,1,1.3
24.08.2021 00:02:35.050,20.32456,20.318360000000002,1,1
24.08.2021 00:02:35.718,20.32456,20.31866,1,1
24.08.2021 00:02:36.025,20.32456,20.318060000000003,1,1.3
24.08.2021 00:02:36.373,20.32456,20.31804,1,1
24.08.2021 00:02:37.038,20.32456,20.31846,1,1
24.08.2021 00:02:37.332,20.32456,20.318160000000002,1,1
24.08.2021 00:02:37.791,20.32456,20.31804,1,1
24.08.2021 00:02:40.423,20.32456,20.31804,1.3,1
24.08.2021 00:02:41.889,20.32456,20.31804,1.3,1
24.08.2021 00:02:41.990,20.32363,20.317050000000002,1,1
24.08.2021 00:02:42.192,20.32363,20.317050000000002,1.3,1
24.08.2021 00:02:43.876,20.32363,20.317050000000002,1.3,1
24.08.2021 00:02:45.553,20.32363,20.317050000000002,1.3,1.3
24.08.2021 00:02:45.768,20.32363,20.317050000000002,1.3,1
24.08.2021 00:02:46.373,20.32363,20.317050000000002,1.3,1.3
24.08.2021 00:02:50.961,20.32363,20.317050000000002,1.3,1.3
24.08.2021 00:02:54.752,20.32363,20.317050000000002,1.3,1
24.08.2021 00:02:54.904,20.32363,20.317050000000002,1.3,1.3
24.08.2021 00:02:55.574,20.32363,20.317050000000002,1.3,1
24.08.2021 00:02:56.544,20.32355,20.317050000000002,1.3,1
24.08.2021 00:02:57.990,20.32345,20.317050000000002,1.3,1
24.08.2021 00:02:58.040,20.323150000000002,20.317050000000002,1,1
24.08.2021 00:03:02.091,20.323150000000002,20.317050000000002,1.3,1
24.08.2021 00:03:04.603,20.323150000000002,20.317050000000002,1.3,1
24.08.2021 00:03:05.815,20.323150000000002,20.317050000000002,1.3,1
24.08.2021 00:03:07.770,20.323150000000002,20.317050000000002,1.3,1
24.08.2021 00:03:14.815,20.32255,20.317050000000002,1,1
24.08.2021 00:03:15.787,20.32245,20.317050000000002,1,1
24.08.2021 00:03:17.658,20.320890000000002,20.31518,1.75,1.95
24.08.2021 00:03:17.759,20.32046,20.31471,1.3,1.15
24.08.2021 00:03:17.860,20.32046,20.31403,1.4,1.45
24.08.2021 00:03:18.112,20.32046,20.31403,1.4,1.15
24.08.2021 00:03:20.042,20.32035,20.31403,1.3,1.15
24.08.2021 00:03:22.252,20.32035,20.3139,1.3,1.95
24.08.2021 00:03:34.009,20.320050000000002,20.3139,1.3,1.65
24.08.2021 00:03:34.603,20.320050000000002,20.3139,1.3,1.65
24.08.2021 00:03:35.345,20.320050000000002,20.3139,1.3,1.65
24.08.2021 00:03:38.471,20.320050000000002,20.3139,1.3,1.95
24.08.2021 00:03:43.418,20.32046,20.3139,1.3,1.95
24.08.2021 00:03:43.468,20.32026,20.3139,1.8,1.95
24.08.2021 00:03:43.569,20.32026,20.3139,1.8,1.95
24.08.2021 00:03:43.818,20.32026,20.31493,1.8,1.15
24.08.2021 00:03:43.924,20.32063,20.315150000000003,1.05,1.4
24.08.2021 00:03:44.025,20.32069,20.31521,1.3,1.9
24.08.2021 00:03:44.126,20.32069,20.31523,1,1.2
24.08.2021 00:03:46.619,20.32069,20.31546,1,1
24.08.2021 00:03:48.268,20.32069,20.31521,1,1.7
24.08.2021 00:03:48.790,20.32069,20.31521,1.3,1.4
24.08.2021 00:03:56.133,20.32069,20.313720000000004,1.55,1.2
24.08.2021 00:03:57.070,20.32069,20.313720000000004,1.55,1.2
24.08.2021 00:03:57.222,20.32059,20.31371,2.15,1.95
24.08.2021 00:03:57.424,20.32059,20.31371,2.15,1.95
24.08.2021 00:04:03.405,20.32069,20.31371,1.65,1.95
24.08.2021 00:04:14.467,20.320870000000003,20.31363,1.65,1.45
24.08.2021 00:04:14.988,20.320870000000003,20.31363,1.55,1.45
24.08.2021 00:04:15.240,20.32025,20.31424,1,1.65
24.08.2021 00:04:28.622,20.32025,20.31424,1.3,1.65
24.08.2021 00:04:29.149,20.32025,20.31394,1,1.65
24.08.2021 00:04:29.434,20.32025,20.31394,1.3,1.65
24.08.2021 00:04:32.088,20.32025,20.31394,1.3,1.65
24.08.2021 00:04:33.367,20.32025,20.31394,1,1.65
24.08.2021 00:04:33.995,20.32025,20.31394,1.3,1.95
24.08.2021 00:04:39.468,20.32025,20.31394,1,1.95
24.08.2021 00:04:40.495,20.32025,20.31424,1.3,1.65
24.08.2021 00:04:40.596,20.32016,20.31424,1,1.65
24.08.2021 00:04:40.704,20.32016,20.31424,1.4,1.65
24.08.2021 00:04:47.237,20.32006,20.31424,1.3,1.4
24.08.2021 00:04:50.647,20.32006,20.31424,1.3,1.4
24.08.2021 00:04:51.279,20.32006,20.31424,1.3,1.4
24.08.2021 00:04:57.487,20.32006,20.314220000000002,1.3,1.65
24.08.2021 00:04:57.927,20.32006,20.314220000000002,1.3,1.65
24.08.2021 00:05:01.376,20.32006,20.31424,1,1.65
24.08.2021 00:05:06.506,20.32006,20.31424,1.3,1.65
24.08.2021 00:05:07.028,20.32006,20.31427,1,1.15
24.08.2021 00:05:08.082,20.32108,20.31546,1.3,1
24.08.2021 00:05:08.295,20.32108,20.31546,1.3,1
24.08.2021 00:05:11.206,20.32108,20.3148,1.3,1.95
24.08.2021 00:05:11.315,20.32108,20.3148,1.3,1.65
24.08.2021 00:05:11.764,20.32108,20.3148,1.3,1.65
24.08.2021 00:05:16.278,20.321060000000003,20.3148,1.4,1.65
24.08.2021 00:05:16.430,20.321060000000003,20.3148,1.4,1.65
24.08.2021 00:05:30.370,20.321060000000003,20.3148,1.4,1.65
24.08.2021 00:05:36.274,20.321060000000003,20.3148,1.4,1.4
24.08.2021 00:05:45.931,20.32076,20.3148,1.8,1.65
24.08.2021 00:05:46.033,20.320670000000003,20.3148,1.3,1.65
24.08.2021 00:05:46.651,20.320240000000002,20.314210000000003,1,1.2
24.08.2021 00:05:59.479,20.32079,20.315260000000002,1.25,1.4
24.08.2021 00:05:59.530,20.3209,20.315360000000002,1,1.4
24.08.2021 00:06:00.039,20.3211,20.315360000000002,1,1.4
24.08.2021 00:06:00.089,20.32112,20.31566,1,1
24.08.2021 00:06:00.633,20.32112,20.31586,1,1
24.08.2021 00:06:01.167,20.32112,20.31586,1.3,1
24.08.2021 00:06:01.268,20.32112,20.31586,1,1
24.08.2021 00:06:10.472,20.32112,20.31586,1.3,1
24.08.2021 00:06:10.869,20.32112,20.31586,1,1
24.08.2021 00:06:12.423,20.32112,20.31576,1,1
24.08.2021 00:06:12.524,20.32112,20.31576,1.3,1
24.08.2021 00:06:14.010,20.32112,20.31566,1.4,1
24.08.2021 00:06:15.342,20.32112,20.31566,1.4,1
24.08.2021 00:06:16.038,20.32112,20.31546,1.4,1
24.08.2021 00:06:17.391,20.32112,20.31556,1.4,1
24.08.2021 00:06:17.594,20.32112,20.31556,1,1
24.08.2021 00:06:18.724,20.32112,20.31556,1.3,1
24.08.2021 00:06:18.825,20.32112,20.31556,1,1
24.08.2021 00:06:21.558,20.32112,20.315260000000002,1,1.4
24.08.2021 00:06:21.714,20.32112,20.315260000000002,1.3,1.4
24.08.2021 00:06:22.041,20.32112,20.315260000000002,1.3,1.4
24.08.2021 00:06:28.544,20.32109,20.31484,1.55,1.4
24.08.2021 00:06:28.763,20.32109,20.31484,1.55,1.4
24.08.2021 00:06:30.128,20.32109,20.31484,1.55,1.4
24.08.2021 00:06:33.000,20.32016,20.313850000000002,1,1.95
24.08.2021 00:07:08.389,20.32016,20.31417,1.3,1.45
24.08.2021 00:07:09.242,20.32016,20.31417,1,1.45
24.08.2021 00:07:18.111,20.32016,20.31417,1.3,1.45
24.08.2021 00:07:23.238,20.32016,20.31417,1,1.15
24.08.2021 00:07:30.738,20.32016,20.31417,1.3,1.45
24.08.2021 00:07:31.043,20.32016,20.31417,1,1.15
24.08.2021 00:07:37.757,20.32016,20.31419,1.3,1.65
24.08.2021 00:08:03.294,20.32016,20.31419,1.3,1.95
24.08.2021 00:08:10.128,20.32016,20.31419,1.3,1.95
24.08.2021 00:08:13.278,20.32016,20.31419,1.3,1.95
24.08.2021 00:08:47.566,20.32129,20.31371,1.4,1.95
24.08.2021 00:08:54.625,20.32129,20.31371,1.3,1.95
24.08.2021 00:08:55.045,20.32129,20.31371,1.3,1.95
24.08.2021 00:08:59.601,20.32129,20.31371,1.3,1.95
24.08.2021 00:09:00.353,20.32167,20.31371,2.15,1.95
24.08.2021 00:09:00.454,20.320710000000002,20.31371,1.55,1.95
24.08.2021 00:09:00.555,20.320710000000002,20.31371,1.25,1.95
24.08.2021 00:09:01.600,20.32016,20.315060000000003,1,1.4
24.08.2021 00:09:34.516,20.320710000000002,20.31466,1.25,1.65
24.08.2021 00:09:34.567,20.32055,20.31466,1,1.65
24.08.2021 00:09:42.678,20.32055,20.315260000000002,1,1.7
24.08.2021 00:09:42.779,20.32055,20.315260000000002,1,1.4
24.08.2021 00:09:43.394,20.32055,20.31556,1,1
24.08.2021 00:09:44.068,20.321450000000002,20.31691,1,1
24.08.2021 00:09:44.119,20.32284,20.31691,1.3,1.3
24.08.2021 00:09:44.320,20.3243,20.31785,1.15,1
24.08.2021 00:09:44.472,20.3243,20.31785,1.15,1
24.08.2021 00:09:45.345,20.3243,20.31785,1.15,1
24.08.2021 00:09:45.902,20.32423,20.31785,1.15,1
24.08.2021 00:09:46.008,20.32423,20.31785,1.15,1
24.08.2021 00:09:48.509,20.32372,20.31785,1.3,1
24.08.2021 00:09:48.770,20.32187,20.3167,1,1
24.08.2021 00:09:48.821,20.32187,20.31608,1,1.3
24.08.2021 00:09:48.871,20.32187,20.31608,1,1.3
24.08.2021 00:09:49.538,20.32187,20.31608,1,1.3
24.08.2021 00:09:49.689,20.32187,20.31608,1,1.3
24.08.2021 00:09:53.574,20.32187,20.31608,1,1.3
24.08.2021 00:09:55.267,20.32187,20.31608,1,1.3
24.08.2021 00:09:56.346,20.32187,20.31608,1,1.3
24.08.2021 00:10:06.126,20.32053,20.315360000000002,1,1.7
24.08.2021 00:10:06.227,20.32053,20.31466,1,1.95
24.08.2021 00:10:20.739,20.32053,20.31466,1.3,1.65
24.08.2021 00:10:26.862,20.32053,20.31466,1.3,1.65
24.08.2021 00:10:28.313,20.32053,20.31466,1,1.65
24.08.2021 00:10:32.467,20.32053,20.31466,1.3,1.65
24.08.2021 00:10:37.268,20.32053,20.31466,1.3,1.65
24.08.2021 00:10:42.652,20.32053,20.31466,1,1.65
24.08.2021 00:10:42.753,20.32053,20.31466,1.3,1.65
24.08.2021 00:10:45.473,20.32053,20.31466,1.3,1.65
24.08.2021 00:10:45.574,20.32053,20.31466,1,1.95
24.08.2021 00:10:46.267,20.32053,20.314960000000003,1,1.7
24.08.2021 00:10:46.675,20.32105,20.314960000000003,1,1.7
24.08.2021 00:10:46.776,20.321420000000003,20.315120000000004,1.3,1.7
24.08.2021 00:10:46.877,20.321420000000003,20.315120000000004,1,1.7
24.08.2021 00:10:48.485,20.321420000000003,20.31576,1,1.3
24.08.2021 00:11:02.312,20.322370000000003,20.316070000000003,1.3,1
24.08.2021 00:11:02.421,20.322370000000003,20.316070000000003,1,1.3
24.08.2021 00:11:03.481,20.322370000000003,20.31616,1,1.3
24.08.2021 00:11:04.606,20.322370000000003,20.31616,1,1.3
24.08.2021 00:11:14.606,20.322370000000003,20.31616,1,1.3
24.08.2021 00:11:15.563,20.32327,20.31697,1.3,1
24.08.2021 00:11:15.664,20.32327,20.31697,1.3,1.3
24.08.2021 00:11:15.765,20.32327,20.31697,1,1.3
24.08.2021 00:11:16.924,20.32327,20.31697,1,1.3
24.08.2021 00:11:18.158,20.32327,20.31734,1,1.3
24.08.2021 00:11:25.217,20.32327,20.31776,1,1
24.08.2021 00:11:25.433,20.32327,20.31734,1,1.3
24.08.2021 00:11:25.584,20.32327,20.31734,1,1.3
24.08.2021 00:11:25.916,20.32327,20.31734,1,1.3
24.08.2021 00:11:36.134,20.32327,20.31718,1,1.05
24.08.2021 00:11:38.236,20.32327,20.31718,1.3,1.05
24.08.2021 00:11:47.356,20.32327,20.31678,1,1.05
24.08.2021 00:11:56.746,20.32327,20.316570000000002,1,1.8
24.08.2021 00:12:04.688,20.32375,20.31785,1.3,1
24.08.2021 00:12:04.789,20.324370000000002,20.31785,1.4,1
24.08.2021 00:12:04.840,20.324370000000002,20.31785,1.4,1
24.08.2021 00:12:09.545,20.324370000000002,20.31785,1.4,1
24.08.2021 00:12:28.465,20.324370000000002,20.31785,1.4,1.3
24.08.2021 00:12:28.566,20.324370000000002,20.31769,1.4,1.05
24.08.2021 00:12:30.356,20.324370000000002,20.317470000000004,1.1,1
24.08.2021 00:12:31.634,20.324370000000002,20.317470000000004,1.4,1
24.08.2021 00:12:36.267,20.324350000000003,20.317470000000004,1,1
24.08.2021 00:12:41.165,20.324350000000003,20.317470000000004,1.3,1
24.08.2021 00:12:42.744,20.324350000000003,20.317470000000004,1.3,1
24.08.2021 00:12:50.239,20.324350000000003,20.31681,1,1.05
24.08.2021 00:12:53.817,20.324350000000003,20.317470000000004,1.3,1
24.08.2021 00:12:55.047,20.324350000000003,20.317470000000004,1.4,1
24.08.2021 00:12:55.198,20.324350000000003,20.317510000000002,1.4,1.05
24.08.2021 00:12:55.892,20.324350000000003,20.317860000000003,1.4,1
24.08.2021 00:12:55.943,20.324350000000003,20.317860000000003,1.4,1
24.08.2021 00:12:59.012,20.324350000000003,20.318160000000002,1.4,1
24.08.2021 00:13:00.263,20.324350000000003,20.317470000000004,1.4,1.05
24.08.2021 00:13:07.060,20.32383,20.31769,1.3,1.05
24.08.2021 00:13:08.466,20.32383,20.31769,1.3,1.05
24.08.2021 00:13:11.983,20.32398,20.31736,1.3,1.3
24.08.2021 00:13:12.084,20.32483,20.31819,1,1
24.08.2021 00:13:13.041,20.32483,20.31819,1,1.3
24.08.2021 00:13:13.345,20.32483,20.31876,1,1
24.08.2021 00:13:17.003,20.32483,20.318260000000002,1,1.3
24.08.2021 00:13:17.308,20.32483,20.31819,1,1
24.08.2021 00:13:18.586,20.32483,20.31819,1.3,1
24.08.2021 00:13:24.615,20.32483,20.31819,1.3,1.3
24.08.2021 00:13:25.217,20.32483,20.31819,1,1
24.08.2021 00:13:28.967,20.32525,20.31776,1.9,1.25
24.08.2021 00:13:29.018,20.32384,20.31753,1,1
24.08.2021 00:13:29.979,20.32384,20.31753,1,1.3
24.08.2021 00:13:32.563,20.32209,20.31706,1,1
24.08.2021 00:13:32.614,20.32209,20.31691,1,1
24.08.2021 00:13:32.665,20.32209,20.31605,1,1.3
24.08.2021 00:13:35.168,20.32209,20.31605,1,1.3
24.08.2021 00:13:39.754,20.32209,20.31605,1,1.3
24.08.2021 00:13:41.083,20.32319,20.31781,1.3,1.5
24.08.2021 00:13:41.184,20.32393,20.31781,1.05,2.05
24.08.2021 00:13:41.291,20.323990000000002,20.31781,1.8,1.8
24.08.2021 00:13:42.349,20.323990000000002,20.318260000000002,1.8,1
24.08.2021 00:13:43.141,20.32457,20.31846,1.3,1
24.08.2021 00:13:43.242,20.325110000000002,20.31846,1.3,1.3
24.08.2021 00:13:43.343,20.325120000000002,20.31846,1.05,1.3
24.08.2021 00:13:43.540,20.32553,20.31856,1.05,1.05
24.08.2021 00:13:43.591,20.32553,20.31886,1.05,1
24.08.2021 00:13:43.642,20.32553,20.31886,1.05,1
24.08.2021 00:13:44.083,20.32599,20.319360000000003,1.55,1
24.08.2021 00:13:44.826,20.32599,20.319460000000003,1.55,1
24.08.2021 00:13:52.074,20.32599,20.319760000000002,1.55,1
24.08.2021 00:13:53.125,20.32599,20.319560000000003,1.55,1
24.08.2021 00:13:53.805,20.32599,20.319760000000002,1.3,1
24.08.2021 00:13:54.193,20.32599,20.319560000000003,1.55,1
24.08.2021 00:14:00.105,20.32519,20.31906,1,1
24.08.2021 00:14:00.207,20.32519,20.31906,1.3,1
24.08.2021 00:14:00.505,20.32542,20.31916,1.05,1
24.08.2021 00:14:00.606,20.32519,20.31886,1.25,1
24.08.2021 00:14:00.757,20.32519,20.31886,1.3,1
24.08.2021 00:14:00.858,20.32542,20.31886,1.05,1.3
24.08.2021 00:14:01.150,20.3258,20.31926,1.05,1
24.08.2021 00:14:05.953,20.32599,20.319560000000003,1.55,1
24.08.2021 00:14:06.750,20.32599,20.319560000000003,1.55,1
24.08.2021 00:14:07.739,20.32599,20.319660000000002,1.55,1
24.08.2021 00:14:11.449,20.32616,20.319760000000002,1.15,1
24.08.2021 00:14:14.030,20.32616,20.32006,1.15,1
24.08.2021 00:14:16.933,20.32616,20.319760000000002,1.15,1
24.08.2021 00:14:19.769,20.325770000000002,20.319760000000002,1,1
24.08.2021 00:14:19.870,20.3258,20.319760000000002,1.05,1
24.08.2021 00:14:19.972,20.3258,20.319760000000002,1.15,1
24.08.2021 00:14:20.095,20.3258,20.319760000000002,1.05,1
24.08.2021 00:14:22.448,20.32616,20.319760000000002,1.15,1
24.08.2021 00:14:22.648,20.32616,20.319760000000002,1.15,1
24.08.2021 00:14:33.379,20.32616,20.319760000000002,1.05,1
24.08.2021 00:14:33.530,20.32616,20.319760000000002,1.05,1
24.08.2021 00:14:40.798,20.325370000000003,20.31916,1,1
24.08.2021 00:14:40.899,20.325370000000003,20.319560000000003,1.3,1
24.08.2021 00:14:45.064,20.32519,20.3194,1.3,1
24.08.2021 00:14:45.115,20.32519,20.31916,1.3,1
24.08.2021 00:15:41.436,20.32536,20.31896,1.1,1
24.08.2021 00:15:45.350,20.32534,20.319010000000002,1.1,1
24.08.2021 00:15:50.572,20.32539,20.31824,1.6,1.75
24.08.2021 00:15:50.710,20.32496,20.31856,1.3,1.05
24.08.2021 00:15:51.020,20.32496,20.31916,1.3,1
24.08.2021 00:15:58.085,20.32496,20.319360000000003,1.3,1
24.08.2021 00:15:58.186,20.32496,20.319360000000003,1,1
24.08.2021 00:15:59.495,20.32496,20.319860000000002,1,1
24.08.2021 00:16:17.408,20.32496,20.319560000000003,1,1
24.08.2021 00:16:18.134,20.32496,20.319460000000003,1,1
24.08.2021 00:16:28.858,20.32496,20.319860000000002,1,1
24.08.2021 00:16:29.065,20.32496,20.319360000000003,1,1
24.08.2021 00:16:29.568,20.32496,20.319460000000003,1,1
24.08.2021 00:16:30.212,20.32496,20.31926,1,1
24.08.2021 00:16:30.613,20.32496,20.319360000000003,1,1
24.08.2021 00:16:31.702,20.32496,20.31916,1,1
24.08.2021 00:16:33.063,20.32496,20.31926,1,1
24.08.2021 00:16:34.353,20.32496,20.319360000000003,1,1
24.08.2021 00:16:35.017,20.32496,20.319460000000003,1,1
24.08.2021 00:16:45.505,20.32551,20.319460000000003,1.3,1
24.08.2021 00:16:45.557,20.325760000000002,20.319570000000002,1.3,1
24.08.2021 00:16:47.877,20.325760000000002,20.319760000000002,1.3,1
24.08.2021 00:16:48.493,20.32519,20.319570000000002,1.75,1
24.08.2021 00:16:48.707,20.32513,20.319570000000002,1.05,1
24.08.2021 00:16:57.270,20.32519,20.319760000000002,1.55,1
24.08.2021 00:16:57.482,20.32519,20.319760000000002,1.55,1
24.08.2021 00:16:59.777,20.325760000000002,20.319760000000002,1.3,1
24.08.2021 00:17:00.150,20.325760000000002,20.319760000000002,1.3,1
24.08.2021 00:17:01.133,20.32519,20.319570000000002,1,1
24.08.2021 00:17:08.971,20.325760000000002,20.319570000000002,1.4,1
24.08.2021 00:17:09.072,20.325760000000002,20.319570000000002,1.3,1
24.08.2021 00:17:09.123,20.32519,20.319570000000002,1,1
24.08.2021 00:17:09.224,20.32519,20.319570000000002,1.3,1
24.08.2021 00:17:09.325,20.32519,20.319570000000002,1.75,1
24.08.2021 00:17:09.952,20.32519,20.319570000000002,1.25,1
24.08.2021 00:17:10.053,20.32572,20.319570000000002,1.05,1
24.08.2021 00:17:10.222,20.32553,20.319570000000002,1.05,1
24.08.2021 00:17:11.401,20.325760000000002,20.319570000000002,1.3,1
24.08.2021 00:17:11.611,20.325760000000002,20.319570000000002,1.3,1
24.08.2021 00:17:11.750,20.325760000000002,20.319660000000002,1.3,1
24.08.2021 00:17:11.869,20.325760000000002,20.319660000000002,1.3,1
24.08.2021 00:17:15.488,20.325760000000002,20.319660000000002,1.3,1
24.08.2021 00:17:15.587,20.325760000000002,20.319760000000002,1.3,1
24.08.2021 00:17:17.504,20.325760000000002,20.32006,1.3,1
24.08.2021 00:17:21.507,20.32643,20.32054,1.3,1
24.08.2021 00:17:21.608,20.32763,20.321320000000004,1.05,1
24.08.2021 00:17:21.709,20.32779,20.321320000000004,1.05,1
24.08.2021 00:17:22.602,20.32779,20.321320000000004,1.05,1.3
24.08.2021 00:17:24.206,20.32779,20.321320000000004,1.05,1
24.08.2021 00:17:26.570,20.32725,20.321320000000004,1,1
24.08.2021 00:17:30.242,20.32725,20.321320000000004,1.3,1
24.08.2021 00:17:40.867,20.32725,20.321320000000004,1,1
24.08.2021 00:18:00.734,20.32496,20.319760000000002,1,1.3
24.08.2021 00:18:00.920,20.32496,20.319460000000003,1,1
24.08.2021 00:18:01.140,20.32496,20.319360000000003,1,1.5
24.08.2021 00:18:01.241,20.32496,20.319360000000003,1,1
24.08.2021 00:18:02.374,20.32496,20.319460000000003,1,1
24.08.2021 00:18:09.122,20.32536,20.319360000000003,1.3,1
24.08.2021 00:18:09.223,20.32536,20.319460000000003,1,1.3
24.08.2021 00:18:09.374,20.32594,20.3203,1,1
24.08.2021 00:18:09.425,20.32665,20.3203,1,1
24.08.2021 00:18:09.889,20.32665,20.32046,1,1
24.08.2021 00:18:10.039,20.32665,20.32046,1,1.3
24.08.2021 00:18:10.546,20.32665,20.32076,1,1
24.08.2021 00:18:31.399,20.32715,20.32124,1.25,1
24.08.2021 00:18:31.449,20.3274,20.32124,1.3,1
24.08.2021 00:18:37.119,20.3274,20.321360000000002,1.3,1
24.08.2021 00:18:37.183,20.3274,20.321360000000002,1,1
24.08.2021 00:18:59.206,20.3274,20.32124,1,1
24.08.2021 00:19:59.208,20.3274,20.321260000000002,1,1
24.08.2021 00:20:56.376,20.3274,20.32156,1,1
24.08.2021 00:21:31.371,20.3274,20.321260000000002,1,1
24.08.2021 00:21:32.007,20.327560000000002,20.321260000000002,1,1
24.08.2021 00:21:32.058,20.32816,20.32186,1.3,1
24.08.2021 00:21:40.840,20.32816,20.32186,1.3,1
24.08.2021 00:21:40.941,20.32816,20.32186,1,1
24.08.2021 00:21:41.154,20.32816,20.322360000000003,1,1
24.08.2021 00:21:42.160,20.32816,20.322860000000002,1,1
24.08.2021 00:21:59.945,20.32816,20.322860000000002,1.3,1
24.08.2021 00:22:08.705,20.32816,20.322860000000002,1.3,1
24.08.2021 00:22:12.506,20.32816,20.322860000000002,1.3,1
24.08.2021 00:22:19.646,20.32816,20.322860000000002,1.3,1
24.08.2021 00:22:24.233,20.32832,20.322860000000002,1.05,1
24.08.2021 00:22:34.086,20.32832,20.322860000000002,1.05,1
24.08.2021 00:22:42.144,20.32832,20.32306,1.05,1
24.08.2021 00:22:51.534,20.32889,20.32316,1.4,1
24.08.2021 00:22:54.610,20.32889,20.32316,1.4,1
24.08.2021 00:23:51.478,20.32879,20.32306,1.15,1
24.08.2021 00:24:03.482,20.32849,20.32226,1.05,1.3
24.08.2021 00:24:03.584,20.32909,20.32226,1.9,1
24.08.2021 00:24:04.014,20.32909,20.32216,1.9,1
24.08.2021 00:24:31.594,20.32889,20.32196,1.4,1
24.08.2021 00:24:31.887,20.324820000000003,20.32018,1,1.8
24.08.2021 00:24:31.938,20.32519,20.31965,1.75,1.3
24.08.2021 00:24:32.039,20.32498,20.31965,1.05,1
24.08.2021 00:24:32.090,20.32519,20.31965,1.75,1
24.08.2021 00:24:32.247,20.324820000000003,20.31965,1,1
24.08.2021 00:24:35.466,20.324820000000003,20.31965,1.3,1
24.08.2021 00:24:51.560,20.324820000000003,20.31965,1,1
24.08.2021 00:24:53.083,20.32536,20.31965,1.4,1
24.08.2021 00:24:53.183,20.32536,20.31965,1.3,1
24.08.2021 00:24:53.284,20.32519,20.31965,1.3,1
24.08.2021 00:24:53.385,20.32519,20.31965,1.75,1
24.08.2021 00:24:54.034,20.32519,20.31965,1.25,1
24.08.2021 00:24:54.085,20.32536,20.319860000000002,1,1
24.08.2021 00:24:54.292,20.32536,20.319860000000002,1.3,1
24.08.2021 00:24:55.090,20.32519,20.319860000000002,1,1
24.08.2021 00:24:55.141,20.32519,20.31965,1,1
24.08.2021 00:24:55.192,20.32519,20.31965,1.3,1
24.08.2021 00:24:55.293,20.32519,20.31965,1,1
24.08.2021 00:24:55.394,20.32536,20.31965,1,1
24.08.2021 00:24:55.747,20.32519,20.31965,1,1
24.08.2021 00:24:55.848,20.32519,20.31965,1.3,1
24.08.2021 00:24:56.030,20.32536,20.31965,1.3,1
24.08.2021 00:24:56.239,20.32519,20.31965,1,1
24.08.2021 00:24:56.441,20.32519,20.31965,1.3,1
24.08.2021 00:25:03.140,20.32513,20.31965,1.05,1
24.08.2021 00:25:03.241,20.32519,20.31965,1.75,1
24.08.2021 00:25:04.172,20.32513,20.31965,1.05,1
24.08.2021 00:25:10.884,20.32536,20.31965,1.3,1
24.08.2021 00:25:19.173,20.32519,20.319670000000002,1.3,1
24.08.2021 00:25:19.274,20.32519,20.319670000000002,1,1
24.08.2021 00:25:19.426,20.32519,20.319670000000002,1.3,1
24.08.2021 00:25:21.696,20.32536,20.319670000000002,1,1
24.08.2021 00:25:22.174,20.32536,20.319670000000002,1.3,1
24.08.2021 00:25:26.439,20.32519,20.319670000000002,1.3,1
24.08.2021 00:25:26.916,20.32536,20.319670000000002,1.3,1
24.08.2021 00:25:28.292,20.32536,20.319860000000002,1.3,1
24.08.2021 00:25:28.343,20.32519,20.319670000000002,1,1
24.08.2021 00:25:28.394,20.32519,20.319670000000002,1.3,1
24.08.2021 00:25:32.199,20.32519,20.319560000000003,1.3,1
24.08.2021 00:25:35.335,20.32536,20.319860000000002,1.3,1
24.08.2021 00:25:35.440,20.32536,20.319960000000002,1,1
24.08.2021 00:25:36.849,20.32536,20.32026,1,1
24.08.2021 00:25:38.365,20.32516,20.32026,1,1
24.08.2021 00:25:44.353,20.32516,20.32046,1,1
24.08.2021 00:25:44.978,20.32733,20.32173,1.3,1
24.08.2021 00:25:45.079,20.327740000000002,20.32173,1.8,1
24.08.2021 00:25:45.180,20.327740000000002,20.32173,1,1
24.08.2021 00:25:45.989,20.327740000000002,20.322560000000003,1,1
24.08.2021 00:25:46.745,20.327740000000002,20.322860000000002,1,1
24.08.2021 00:26:17.131,20.327740000000002,20.322960000000002,1,1
24.08.2021 00:26:17.434,20.327740000000002,20.32306,1,1
24.08.2021 00:26:18.087,20.327740000000002,20.32336,1,1
24.08.2021 00:26:21.673,20.327740000000002,20.32316,1,1
24.08.2021 00:26:27.653,20.327740000000002,20.32306,1,1
24.08.2021 00:26:28.293,20.32889,20.32316,1.3,1
24.08.2021 00:26:28.551,20.32889,20.32316,1,1
24.08.2021 00:26:34.906,20.32889,20.32346,1,1
24.08.2021 00:26:42.904,20.3294,20.32356,1,1
24.08.2021 00:26:43.005,20.32965,20.32356,1,1
24.08.2021 00:26:43.519,20.32965,20.32386,1,1
24.08.2021 00:27:00.610,20.32929,20.32386,1,1
24.08.2021 00:27:00.711,20.329,20.32346,1.25,1.3
24.08.2021 00:27:00.963,20.329,20.32346,1.25,1
24.08.2021 00:27:01.618,20.329,20.32336,1.25,1
24.08.2021 00:27:03.082,20.329,20.322860000000002,1.25,1
24.08.2021 00:27:03.526,20.329,20.322860000000002,1.55,1
24.08.2021 00:27:03.627,20.329,20.322660000000003,1.55,1
24.08.2021 00:27:25.093,20.329,20.322460000000003,1.55,1
24.08.2021 00:27:28.802,20.328960000000002,20.32241,1.8,1
24.08.2021 00:27:31.253,20.32894,20.32245,1.3,1
24.08.2021 00:27:32.395,20.32894,20.322460000000003,1.3,1
24.08.2021 00:27:32.769,20.32894,20.322470000000003,1.3,1
24.08.2021 00:27:33.908,20.32894,20.322470000000003,1.4,1
24.08.2021 00:27:34.009,20.32894,20.322470000000003,1.3,1
24.08.2021 00:27:49.899,20.32894,20.322660000000003,1.3,1
24.08.2021 00:27:51.422,20.32894,20.322960000000002,1.3,1
24.08.2021 00:27:51.523,20.32894,20.322960000000002,1,1
24.08.2021 00:27:57.959,20.32894,20.322960000000002,1.3,1.3
24.08.2021 00:27:58.793,20.32894,20.322960000000002,1.3,1
24.08.2021 00:28:00.856,20.32849,20.322960000000002,1,1
24.08.2021 00:28:06.535,20.32849,20.322560000000003,1,1
24.08.2021 00:28:07.453,20.32849,20.322660000000003,1,1
24.08.2021 00:28:08.505,20.32849,20.32306,1,1
24.08.2021 00:28:35.303,20.32943,20.32344,1.65,1
24.08.2021 00:28:35.353,20.32943,20.32344,1.4,1
24.08.2021 00:28:35.404,20.32943,20.32344,1,1
24.08.2021 00:28:35.717,20.32943,20.32346,1,1
24.08.2021 00:28:40.861,20.32929,20.32346,1,1
24.08.2021 00:28:40.962,20.32855,20.322760000000002,1,1.3
24.08.2021 00:28:41.063,20.32855,20.322760000000002,1,1
24.08.2021 00:28:41.845,20.32855,20.322660000000003,1,1
24.08.2021 00:28:43.230,20.32855,20.322660000000003,1.3,1
24.08.2021 00:28:43.530,20.32855,20.322660000000003,1,1
24.08.2021 00:28:47.432,20.32855,20.322860000000002,1,1
24.08.2021 00:28:47.483,20.32855,20.322560000000003,1,1
24.08.2021 00:29:08.669,20.32855,20.322760000000002,1,1
24.08.2021 00:29:09.087,20.32855,20.32316,1,1
24.08.2021 00:29:11.859,20.32855,20.322660000000003,1,1
24.08.2021 00:29:12.799,20.32855,20.32306,1,1
24.08.2021 00:29:26.924,20.32855,20.32326,1,1
24.08.2021 00:29:27.609,20.32855,20.32306,1,1
24.08.2021 00:30:00.921,20.32855,20.32268,1,1
24.08.2021 00:30:07.484,20.32853,20.32268,1,1
24.08.2021 00:31:08.438,20.32929,20.32131,1.1,1
24.08.2021 00:31:09.798,20.32929,20.32138,1.6,1
24.08.2021 00:31:09.899,20.32929,20.32133,1.6,1
24.08.2021 00:31:10.000,20.32929,20.32133,1.9,1.3
24.08.2021 00:31:10.894,20.329220000000003,20.32133,1.15,1.55
24.08.2021 00:31:28.805,20.32959,20.3216,1.65,1.3
24.08.2021 00:31:31.977,20.32959,20.32168,1.9,1.8
24.08.2021 00:31:36.141,20.32929,20.32133,1.65,1.55
24.08.2021 00:31:41.882,20.32853,20.32226,1.55,1.3
24.08.2021 00:31:42.342,20.32853,20.322560000000003,1.55,1
24.08.2021 00:31:44.049,20.32853,20.322560000000003,1.25,1
24.08.2021 00:31:45.464,20.32853,20.322860000000002,1.25,1
24.08.2021 00:32:02.732,20.32853,20.32226,1.25,1
24.08.2021 00:32:03.733,20.32853,20.322760000000002,1.25,1
24.08.2021 00:32:15.059,20.32853,20.322760000000002,1,1
24.08.2021 00:32:19.743,20.32853,20.32306,1,1
24.08.2021 00:32:26.031,20.32853,20.322560000000003,1,1
24.08.2021 00:32:26.131,20.32853,20.322560000000003,1.3,1
24.08.2021 00:32:27.061,20.32853,20.322960000000002,1.3,1
24.08.2021 00:32:29.876,20.32853,20.322960000000002,1,1
24.08.2021 00:32:31.472,20.32853,20.32316,1,1
24.08.2021 00:32:36.044,20.32853,20.322860000000002,1,1
24.08.2021 00:32:37.584,20.32853,20.32306,1,1
24.08.2021 00:32:40.404,20.32853,20.32326,1,1
24.08.2021 00:33:11.422,20.32853,20.32356,1,1
24.08.2021 00:33:16.087,20.32853,20.32306,1,1
24.08.2021 00:33:16.780,20.32853,20.322960000000002,1,1
24.08.2021 00:33:28.444,20.32853,20.322760000000002,1,1
24.08.2021 00:33:48.555,20.32853,20.322760000000002,1.3,1
24.08.2021 00:33:57.483,20.32853,20.322760000000002,1.55,1
24.08.2021 00:34:08.317,20.32849,20.322029999999998,1.25,1.25
24.08.2021 00:34:09.318,20.32849,20.322660000000003,1.25,1
24.08.2021 00:34:17.287,20.328470000000003,20.322660000000003,1,1
24.08.2021 00:34:18.401,20.328470000000003,20.322960000000002,1,1
24.08.2021 00:34:19.259,20.328470000000003,20.322660000000003,1,1
24.08.2021 00:34:22.239,20.328470000000003,20.322660000000003,1.3,1
24.08.2021 00:34:27.455,20.328470000000003,20.322660000000003,1,1
24.08.2021 00:34:31.033,20.328470000000003,20.322660000000003,1.3,1
24.08.2021 00:34:31.491,20.328470000000003,20.322660000000003,1,1
24.08.2021 00:34:32.645,20.328470000000003,20.322660000000003,1.3,1
24.08.2021 00:34:41.999,20.32682,20.321260000000002,1.37,1.3
24.08.2021 00:34:42.100,20.32692,20.321260000000002,1.55,1
24.08.2021 00:34:42.505,20.32688,20.321260000000002,1.25,1
24.08.2021 00:34:42.758,20.32688,20.321360000000002,1.25,1
24.08.2021 00:34:48.449,20.326800000000002,20.321360000000002,1,1
24.08.2021 00:35:02.051,20.326800000000002,20.321260000000002,1,1
24.08.2021 00:35:12.318,20.326800000000002,20.321060000000003,1,1
24.08.2021 00:35:35.512,20.32519,20.321060000000003,1.25,1
24.08.2021 00:35:35.562,20.325820000000004,20.32036,1,1.3
24.08.2021 00:35:35.613,20.326320000000003,20.320410000000003,1.1,1
24.08.2021 00:35:35.714,20.326320000000003,20.320410000000003,1,1
24.08.2021 00:35:36.310,20.326320000000003,20.32066,1,1
24.08.2021 00:35:36.912,20.326320000000003,20.32066,1,1.3
24.08.2021 00:35:50.467,20.326320000000003,20.32066,1,1
24.08.2021 00:35:55.443,20.326320000000003,20.32066,1,1.3
24.08.2021 00:35:58.158,20.3263,20.32066,1.6,1.3
24.08.2021 00:35:58.209,20.3263,20.32066,1.6,1
24.08.2021 00:35:58.310,20.3263,20.32066,1,1
24.08.2021 00:36:01.843,20.3263,20.321060000000003,1,1
24.08.2021 00:36:01.944,20.32682,20.3213,1,1.3
24.08.2021 00:36:02.439,20.3274,20.3213,1.3,1.3
24.08.2021 00:36:02.887,20.3274,20.3213,1,1
24.08.2021 00:36:03.493,20.32758,20.3213,1,1
24.08.2021 00:36:04.095,20.32757,20.3213,1,1
24.08.2021 00:36:04.215,20.327560000000002,20.3213,1,1
24.08.2021 00:36:05.795,20.327550000000002,20.3213,1,1
24.08.2021 00:36:07.053,20.32754,20.3213,1,1
24.08.2021 00:36:07.544,20.327520000000003,20.3213,1,1
24.08.2021 00:36:08.398,20.32751,20.3213,1,1
24.08.2021 00:36:08.946,20.3275,20.3213,1,1
24.08.2021 00:36:09.195,20.32749,20.3213,1,1
24.08.2021 00:36:09.304,20.32748,20.3213,1,1
24.08.2021 00:36:10.895,20.32747,20.3213,1,1
24.08.2021 00:36:11.041,20.327460000000002,20.3213,1,1
24.08.2021 00:36:11.457,20.327460000000002,20.321360000000002,1,1
24.08.2021 00:36:12.594,20.327450000000002,20.321360000000002,1,1
24.08.2021 00:36:12.721,20.32744,20.321360000000002,1,1
24.08.2021 00:36:14.295,20.32743,20.321360000000002,1,1
24.08.2021 00:36:14.659,20.327420000000004,20.321360000000002,1,1
24.08.2021 00:36:15.996,20.32741,20.321360000000002,1,1
24.08.2021 00:36:16.664,20.3274,20.321360000000002,1,1
24.08.2021 00:36:17.717,20.32738,20.321360000000002,1,1
24.08.2021 00:36:18.416,20.327360000000002,20.321360000000002,1,1
24.08.2021 00:36:19.417,20.32734,20.321360000000002,1,1
24.08.2021 00:36:21.094,20.32733,20.321360000000002,1,1
24.08.2021 00:36:22.593,20.327320000000004,20.321360000000002,1,1
24.08.2021 00:36:22.794,20.32731,20.321360000000002,1,1
24.08.2021 00:36:24.494,20.32729,20.321360000000002,1,1
24.08.2021 00:36:24.708,20.32728,20.321360000000002,1,1
24.08.2021 00:36:26.195,20.327270000000002,20.321360000000002,1,1
24.08.2021 00:36:27.893,20.327260000000003,20.321360000000002,1,1
24.08.2021 00:36:28.397,20.32723,20.321360000000002,1,1
24.08.2021 00:36:28.723,20.32722,20.321360000000002,1,1
24.08.2021 00:36:29.594,20.32721,20.321360000000002,1,1
24.08.2021 00:36:31.293,20.3272,20.321360000000002,1,1
24.08.2021 00:36:31.735,20.32718,20.321360000000002,1,1
24.08.2021 00:36:32.995,20.327170000000002,20.321360000000002,1,1
24.08.2021 00:36:41.336,20.327170000000002,20.321460000000002,1,1
24.08.2021 00:37:03.645,20.32759,20.321460000000002,1,1
24.08.2021 00:37:05.294,20.32758,20.321460000000002,1,1
24.08.2021 00:37:05.541,20.32757,20.321460000000002,1,1
24.08.2021 00:37:06.995,20.327560000000002,20.321460000000002,1,1
24.08.2021 00:37:08.398,20.32754,20.321460000000002,1,1
24.08.2021 00:37:08.694,20.327520000000003,20.321460000000002,1,1
24.08.2021 00:37:08.885,20.32751,20.321460000000002,1,1
24.08.2021 00:37:10.394,20.3275,20.321460000000002,1,1
24.08.2021 00:37:10.896,20.32749,20.321460000000002,1,1
24.08.2021 00:37:12.145,20.32747,20.321460000000002,1,1
24.08.2021 00:37:13.812,20.327450000000002,20.321460000000002,1,1
24.08.2021 00:37:15.494,20.32744,20.321460000000002,1,1
24.08.2021 00:37:15.659,20.32743,20.321460000000002,1,1
24.08.2021 00:37:17.195,20.32741,20.321460000000002,1,1
24.08.2021 00:37:18.398,20.32739,20.321460000000002,1,1
24.08.2021 00:37:18.895,20.32738,20.321460000000002,1,1
24.08.2021 00:37:19.273,20.327370000000002,20.321460000000002,1,1
24.08.2021 00:37:20.594,20.327360000000002,20.321460000000002,1,1
24.08.2021 00:37:22.294,20.32734,20.321460000000002,1,1
24.08.2021 00:37:22.936,20.32733,20.321460000000002,1,1
24.08.2021 00:37:23.994,20.327320000000004,20.321460000000002,1,1
24.08.2021 00:37:24.942,20.32731,20.321460000000002,1,1
24.08.2021 00:37:25.694,20.3273,20.321460000000002,1,1
24.08.2021 00:37:27.394,20.32728,20.321460000000002,1,1
24.08.2021 00:37:27.959,20.327270000000002,20.321460000000002,1,1
24.08.2021 00:37:28.397,20.327260000000003,20.321460000000002,1,1
24.08.2021 00:37:28.901,20.32725,20.321460000000002,1,1
24.08.2021 00:37:29.128,20.32723,20.321460000000002,1,1
24.08.2021 00:37:30.795,20.32722,20.321460000000002,1,1
24.08.2021 00:37:31.079,20.32721,20.321460000000002,1,1
24.08.2021 00:37:31.409,20.32721,20.3213,1,1
24.08.2021 00:37:32.509,20.32719,20.3213,1,1
24.08.2021 00:37:32.610,20.32719,20.3213,1,1.3
24.08.2021 00:37:34.195,20.32718,20.3213,1,1.3
24.08.2021 00:37:48.429,20.32718,20.3213,1,1
24.08.2021 00:38:02.408,20.327170000000002,20.3213,1,1
24.08.2021 00:38:03.145,20.32715,20.3213,1,1
24.08.2021 00:38:03.625,20.32714,20.3213,1,1
24.08.2021 00:38:04.026,20.32713,20.3213,1,1
24.08.2021 00:38:04.845,20.32711,20.3213,1,1
24.08.2021 00:38:06.544,20.327090000000002,20.3213,1,1
24.08.2021 00:38:08.195,20.32708,20.3213,1,1
24.08.2021 00:38:12.128,20.327070000000003,20.3213,1,1
24.08.2021 00:38:31.388,20.327070000000003,20.321360000000002,1,1
24.08.2021 00:39:03.898,20.32519,20.320860000000003,1,1.3
24.08.2021 00:39:03.949,20.32519,20.319760000000002,1.3,1
24.08.2021 00:39:04.000,20.32519,20.319570000000002,1.3,1
24.08.2021 00:39:19.899,20.32519,20.319860000000002,1.3,1
24.08.2021 00:39:24.882,20.32519,20.319860000000002,1.3,1
24.08.2021 00:39:26.416,20.32519,20.319860000000002,1.3,1
24.08.2021 00:39:30.107,20.326060000000002,20.32016,1.85,1
24.08.2021 00:39:30.189,20.326060000000002,20.32016,1,1
24.08.2021 00:39:30.662,20.326060000000002,20.32056,1,1
24.08.2021 00:39:31.244,20.326960000000003,20.32102,1,1
24.08.2021 00:39:32.263,20.326960000000003,20.321260000000002,1,1
24.08.2021 00:39:42.032,20.326960000000003,20.321460000000002,1,1
24.08.2021 00:39:47.048,20.326960000000003,20.32166,1,1
24.08.2021 00:40:30.784,20.326960000000003,20.32186,1,1
24.08.2021 00:40:31.326,20.32698,20.32186,1,1
24.08.2021 00:40:32.695,20.32714,20.32186,1,1
24.08.2021 00:40:32.746,20.32773,20.32186,1,1
24.08.2021 00:40:34.404,20.327710000000003,20.32186,1,1
24.08.2021 00:40:36.094,20.3277,20.32186,1,1
24.08.2021 00:40:36.523,20.32769,20.32186,1,1
24.08.2021 00:40:37.795,20.32768,20.32186,1,1
24.08.2021 00:40:38.372,20.32767,20.32186,1,1
24.08.2021 00:40:39.495,20.32764,20.32186,1,1
24.08.2021 00:40:41.194,20.327620000000003,20.32186,1,1
24.08.2021 00:40:41.383,20.32761,20.32186,1,1
24.08.2021 00:40:42.894,20.3276,20.32186,1,1
24.08.2021 00:40:44.594,20.32758,20.32186,1,1
24.08.2021 00:40:44.745,20.32757,20.32186,1,1
24.08.2021 00:40:46.294,20.327560000000002,20.32186,1,1
24.08.2021 00:40:46.404,20.327550000000002,20.32186,1,1
24.08.2021 00:40:47.994,20.32754,20.32186,1,1
24.08.2021 00:40:48.398,20.327520000000003,20.32186,1,1
24.08.2021 00:40:49.477,20.32751,20.32186,1,1
24.08.2021 00:40:49.695,20.3275,20.32206,1,1
24.08.2021 00:40:51.394,20.32748,20.32206,1,1
24.08.2021 00:40:52.991,20.32747,20.32206,1,1
24.08.2021 00:40:53.095,20.327460000000002,20.32206,1,1
24.08.2021 00:40:53.431,20.327450000000002,20.32206,1,1
24.08.2021 00:40:54.795,20.32744,20.32206,1,1
24.08.2021 00:40:55.439,20.32743,20.32206,1,1
24.08.2021 00:40:56.495,20.327420000000004,20.32206,1,1
24.08.2021 00:40:56.608,20.32741,20.32206,1,1
24.08.2021 00:40:58.194,20.3274,20.32206,1,1
24.08.2021 00:40:58.399,20.32738,20.32206,1,1
24.08.2021 00:40:59.894,20.327360000000002,20.32206,1,1
24.08.2021 00:41:01.027,20.327350000000003,20.32206,1,1
24.08.2021 00:41:01.595,20.32734,20.32206,1,1
24.08.2021 00:41:04.994,20.32733,20.32206,1,1
24.08.2021 00:41:19.018,20.32733,20.32186,1,1
24.08.2021 00:41:31.326,20.327320000000004,20.32186,1,1
24.08.2021 00:41:38.398,20.32731,20.32186,1,1
24.08.2021 00:41:38.564,20.3273,20.32186,1,1
24.08.2021 00:41:48.397,20.32729,20.32186,1,1
24.08.2021 00:41:49.553,20.32728,20.32186,1,1
24.08.2021 00:42:08.446,20.327260000000003,20.32186,1,1
24.08.2021 00:42:19.016,20.327260000000003,20.32196,1,1
24.08.2021 00:42:32.264,20.327270000000002,20.32196,1,1
24.08.2021 00:42:33.394,20.32743,20.32196,1,1
24.08.2021 00:42:33.445,20.327710000000003,20.32196,1,1
24.08.2021 00:42:35.094,20.3277,20.32196,1,1
24.08.2021 00:42:35.659,20.32769,20.32196,1,1
24.08.2021 00:42:36.795,20.32768,20.32196,1,1
24.08.2021 00:42:38.373,20.32767,20.32196,1,1
24.08.2021 00:42:38.424,20.327650000000002,20.32196,1,1
24.08.2021 00:42:38.529,20.32763,20.32196,1,1
24.08.2021 00:42:40.195,20.32761,20.32196,1,1
24.08.2021 00:42:41.894,20.3276,20.32196,1,1
24.08.2021 00:42:41.995,20.32759,20.32196,1,1
24.08.2021 00:42:43.595,20.32758,20.32196,1,1
24.08.2021 00:42:43.849,20.32757,20.32196,1,1
24.08.2021 00:42:45.295,20.327560000000002,20.32196,1,1
24.08.2021 00:42:45.659,20.327550000000002,20.32196,1,1
24.08.2021 00:42:46.994,20.32754,20.32196,1,1
24.08.2021 00:42:48.218,20.32753,20.32216,1,1
24.08.2021 00:42:48.397,20.327520000000003,20.32216,1,1
24.08.2021 00:42:48.694,20.3275,20.32216,1,1
24.08.2021 00:42:49.246,20.32749,20.32216,1,1
24.08.2021 00:42:50.394,20.32748,20.32216,1,1
24.08.2021 00:42:50.723,20.32747,20.32216,1,1
24.08.2021 00:42:50.874,20.32747,20.322360000000003,1,1
24.08.2021 00:42:51.974,20.327450000000002,20.322560000000003,1,1
24.08.2021 00:42:52.024,20.32862,20.322560000000003,1.4,1
24.08.2021 00:42:52.075,20.32861,20.322560000000003,1,1
24.08.2021 00:42:52.126,20.328590000000002,20.322560000000003,1,1
24.08.2021 00:42:52.751,20.328570000000003,20.322560000000003,1,1
24.08.2021 00:42:53.714,20.328570000000003,20.32316,1,1
24.08.2021 00:42:55.881,20.32855,20.32232,1,1
24.08.2021 00:42:56.335,20.32853,20.32232,1,1
24.08.2021 00:42:56.436,20.32851,20.32232,1,1
24.08.2021 00:42:57.195,20.328500000000002,20.32232,1,1
24.08.2021 00:42:57.630,20.32849,20.32232,1,1
24.08.2021 00:42:58.398,20.32848,20.32232,1,1
24.08.2021 00:42:58.633,20.328470000000003,20.32232,1,1
24.08.2021 00:42:58.894,20.328460000000003,20.32232,1,1
24.08.2021 00:42:59.140,20.32845,20.32232,1,1
24.08.2021 00:42:59.563,20.32843,20.32232,1,1
24.08.2021 00:43:00.594,20.32842,20.32232,1,1
24.08.2021 00:43:00.696,20.32841,20.32232,1,1
24.08.2021 00:43:01.327,20.328400000000002,20.32232,1,1
24.08.2021 00:43:02.294,20.32838,20.32232,1,1
24.08.2021 00:43:03.043,20.328370000000003,20.32232,1,1
24.08.2021 00:43:03.383,20.32836,20.32232,1,1
24.08.2021 00:43:03.723,20.32835,20.32232,1,1
24.08.2021 00:43:03.994,20.32834,20.32232,1,1
24.08.2021 00:43:04.266,20.32833,20.32232,1,1
24.08.2021 00:43:05.137,20.328310000000002,20.32232,1,1
24.08.2021 00:43:05.238,20.32829,20.32232,1,1
24.08.2021 00:43:06.153,20.32829,20.322660000000003,1,1
24.08.2021 00:43:11.485,20.32826,20.32232,1,1
24.08.2021 00:43:18.335,20.32826,20.322660000000003,1,1
24.08.2021 00:43:18.572,20.328270000000003,20.322660000000003,1,1
24.08.2021 00:43:43.608,20.328270000000003,20.32316,1,1
24.08.2021 00:43:51.239,20.328270000000003,20.322460000000003,1,1.3
24.08.2021 00:43:51.340,20.328270000000003,20.322460000000003,1,1
24.08.2021 00:43:52.577,20.328270000000003,20.322660000000003,1,1
24.08.2021 00:44:02.140,20.32825,20.322460000000003,1,1
24.08.2021 00:44:02.253,20.32825,20.322460000000003,1,1.3
24.08.2021 00:44:02.505,20.32825,20.322460000000003,1,1
24.08.2021 00:44:03.541,20.32823,20.322460000000003,1,1
24.08.2021 00:44:05.242,20.328210000000002,20.322460000000003,1,1
24.08.2021 00:44:08.445,20.32819,20.322460000000003,1,1
24.08.2021 00:44:08.595,20.32818,20.322460000000003,1,1
24.08.2021 00:44:08.737,20.328170000000004,20.322460000000003,1,1
24.08.2021 00:44:10.294,20.32816,20.322460000000003,1,1
24.08.2021 00:44:11.993,20.32815,20.322460000000003,1,1
24.08.2021 00:44:12.994,20.328129999999998,20.322460000000003,1,1
24.08.2021 00:44:13.695,20.328120000000002,20.322460000000003,1,1
24.08.2021 00:44:13.995,20.328110000000002,20.322460000000003,1,1
24.08.2021 00:44:14.227,20.32808,20.322460000000003,1,1
24.08.2021 00:44:14.997,20.328070000000004,20.322460000000003,1,1
24.08.2021 00:44:15.394,20.32806,20.322460000000003,1,1
24.08.2021 00:44:15.551,20.32805,20.322460000000003,1,1
24.08.2021 00:44:17.143,20.32803,20.322460000000003,1,1
24.08.2021 00:44:18.448,20.328010000000003,20.322460000000003,1,1
24.08.2021 00:44:18.845,20.328,20.322460000000003,1,1
24.08.2021 00:44:19.987,20.328,20.322460000000003,1.5,1.3
24.08.2021 00:44:34.661,20.328,20.32248,1,1
24.08.2021 00:44:35.570,20.328,20.32248,1,1.3
24.08.2021 00:44:41.003,20.328,20.3225,1,1
24.08.2021 00:44:41.977,20.328,20.322560000000003,1,1
24.08.2021 00:44:49.327,20.328,20.32306,1,1
24.08.2021 00:44:52.331,20.32899,20.32316,1.25,1
24.08.2021 00:44:53.162,20.32899,20.32336,1.25,1
24.08.2021 00:45:09.564,20.32897,20.322660000000003,1.25,1
24.08.2021 00:45:09.816,20.328950000000003,20.322660000000003,1,1
24.08.2021 00:45:10.019,20.328950000000003,20.322660000000003,1.3,1
24.08.2021 00:45:10.440,20.328950000000003,20.322660000000003,1,1
24.08.2021 00:45:10.834,20.328950000000003,20.322760000000002,1.3,1
24.08.2021 00:45:12.274,20.328870000000002,20.32259,1.4,1
24.08.2021 00:45:13.000,20.3288,20.32259,1.1,1
24.08.2021 00:45:13.245,20.3288,20.32259,1,1
24.08.2021 00:45:13.524,20.3288,20.32259,1.3,1.3
24.08.2021 00:45:30.195,20.32858,20.32259,1,1.3
24.08.2021 00:45:30.296,20.328570000000003,20.32259,1,1.3
24.08.2021 00:45:31.943,20.32855,20.32259,1,1.3
24.08.2021 00:45:33.595,20.32854,20.32259,1,1.3
24.08.2021 00:45:34.316,20.32853,20.32259,1,1.3
24.08.2021 00:45:34.614,20.32853,20.32259,1,1
24.08.2021 00:45:34.951,20.328500000000002,20.32259,1,1
24.08.2021 00:45:41.702,20.32853,20.32259,1,1
24.08.2021 00:45:41.811,20.32853,20.32259,1.3,1
24.08.2021 00:45:46.727,20.32853,20.32259,1,1
24.08.2021 00:45:52.432,20.32852,20.32259,1,1
24.08.2021 00:45:52.656,20.32852,20.32259,1.3,1
24.08.2021 00:45:53.446,20.32852,20.32259,1.3,1
24.08.2021 00:46:05.945,20.328300000000002,20.32259,1.3,1
24.08.2021 00:46:28.849,20.328129999999998,20.32259,1.3,1
24.08.2021 00:46:34.037,20.328129999999998,20.32259,1,1
24.08.2021 00:46:52.525,20.32855,20.32259,1.3,1
24.08.2021 00:46:58.646,20.32845,20.32259,1,1
24.08.2021 00:47:00.343,20.32843,20.32259,1,1
24.08.2021 00:47:01.995,20.32842,20.32259,1,1
24.08.2021 00:47:02.758,20.32841,20.32259,1,1
24.08.2021 00:47:03.743,20.32839,20.32259,1,1
24.08.2021 00:47:05.394,20.32838,20.32259,1,1
24.08.2021 00:47:05.660,20.328370000000003,20.32259,1,1
24.08.2021 00:47:07.143,20.32835,20.32259,1,1
24.08.2021 00:47:08.397,20.32834,20.32259,1,1
24.08.2021 00:47:08.651,20.32833,20.32259,1,1
24.08.2021 00:47:08.796,20.32832,20.32259,1,1
24.08.2021 00:47:09.184,20.328310000000002,20.32259,1,1
24.08.2021 00:47:09.484,20.328300000000002,20.32259,1,1
24.08.2021 00:47:09.590,20.32829,20.32259,1,1
24.08.2021 00:47:10.494,20.32828,20.32259,1,1
24.08.2021 00:47:10.774,20.328270000000003,20.32259,1,1
24.08.2021 00:47:12.195,20.32826,20.32259,1,1
24.08.2021 00:47:12.424,20.32825,20.32259,1,1
24.08.2021 00:47:13.943,20.32823,20.32259,1,1
24.08.2021 00:47:15.594,20.32822,20.32259,1,1
24.08.2021 00:47:17.075,20.328210000000002,20.32259,1,1
24.08.2021 00:47:17.343,20.32819,20.32259,1,1
24.08.2021 00:47:18.397,20.32818,20.32259,1,1
24.08.2021 00:47:18.675,20.328170000000004,20.32259,1,1
24.08.2021 00:47:19.022,20.32816,20.32259,1,1
24.08.2021 00:47:23.240,20.32816,20.32259,1.3,1
24.08.2021 00:47:37.348,20.32816,20.32259,1,1
24.08.2021 00:47:42.254,20.32816,20.32259,1.3,1
24.08.2021 00:47:52.692,20.32815,20.32205,1.3,1.3
24.08.2021 00:47:56.180,20.328070000000004,20.32205,1.3,1
24.08.2021 00:47:58.073,20.32805,20.32205,1,1
24.08.2021 00:47:58.123,20.32803,20.32205,1,1
24.08.2021 00:47:58.397,20.328020000000002,20.32205,1,1
24.08.2021 00:47:58.725,20.328010000000003,20.32205,1,1
24.08.2021 00:47:59.794,20.328,20.32205,1,1
24.08.2021 00:48:00.366,20.32799,20.32205,1.3,1
24.08.2021 00:48:20.177,20.32785,20.32205,1,1
24.08.2021 00:48:24.863,20.32785,20.3213,1,1.55
24.08.2021 00:48:25.346,20.32785,20.3213,1,1.55
24.08.2021 00:48:27.029,20.32785,20.3213,1,1.55
24.08.2021 00:48:31.209,20.32785,20.3213,1,1.55
24.08.2021 00:48:46.743,20.32864,20.32156,1.3,1.3
24.08.2021 00:48:47.215,20.32875,20.32156,1.4,1.3
24.08.2021 00:48:47.893,20.32875,20.32156,1.4,1.3
24.08.2021 00:48:47.999,20.32865,20.32166,1.3,1.3
24.08.2021 00:48:48.101,20.32885,20.32176,1.65,1
24.08.2021 00:48:48.252,20.32885,20.32176,1.65,1.3
24.08.2021 00:48:49.401,20.328879999999998,20.32216,1.65,1
24.08.2021 00:49:01.777,20.328879999999998,20.32216,1.65,1
24.08.2021 00:49:01.845,20.328879999999998,20.32226,1.65,1
24.08.2021 00:49:03.042,20.328879999999998,20.322560000000003,1.4,1
24.08.2021 00:49:08.437,20.328879999999998,20.322560000000003,1.4,1
24.08.2021 00:49:09.739,20.328879999999998,20.322560000000003,1.4,1
24.08.2021 00:49:18.368,20.328879999999998,20.322560000000003,1.4,1
24.08.2021 00:49:31.172,20.328879999999998,20.322560000000003,1.4,1
24.08.2021 00:49:35.938,20.328879999999998,20.322660000000003,1.3,1
24.08.2021 00:49:36.194,20.328879999999998,20.322960000000002,1.3,1
24.08.2021 00:49:37.085,20.328879999999998,20.322960000000002,1.3,1
24.08.2021 00:49:38.798,20.328879999999998,20.322960000000002,1.3,1
24.08.2021 00:49:46.324,20.328879999999998,20.32306,1.3,1
24.08.2021 00:49:52.438,20.328879999999998,20.32306,1.3,1
24.08.2021 00:50:04.033,20.328879999999998,20.322760000000002,1.3,1
24.08.2021 00:50:04.134,20.328879999999998,20.32216,1.3,1
24.08.2021 00:50:04.185,20.328879999999998,20.321460000000002,1.3,1.3
24.08.2021 00:50:04.948,20.328879999999998,20.32196,1.3,1
24.08.2021 00:50:13.580,20.328470000000003,20.321720000000003,1.3,1.05
24.08.2021 00:50:44.945,20.32845,20.322170000000003,1,1
24.08.2021 00:50:46.736,20.32845,20.322170000000003,1.3,1.3
24.08.2021 00:50:50.354,20.328370000000003,20.322170000000003,1,1
24.08.2021 00:50:50.706,20.32833,20.322170000000003,1,1
24.08.2021 00:50:51.494,20.32832,20.322170000000003,1,1
24.08.2021 00:50:52.220,20.328310000000002,20.322170000000003,1,1
24.08.2021 00:50:53.195,20.32828,20.322170000000003,1,1
24.08.2021 00:50:54.894,20.32826,20.322170000000003,1,1
24.08.2021 00:50:55.660,20.32825,20.322170000000003,1,1
24.08.2021 00:50:56.645,20.32823,20.322170000000003,1,1
24.08.2021 00:50:58.294,20.32822,20.322170000000003,1,1
24.08.2021 00:50:58.397,20.328210000000002,20.322170000000003,1,1
24.08.2021 00:50:58.500,20.32819,20.322170000000003,1,1
24.08.2021 00:50:59.102,20.328170000000004,20.322170000000003,1,1
24.08.2021 00:50:59.994,20.32816,20.322170000000003,1,1
24.08.2021 00:51:00.505,20.32815,20.322170000000003,1,1
24.08.2021 00:51:00.676,20.328129999999998,20.322170000000003,1,1
24.08.2021 00:51:01.746,20.328110000000002,20.322170000000003,1,1
24.08.2021 00:51:03.394,20.328100000000003,20.322170000000003,1,1
24.08.2021 00:51:04.128,20.32809,20.322170000000003,1,1
24.08.2021 00:51:05.094,20.32808,20.322170000000003,1,1
24.08.2021 00:51:05.428,20.328070000000004,20.322170000000003,1,1
24.08.2021 00:51:06.796,20.32806,20.322170000000003,1,1
24.08.2021 00:51:07.528,20.32805,20.322170000000003,1,1
24.08.2021 00:51:08.398,20.32804,20.322170000000003,1,1
24.08.2021 00:51:08.500,20.328020000000002,20.322170000000003,1,1
24.08.2021 00:51:10.195,20.32799,20.322170000000003,1,1
24.08.2021 00:51:11.034,20.32798,20.322170000000003,1,1
24.08.2021 00:51:11.135,20.32797,20.322170000000003,1,1
24.08.2021 00:51:11.424,20.32797,20.322560000000003,1,1
24.08.2021 00:51:11.592,20.32797,20.322170000000003,1,1
24.08.2021 00:51:12.595,20.32795,20.322170000000003,1,1
24.08.2021 00:51:21.072,20.32795,20.322170000000003,1,1.3
24.08.2021 00:51:43.052,20.32793,20.32219,1,1.3
24.08.2021 00:51:43.260,20.32793,20.32219,1,1.5
24.08.2021 00:51:44.283,20.32793,20.322560000000003,1,1
24.08.2021 00:52:07.221,20.32793,20.322660000000003,1,1
24.08.2021 00:52:09.111,20.32793,20.322960000000002,1,1
24.08.2021 00:52:10.047,20.32793,20.32316,1,1
24.08.2021 00:52:10.713,20.32793,20.322960000000002,1,1
24.08.2021 00:52:11.680,20.32793,20.32326,1,1
24.08.2021 00:52:15.169,20.32793,20.32346,1,1
24.08.2021 00:52:49.527,20.32793,20.32366,1,1
24.08.2021 00:52:53.305,20.32793,20.323960000000003,1,1
24.08.2021 00:52:57.061,20.32871,20.323960000000003,1.3,1
24.08.2021 00:53:00.563,20.32871,20.324260000000002,1.3,1
24.08.2021 00:53:12.116,20.32871,20.324260000000002,1,1
24.08.2021 00:53:17.476,20.32871,20.32356,1,1
24.08.2021 00:53:18.049,20.32871,20.32366,1,1
24.08.2021 00:53:19.898,20.32871,20.323960000000003,1,1
24.08.2021 00:53:57.034,20.329120000000003,20.323960000000003,1.25,1
24.08.2021 00:53:57.085,20.329120000000003,20.323960000000003,1.25,1
24.08.2021 00:54:01.400,20.329120000000003,20.32346,1.25,1
24.08.2021 00:54:01.609,20.329060000000002,20.3227,1.25,1
24.08.2021 00:54:03.177,20.32894,20.3227,1.9,1
24.08.2021 00:54:03.328,20.32894,20.3227,1.9,1
24.08.2021 00:54:04.902,20.328920000000004,20.3227,1.9,1
24.08.2021 00:54:27.006,20.32872,20.3227,1,1
24.08.2021 00:54:30.463,20.32872,20.32326,1,1
24.08.2021 00:54:36.215,20.32872,20.3227,1,1
24.08.2021 00:54:55.177,20.3287,20.3227,1,1
24.08.2021 00:54:57.067,20.3287,20.32254,1,1.25
24.08.2021 00:54:57.118,20.3287,20.32228,1.55,1.55
24.08.2021 00:54:59.932,20.32864,20.32228,1.3,1.55
24.08.2021 00:55:00.187,20.32864,20.32228,1,1.25
24.08.2021 00:55:00.371,20.32864,20.32228,1.3,1.05
24.08.2021 00:55:01.704,20.32864,20.32212,1,1
24.08.2021 00:55:02.187,20.32862,20.32212,1,1
24.08.2021 00:55:07.614,20.32862,20.32212,1.3,1
24.08.2021 00:55:08.207,20.3286,20.32212,1.3,1
24.08.2021 00:55:22.970,20.32858,20.32228,1.3,1.05
24.08.2021 00:55:36.559,20.32852,20.32212,1.3,1
24.08.2021 00:55:38.958,20.32852,20.32228,1.3,1.05
24.08.2021 00:55:39.201,20.32852,20.32212,1,1.05
24.08.2021 00:55:39.615,20.32852,20.322360000000003,1,1
24.08.2021 00:55:40.136,20.32852,20.322860000000002,1,1
24.08.2021 00:55:41.085,20.32852,20.32316,1,1
24.08.2021 00:55:41.531,20.32852,20.32326,1,1
24.08.2021 00:55:51.275,20.32852,20.32356,1,1
24.08.2021 00:55:57.132,20.32897,20.32356,1.25,1
24.08.2021 00:55:59.226,20.32897,20.32376,1.25,1
24.08.2021 00:55:59.993,20.32897,20.32386,1.25,1
24.08.2021 00:56:14.000,20.32897,20.324160000000003,1.25,1
24.08.2021 00:56:14.239,20.32897,20.324160000000003,1.25,1
24.08.2021 00:57:02.927,20.32897,20.32459,1.25,1
24.08.2021 00:57:03.029,20.33039,20.325210000000002,1.55,1.25
24.08.2021 00:57:03.079,20.33114,20.325210000000002,1.65,1.25
24.08.2021 00:57:03.130,20.33144,20.325210000000002,1.05,1
24.08.2021 00:57:03.372,20.33161,20.32544,1.4,1
24.08.2021 00:57:03.478,20.33161,20.32544,1.4,1
24.08.2021 00:57:04.126,20.33161,20.32544,1.4,1
24.08.2021 00:57:05.393,20.33161,20.32544,1.4,1
24.08.2021 00:57:11.570,20.33161,20.32544,1.4,1
24.08.2021 00:57:12.760,20.33161,20.32544,1.4,1
24.08.2021 00:57:33.747,20.33161,20.32544,1.3,1
24.08.2021 00:57:41.096,20.33161,20.32544,1.3,1
24.08.2021 00:57:46.318,20.33161,20.32544,1.3,1
24.08.2021 00:57:52.325,20.33161,20.32544,1.3,1
24.08.2021 00:57:55.861,20.33161,20.32544,1.3,1
24.08.2021 00:57:56.058,20.328950000000003,20.32344,1,1.8
24.08.2021 00:57:56.108,20.328950000000003,20.32329,1,1
24.08.2021 00:57:56.210,20.328950000000003,20.32287,1,1.3
24.08.2021 00:57:56.311,20.328950000000003,20.32287,1,1
24.08.2021 00:57:57.946,20.328950000000003,20.322960000000002,1,1
24.08.2021 00:58:02.766,20.328950000000003,20.322960000000002,1,1.3
24.08.2021 00:58:04.067,20.32539,20.322660000000003,1,1.3
24.08.2021 00:58:04.118,20.32686,20.32178,1.4,1.5
24.08.2021 00:58:04.169,20.32686,20.32114,1.3,1.3
24.08.2021 00:58:04.220,20.32686,20.32114,1,1
24.08.2021 00:58:24.682,20.32803,20.3215,1.55,1.5
24.08.2021 00:58:24.783,20.32803,20.32158,1.55,1.3
24.08.2021 00:58:25.742,20.328110000000002,20.322460000000003,1.55,1
24.08.2021 00:58:30.083,20.328110000000002,20.322460000000003,1.25,1
24.08.2021 00:58:33.711,20.328110000000002,20.322460000000003,1.55,1
24.08.2021 00:58:33.853,20.328110000000002,20.322460000000003,1.25,1
24.08.2021 00:58:35.659,20.328110000000002,20.322460000000003,1.55,1
24.08.2021 00:58:35.962,20.328110000000002,20.322460000000003,1.25,1
24.08.2021 00:58:39.113,20.328110000000002,20.322460000000003,1.55,1
24.08.2021 00:58:39.583,20.328110000000002,20.322460000000003,1.25,1
24.08.2021 00:58:40.171,20.328110000000002,20.322460000000003,1.55,1
24.08.2021 00:58:41.275,20.328110000000002,20.322360000000003,1.55,1
24.08.2021 00:58:41.930,20.328110000000002,20.322360000000003,1.25,1
24.08.2021 00:58:42.203,20.328110000000002,20.322360000000003,1.55,1
24.08.2021 00:58:42.617,20.328110000000002,20.322360000000003,1.55,1
24.08.2021 00:58:42.719,20.32809,20.322360000000003,1.55,1
24.08.2021 00:58:48.843,20.32809,20.322360000000003,1.55,1
24.08.2021 00:58:49.363,20.32809,20.322360000000003,1.55,1
24.08.2021 00:58:49.497,20.32809,20.322360000000003,1.55,1
24.08.2021 00:58:49.656,20.32809,20.322360000000003,1.55,1
24.08.2021 00:58:51.666,20.32809,20.322360000000003,1.55,1
24.08.2021 00:58:52.357,20.32809,20.322360000000003,1.55,1
24.08.2021 00:58:52.515,20.32809,20.322360000000003,1.55,1
24.08.2021 00:58:52.636,20.32809,20.322360000000003,1.55,1
24.08.2021 00:58:53.644,20.32809,20.322360000000003,1.55,1
24.08.2021 00:58:55.398,20.32809,20.322360000000003,1.55,1
24.08.2021 00:58:56.568,20.32809,20.322360000000003,1.55,1
24.08.2021 00:59:00.365,20.32809,20.322360000000003,1.55,1
24.08.2021 00:59:05.357,20.32809,20.32216,1.55,1
24.08.2021 00:59:06.510,20.32809,20.32216,1.25,1
24.08.2021 00:59:09.537,20.32809,20.322460000000003,1.25,1
24.08.2021 00:59:10.487,20.32809,20.322460000000003,1.55,1
24.08.2021 00:59:19.639,20.32809,20.322760000000002,1.55,1
24.08.2021 00:59:20.023,20.32809,20.322760000000002,1.55,1
24.08.2021 00:59:24.662,20.32809,20.322760000000002,1.3,1
24.08.2021 00:59:25.775,20.32809,20.322760000000002,1.3,1
24.08.2021 00:59:27.236,20.32809,20.322860000000002,1.3,1
24.08.2021 00:59:41.016,20.32809,20.32316,1.3,1
24.08.2021 00:59:45.982,20.32809,20.32316,1.3,1
24.08.2021 00:59:46.512,20.32809,20.32346,1,1
24.08.2021 00:59:48.365,20.32809,20.32346,1.3,1
24.08.2021 00:59:48.746,20.32809,20.32346,1,1
24.08.2021 01:00:02.127,20.32809,20.32356,1,1
24.08.2021 01:00:02.332,20.32809,20.32316,1,1
24.08.2021 01:00:02.900,20.32809,20.322960000000002,1,1
24.08.2021 01:00:03.893,20.32809,20.32306,1,1
24.08.2021 01:00:09.171,20.32809,20.322860000000002,1,1
24.08.2021 01:00:14.495,20.32809,20.32306,1,1
24.08.2021 01:00:19.637,20.32809,20.32326,1,1
24.08.2021 01:00:25.131,20.32858,20.32326,1.3,1
24.08.2021 01:00:27.996,20.328560000000003,20.32326,1.3,1
24.08.2021 01:00:30.341,20.32854,20.32326,1,1
24.08.2021 01:00:32.445,20.32852,20.32326,1.3,1
24.08.2021 01:00:33.985,20.328500000000002,20.32306,1.3,1
24.08.2021 01:00:35.648,20.32848,20.32306,1.3,1
24.08.2021 01:00:44.637,20.32844,20.32306,1,1
24.08.2021 01:00:46.155,20.32844,20.32306,1.3,1
24.08.2021 01:00:48.132,20.32844,20.32316,1,1
24.08.2021 01:00:48.284,20.32844,20.32326,1.3,1
24.08.2021 01:00:54.218,20.32842,20.32336,1.3,1
24.08.2021 01:00:59.678,20.32838,20.32346,1.3,1
24.08.2021 01:00:59.989,20.32838,20.32346,1,1
24.08.2021 01:01:00.291,20.32838,20.32346,1.3,1
24.08.2021 01:01:00.831,20.32838,20.32376,1.3,1
24.08.2021 01:01:03.759,20.32838,20.32356,1.3,1
24.08.2021 01:01:03.875,20.32838,20.322360000000003,1.3,1.3
24.08.2021 01:01:04.508,20.32838,20.32336,1.3,1
24.08.2021 01:01:05.012,20.32838,20.32336,1,1
24.08.2021 01:01:14.964,20.32838,20.32366,1,1
24.08.2021 01:01:22.077,20.32836,20.322860000000002,1,1
24.08.2021 01:01:22.178,20.32836,20.322860000000002,1.3,1
24.08.2021 01:01:22.283,20.32836,20.322760000000002,1.3,1
24.08.2021 01:01:23.545,20.32836,20.322760000000002,1.3,1
24.08.2021 01:01:24.544,20.32836,20.322760000000002,1.3,1
24.08.2021 01:01:26.946,20.32834,20.322760000000002,1.3,1
24.08.2021 01:01:27.047,20.32834,20.322760000000002,1,1
24.08.2021 01:01:27.201,20.32834,20.322560000000003,1,1
24.08.2021 01:01:27.345,20.32832,20.322560000000003,1,1
24.08.2021 01:01:28.425,20.328310000000002,20.322560000000003,1,1
24.08.2021 01:01:32.398,20.328300000000002,20.322560000000003,1,1
24.08.2021 01:01:33.168,20.328300000000002,20.322360000000003,1,1
24.08.2021 01:01:51.541,20.328300000000002,20.322460000000003,1,1
24.08.2021 01:02:04.191,20.32829,20.322460000000003,1,1
24.08.2021 01:02:04.693,20.32828,20.322460000000003,1,1
24.08.2021 01:02:05.660,20.328270000000003,20.322460000000003,1,1
24.08.2021 01:02:06.394,20.32826,20.322460000000003,1,1
24.08.2021 01:02:06.814,20.32824,20.322460000000003,1,1
24.08.2021 01:02:07.506,20.32823,20.322460000000003,1,1
24.08.2021 01:02:08.094,20.32822,20.322460000000003,1,1
24.08.2021 01:02:08.398,20.328200000000002,20.322460000000003,1,1
24.08.2021 01:02:09.393,20.32819,20.322460000000003,1,1
24.08.2021 01:02:09.844,20.328170000000004,20.322460000000003,1,1
24.08.2021 01:02:10.040,20.328170000000004,20.322360000000003,1,1
24.08.2021 01:02:11.494,20.32816,20.322360000000003,1,1
24.08.2021 01:02:25.995,20.32815,20.322360000000003,1,1
24.08.2021 01:02:26.794,20.32814,20.322360000000003,1,1
24.08.2021 01:02:27.576,20.328129999999998,20.322360000000003,1,1
24.08.2021 01:02:28.397,20.328110000000002,20.322360000000003,1,1
24.08.2021 01:02:28.498,20.328100000000003,20.322360000000003,1,1
24.08.2021 01:02:29.391,20.32809,20.322360000000003,1,1
24.08.2021 01:02:30.194,20.32808,20.322360000000003,1,1
24.08.2021 01:02:30.325,20.328070000000004,20.322360000000003,1,1
24.08.2021 01:02:31.894,20.32806,20.322360000000003,1,1
24.08.2021 01:02:32.368,20.32805,20.322360000000003,1,1
24.08.2021 01:02:33.594,20.32804,20.322360000000003,1,1
24.08.2021 01:02:33.778,20.32803,20.322360000000003,1,1
24.08.2021 01:02:35.294,20.328020000000002,20.322360000000003,1,1
24.08.2021 01:02:35.603,20.328010000000003,20.322360000000003,1,1
24.08.2021 01:02:37.016,20.32799,20.322360000000003,1,1
24.08.2021 01:02:38.397,20.32798,20.322360000000003,1,1
24.08.2021 01:02:38.614,20.32797,20.322360000000003,1,1
24.08.2021 01:02:38.745,20.32795,20.322360000000003,1,1
24.08.2021 01:02:40.396,20.32794,20.322360000000003,1,1
24.08.2021 01:02:42.094,20.327920000000002,20.322360000000003,1,1
24.08.2021 01:02:42.627,20.327910000000003,20.322360000000003,1,1
24.08.2021 01:02:43.795,20.3279,20.322360000000003,1,1
24.08.2021 01:02:44.199,20.32789,20.322360000000003,1,1
24.08.2021 01:02:45.494,20.32788,20.322360000000003,1,1
24.08.2021 01:02:45.647,20.32787,20.322360000000003,1,1
24.08.2021 01:02:47.194,20.32786,20.322360000000003,1,1
24.08.2021 01:02:48.944,20.32785,20.322360000000003,1,1
24.08.2021 01:03:26.341,20.327840000000002,20.322360000000003,1,1
24.08.2021 01:04:03.222,20.32785,20.322360000000003,1,1
24.08.2021 01:04:03.330,20.32785,20.322360000000003,1.3,1
24.08.2021 01:04:03.481,20.32785,20.322360000000003,1,1
24.08.2021 01:04:10.627,20.327840000000002,20.322360000000003,1,1
24.08.2021 01:04:19.083,20.327840000000002,20.322360000000003,1.3,1
24.08.2021 01:04:23.248,20.327840000000002,20.322360000000003,1,1
24.08.2021 01:04:26.048,20.32468,20.31958,1,1.05
24.08.2021 01:04:26.149,20.32468,20.318910000000002,1,1.05
24.08.2021 01:04:26.250,20.32468,20.318810000000003,1,1.1
24.08.2021 01:04:26.351,20.32468,20.3188,1.3,1.6
24.08.2021 01:04:26.502,20.32468,20.3188,1.3,1.6
24.08.2021 01:04:27.643,20.32466,20.3188,1.3,1.6
24.08.2021 01:04:28.082,20.32466,20.3188,1.3,1.6
24.08.2021 01:04:30.715,20.32466,20.3188,1.3,1.6
24.08.2021 01:04:30.816,20.32466,20.3188,1.3,1.6
24.08.2021 01:04:31.981,20.32464,20.3188,1.3,1.6
24.08.2021 01:04:38.413,20.324620000000003,20.31896,1.3,1.6
24.08.2021 01:04:38.665,20.324620000000003,20.31896,1,1.6
24.08.2021 01:04:39.884,20.324620000000003,20.31896,1.3,1.6
24.08.2021 01:04:48.955,20.325770000000002,20.31886,1.55,1.15
24.08.2021 01:04:49.499,20.325770000000002,20.319560000000003,1.55,1
24.08.2021 01:04:51.685,20.325370000000003,20.31916,1.05,1.5
24.08.2021 01:04:51.735,20.324820000000003,20.31916,1.25,1.5
24.08.2021 01:04:51.836,20.324820000000003,20.31868,1.55,1.15
24.08.2021 01:04:51.937,20.324820000000003,20.318640000000002,1.55,1.35
24.08.2021 01:04:54.490,20.324820000000003,20.31876,1.55,1.6
24.08.2021 01:04:55.996,20.324820000000003,20.319360000000003,1.25,1.5
24.08.2021 01:04:56.346,20.324820000000003,20.31868,1.55,1.15
24.08.2021 01:04:56.497,20.324820000000003,20.31868,1.55,1.15
24.08.2021 01:04:58.000,20.324820000000003,20.318610000000003,1.55,1.15
24.08.2021 01:04:59.206,20.324820000000003,20.31868,1.55,1.15
24.08.2021 01:05:07.051,20.324820000000003,20.31856,1.55,1.75
24.08.2021 01:05:07.518,20.324820000000003,20.31868,1.55,1.05
24.08.2021 01:05:13.374,20.324820000000003,20.318610000000003,1.55,1.05
24.08.2021 01:05:16.385,20.324820000000003,20.31868,1.55,1.05
24.08.2021 01:05:21.365,20.324820000000003,20.31868,1.55,1.05
24.08.2021 01:05:26.620,20.324820000000003,20.31868,1.55,1.05
24.08.2021 01:05:27.437,20.32463,20.31883,1,1.4
24.08.2021 01:05:33.065,20.32463,20.31868,1.3,1.05
24.08.2021 01:05:35.190,20.32463,20.31896,1,1.5
24.08.2021 01:05:36.281,20.32463,20.319460000000003,1,1
24.08.2021 01:05:43.381,20.32515,20.319460000000003,1.25,1
24.08.2021 01:05:43.490,20.32539,20.319460000000003,1.3,1
24.08.2021 01:05:43.758,20.32539,20.319460000000003,1.3,1
24.08.2021 01:05:46.760,20.32539,20.319460000000003,1.8,1
24.08.2021 01:05:46.861,20.32451,20.318740000000002,1,1.4
24.08.2021 01:05:48.098,20.32451,20.319560000000003,1,1
24.08.2021 01:05:54.679,20.32539,20.319760000000002,1.3,1
24.08.2021 01:05:55.963,20.32539,20.319960000000002,1.3,1
24.08.2021 01:05:56.345,20.32575,20.319960000000002,1.25,1
24.08.2021 01:05:57.912,20.32575,20.319960000000002,1.55,1
24.08.2021 01:06:04.416,20.32575,20.32026,1.55,1
24.08.2021 01:06:04.466,20.32575,20.32026,1.25,1
24.08.2021 01:06:15.996,20.32575,20.32026,1.55,1
24.08.2021 01:06:20.386,20.32575,20.32036,1.25,1
24.08.2021 01:06:31.566,20.32575,20.32036,1.55,1
24.08.2021 01:06:34.643,20.32575,20.32036,1.25,1
24.08.2021 01:06:56.762,20.32575,20.32036,1,1
24.08.2021 01:07:00.106,20.32705,20.32134,1.4,1
24.08.2021 01:07:00.208,20.328020000000002,20.32212,1.65,1
24.08.2021 01:07:00.473,20.328020000000002,20.32212,1.3,1
24.08.2021 01:07:00.929,20.328020000000002,20.32216,1.3,1
24.08.2021 01:07:01.807,20.328020000000002,20.322460000000003,1.3,1
24.08.2021 01:07:02.004,20.328020000000002,20.322460000000003,1.3,1
24.08.2021 01:07:05.623,20.328020000000002,20.322460000000003,1.3,1
24.08.2021 01:07:08.796,20.328010000000003,20.322460000000003,1,1
24.08.2021 01:07:23.450,20.328010000000003,20.322460000000003,1,1.3
24.08.2021 01:07:24.974,20.328010000000003,20.322460000000003,1,1
24.08.2021 01:07:27.428,20.328010000000003,20.322460000000003,1,1.3
24.08.2021 01:07:30.246,20.328010000000003,20.32226,1.3,1.3
24.08.2021 01:07:31.479,20.328010000000003,20.32226,1.3,1.3
24.08.2021 01:07:41.718,20.32798,20.322460000000003,1.3,1
24.08.2021 01:08:00.734,20.32798,20.322460000000003,1.3,1
24.08.2021 01:08:07.786,20.32798,20.322460000000003,1,1
24.08.2021 01:08:24.592,20.32798,20.322460000000003,1.3,1
24.08.2021 01:08:25.950,20.32798,20.322460000000003,1.3,1
24.08.2021 01:08:28.511,20.32798,20.322460000000003,1,1
24.08.2021 01:08:34.509,20.32798,20.322360000000003,1,1
24.08.2021 01:09:29.150,20.32798,20.32216,1,1
24.08.2021 01:09:34.180,20.32798,20.32216,1.3,1
24.08.2021 01:09:53.411,20.32798,20.32216,1.3,1
24.08.2021 01:09:54.993,20.32798,20.32212,1.3,1
24.08.2021 01:09:55.043,20.32798,20.32212,1.3,1
24.08.2021 01:10:00.624,20.32798,20.32176,1.3,1
24.08.2021 01:10:04.645,20.32798,20.32176,1,1
24.08.2021 01:10:14.645,20.32798,20.32176,1.3,1
24.08.2021 01:10:22.716,20.32798,20.32176,1,1
24.08.2021 01:10:24.366,20.32798,20.32176,1.3,1
24.08.2021 01:10:27.601,20.32799,20.32166,1.3,1.3
24.08.2021 01:10:27.804,20.32799,20.32166,1,1
24.08.2021 01:10:28.593,20.32795,20.32166,1,1
24.08.2021 01:10:28.916,20.32795,20.32166,1.3,1
24.08.2021 01:11:29.165,20.32799,20.32166,1.3,1
24.08.2021 01:11:54.048,20.32797,20.32166,1.3,1.3
24.08.2021 01:11:58.037,20.32797,20.32166,1.3,1
24.08.2021 01:11:59.499,20.32797,20.32166,1.3,1.3
24.08.2021 01:12:19.472,20.32797,20.32166,1.3,1
24.08.2021 01:12:33.302,20.32795,20.32166,1.3,1.3
24.08.2021 01:12:44.901,20.32795,20.32176,1.3,1
24.08.2021 01:12:52.281,20.32795,20.32166,1.3,1.3
24.08.2021 01:12:52.432,20.32795,20.32166,1.3,1
24.08.2021 01:13:36.617,20.32795,20.32166,1.3,1
24.08.2021 01:13:37.219,20.32795,20.32166,1,1
24.08.2021 01:14:36.605,20.32899,20.32111,1.9,1.3
24.08.2021 01:14:37.216,20.32795,20.32166,1,1
24.08.2021 01:14:42.477,20.32795,20.32166,1.3,1.3
24.08.2021 01:14:48.536,20.32795,20.32166,1.3,1
24.08.2021 01:14:57.515,20.327650000000002,20.32166,1.3,1
24.08.2021 01:15:18.298,20.32793,20.32166,1,1
24.08.2021 01:15:18.455,20.32793,20.32166,1.3,1.3
24.08.2021 01:15:18.556,20.32793,20.32166,1,1
24.08.2021 01:15:19.410,20.32793,20.32166,1.3,1.3
24.08.2021 01:15:29.448,20.327910000000003,20.32166,1,1
24.08.2021 01:15:29.554,20.327910000000003,20.32166,1,1.3
24.08.2021 01:15:30.162,20.327910000000003,20.32166,1,1
24.08.2021 01:15:30.398,20.327910000000003,20.32166,1,1.3
24.08.2021 01:15:31.185,20.327910000000003,20.32166,1.3,1.3
24.08.2021 01:16:00.196,20.327910000000003,20.32166,1,1
24.08.2021 01:16:01.234,20.327910000000003,20.32166,1,1.3
24.08.2021 01:16:01.386,20.327910000000003,20.32166,1,1.3
24.08.2021 01:16:02.501,20.32825,20.32166,1.3,1.3
24.08.2021 01:16:02.764,20.32825,20.32166,1.3,1.3
24.08.2021 01:16:03.082,20.32829,20.32166,1.5,1.3
24.08.2021 01:16:03.183,20.328129999999998,20.32166,1.3,1
24.08.2021 01:16:03.652,20.328110000000002,20.32166,1.3,1.3
24.08.2021 01:16:04.567,20.328110000000002,20.32176,1.3,1
24.08.2021 01:16:08.363,20.328110000000002,20.32176,1.3,1
24.08.2021 01:16:09.476,20.328110000000002,20.32206,1.3,1
24.08.2021 01:16:09.577,20.328110000000002,20.32206,1.3,1
24.08.2021 01:16:10.195,20.328110000000002,20.32206,1.3,1
24.08.2021 01:16:19.494,20.32809,20.32206,1.3,1
24.08.2021 01:16:21.804,20.32809,20.32206,1,1
24.08.2021 01:16:22.758,20.32809,20.32206,1.3,1
24.08.2021 01:16:23.082,20.32809,20.32206,1.3,1
24.08.2021 01:16:28.143,20.32809,20.32206,1.3,1
24.08.2021 01:16:30.199,20.32809,20.32206,1.3,1.3
24.08.2021 01:16:32.286,20.32809,20.32206,1.3,1.3
24.08.2021 01:16:34.647,20.32809,20.322360000000003,1.3,1.3
24.08.2021 01:16:40.208,20.32809,20.32216,1.3,1.3
24.08.2021 01:16:41.030,20.32809,20.322360000000003,1,1
24.08.2021 01:16:42.128,20.32809,20.322660000000003,1,1
24.08.2021 01:16:57.286,20.32809,20.32226,1,1
24.08.2021 01:16:57.337,20.32809,20.32226,1,1.3
24.08.2021 01:17:02.491,20.32836,20.32226,1.3,1.3
24.08.2021 01:17:04.309,20.32836,20.32226,1,1
24.08.2021 01:17:04.898,20.32836,20.322560000000003,1,1
24.08.2021 01:17:11.366,20.32836,20.322760000000002,1,1
24.08.2021 01:17:18.872,20.32836,20.322560000000003,1,1
24.08.2021 01:17:32.772,20.32836,20.322560000000003,1.3,1
24.08.2021 01:17:32.872,20.32836,20.322560000000003,1.3,1.3
24.08.2021 01:17:33.132,20.32836,20.322760000000002,1.3,1
24.08.2021 01:17:42.269,20.32836,20.322760000000002,1.3,1
24.08.2021 01:17:44.783,20.32836,20.32306,1.3,1
24.08.2021 01:17:47.333,20.32836,20.32306,1.3,1
24.08.2021 01:17:48.567,20.32836,20.32306,1,1
24.08.2021 01:17:48.668,20.32836,20.322460000000003,1,1.3
24.08.2021 01:17:49.014,20.32836,20.322460000000003,1,1
24.08.2021 01:17:55.464,20.32836,20.322760000000002,1,1
24.08.2021 01:17:55.572,20.32836,20.322760000000002,1.3,1
24.08.2021 01:17:55.724,20.32836,20.322760000000002,1,1
24.08.2021 01:17:56.141,20.32836,20.322300000000002,1,1
24.08.2021 01:17:59.812,20.32836,20.322360000000003,1,1
24.08.2021 01:18:00.079,20.32836,20.322360000000003,1.3,1
24.08.2021 01:18:01.273,20.32836,20.322460000000003,1.3,1
24.08.2021 01:18:01.374,20.32836,20.322460000000003,1.3,1.3
24.08.2021 01:18:02.272,20.32836,20.322760000000002,1.3,1
24.08.2021 01:18:03.273,20.32836,20.322760000000002,1.3,1
24.08.2021 01:18:06.072,20.32836,20.322300000000002,1.3,1.3
24.08.2021 01:18:06.123,20.32836,20.322300000000002,1.3,1
24.08.2021 01:18:06.379,20.32836,20.322300000000002,1.3,1.3
24.08.2021 01:18:07.785,20.32836,20.322360000000003,1.3,1.3
24.08.2021 01:18:24.367,20.32836,20.322360000000003,1.3,1.3
24.08.2021 01:18:29.851,20.32836,20.322360000000003,1.3,1.3
24.08.2021 01:18:29.952,20.32836,20.322360000000003,1,1.3
24.08.2021 01:18:30.110,20.32836,20.322360000000003,1.3,1.3
24.08.2021 01:18:45.436,20.32836,20.322660000000003,1,1
24.08.2021 01:18:45.537,20.32836,20.322760000000002,1,1
24.08.2021 01:18:45.639,20.32836,20.322760000000002,1.3,1.3
24.08.2021 01:18:51.042,20.32836,20.322760000000002,1.3,1
24.08.2021 01:18:54.648,20.32836,20.322760000000002,1,1
24.08.2021 01:18:57.601,20.32836,20.322360000000003,1,1.3
24.08.2021 01:18:57.706,20.32836,20.322360000000003,1.3,1
24.08.2021 01:19:03.544,20.32836,20.322360000000003,1,1
24.08.2021 01:19:04.647,20.32836,20.322360000000003,1.3,1.3
24.08.2021 01:19:07.742,20.32836,20.322360000000003,1.3,1.3
24.08.2021 01:19:09.543,20.32836,20.322360000000003,1.3,1.3
24.08.2021 01:19:11.689,20.32836,20.322360000000003,1,1
24.08.2021 01:19:15.365,20.32836,20.322360000000003,1.3,1.3
24.08.2021 01:19:16.107,20.32836,20.322360000000003,1.3,1
24.08.2021 01:19:17.017,20.32836,20.322660000000003,1.3,1
24.08.2021 01:19:21.202,20.32836,20.322300000000002,1,1
24.08.2021 01:19:22.325,20.32836,20.322300000000002,1.3,1.3
24.08.2021 01:19:23.247,20.32836,20.322460000000003,1,1
24.08.2021 01:19:28.382,20.32836,20.322760000000002,1,1
24.08.2021 01:19:31.001,20.32836,20.322360000000003,1,1
24.08.2021 01:19:31.103,20.32836,20.322360000000003,1.3,1.3
24.08.2021 01:19:39.421,20.32836,20.322360000000003,1.3,1.3
24.08.2021 01:19:39.522,20.32836,20.322360000000003,1,1.3
24.08.2021 01:19:39.824,20.32836,20.322560000000003,1,1
24.08.2021 01:19:40.603,20.32836,20.322860000000002,1,1
24.08.2021 01:19:43.286,20.32836,20.322860000000002,1,1.3
24.08.2021 01:19:48.597,20.32836,20.322860000000002,1.3,1
24.08.2021 01:19:48.759,20.32836,20.322360000000003,1.3,1.3
24.08.2021 01:19:48.860,20.32836,20.322360000000003,1,1
24.08.2021 01:19:49.162,20.32836,20.322360000000003,1.3,1
24.08.2021 01:19:51.958,20.32836,20.322360000000003,1.3,1.3
24.08.2021 01:19:54.787,20.32836,20.322360000000003,1.3,1
24.08.2021 01:20:00.365,20.32836,20.322360000000003,1.3,1.3
24.08.2021 01:20:03.515,20.32836,20.322360000000003,1.3,1.3
24.08.2021 01:20:06.810,20.32836,20.322360000000003,1.3,1
24.08.2021 01:20:07.313,20.32836,20.322360000000003,1.3,1.3
24.08.2021 01:20:13.566,20.32836,20.322360000000003,1.3,1.3
24.08.2021 01:20:17.529,20.32836,20.322360000000003,1.3,1.3
24.08.2021 01:20:21.937,20.32836,20.322360000000003,1.3,1.3
24.08.2021 01:20:31.159,20.32836,20.322360000000003,1.3,1
24.08.2021 01:20:35.123,20.32836,20.322360000000003,1.3,1
24.08.2021 01:20:39.905,20.32836,20.322300000000002,1.3,1
24.08.2021 01:20:42.030,20.32836,20.322300000000002,1.3,1
24.08.2021 01:20:44.649,20.32836,20.322300000000002,1.3,1
24.08.2021 01:20:46.808,20.32836,20.322300000000002,1.3,1
24.08.2021 01:20:51.236,20.32834,20.322300000000002,1.3,1
24.08.2021 01:20:51.887,20.32805,20.322300000000002,1.3,1
24.08.2021 01:20:53.301,20.32775,20.322300000000002,1.3,1
24.08.2021 01:21:02.797,20.32775,20.322300000000002,1.3,1
24.08.2021 01:21:03.431,20.327550000000002,20.32214,1.3,1
24.08.2021 01:21:03.578,20.327550000000002,20.321360000000002,1.3,1.25
24.08.2021 01:21:14.232,20.327550000000002,20.321360000000002,1.3,1.55
24.08.2021 01:21:33.092,20.327550000000002,20.321360000000002,1.3,1.25
24.08.2021 01:21:36.264,20.327650000000002,20.32121,1.3,1.05
24.08.2021 01:21:36.908,20.327840000000002,20.3212,1.3,1.75
24.08.2021 01:21:37.765,20.327840000000002,20.3212,1,1.75
24.08.2021 01:21:43.118,20.327840000000002,20.32133,1.3,1.05
24.08.2021 01:21:43.895,20.327840000000002,20.32133,1,1.15
24.08.2021 01:21:45.024,20.327840000000002,20.32226,1.25,1
24.08.2021 01:21:48.532,20.327840000000002,20.32226,1.25,1.2
24.08.2021 01:21:49.552,20.32835,20.322560000000003,1,1
24.08.2021 01:21:49.603,20.32889,20.322560000000003,1,1
24.08.2021 01:21:49.654,20.328870000000002,20.322560000000003,1,1
24.08.2021 01:21:49.755,20.328870000000002,20.322560000000003,1.3,1
24.08.2021 01:21:49.992,20.328870000000002,20.322560000000003,1.3,1
24.08.2021 01:21:50.705,20.328870000000002,20.322560000000003,1.3,1
24.08.2021 01:21:51.389,20.328870000000002,20.322560000000003,1.3,1
24.08.2021 01:21:51.506,20.328870000000002,20.322660000000003,1.3,1
24.08.2021 01:21:51.698,20.328870000000002,20.322660000000003,1.3,1.2
24.08.2021 01:21:51.828,20.328870000000002,20.322660000000003,1.3,1.2
24.08.2021 01:21:52.233,20.328870000000002,20.322660000000003,1.3,1
24.08.2021 01:21:52.283,20.328870000000002,20.322660000000003,1.55,1
24.08.2021 01:21:52.769,20.328870000000002,20.322560000000003,1.55,1
24.08.2021 01:21:54.166,20.328870000000002,20.322560000000003,1.55,1
24.08.2021 01:21:54.306,20.328870000000002,20.322560000000003,1.55,1
24.08.2021 01:22:11.861,20.328870000000002,20.322560000000003,1.55,1.2
24.08.2021 01:22:12.155,20.328870000000002,20.322560000000003,1.55,1
24.08.2021 01:22:12.205,20.328870000000002,20.322560000000003,1.55,1
24.08.2021 01:22:14.330,20.32874,20.322560000000003,1.55,1
24.08.2021 01:22:15.119,20.32868,20.322560000000003,1.55,1
24.08.2021 01:22:15.182,20.32868,20.322560000000003,1.55,1
24.08.2021 01:22:15.333,20.32868,20.322560000000003,1.25,1
24.08.2021 01:22:24.648,20.32852,20.322560000000003,1.55,1
24.08.2021 01:22:31.514,20.32842,20.322560000000003,1.25,1
24.08.2021 01:22:33.895,20.328400000000002,20.322560000000003,1.25,1
24.08.2021 01:22:50.112,20.32853,20.32196,1.05,1
24.08.2021 01:22:56.373,20.328470000000003,20.32188,1.8,1
24.08.2021 01:22:58.450,20.32843,20.32196,1.8,1
24.08.2021 01:23:03.704,20.328210000000002,20.32188,1.25,1
24.08.2021 01:23:13.221,20.328070000000004,20.32188,1.55,1.3
24.08.2021 01:23:24.650,20.328070000000004,20.32188,1.25,1
24.08.2021 01:23:34.231,20.328070000000004,20.32188,1.55,1.3
24.08.2021 01:23:36.177,20.328070000000004,20.32188,1.25,1
24.08.2021 01:23:43.290,20.328070000000004,20.32188,1.55,1.3
24.08.2021 01:23:50.085,20.328070000000004,20.32188,1.3,1.3
24.08.2021 01:24:18.056,20.32743,20.32188,1.1,1.3
24.08.2021 01:24:18.157,20.327170000000002,20.32111,1.25,1.6
24.08.2021 01:24:18.259,20.327170000000002,20.32111,1.25,1.6
24.08.2021 01:24:19.537,20.327170000000002,20.32111,1.25,1.6
24.08.2021 01:24:20.934,20.327170000000002,20.32111,1.25,1.6
24.08.2021 01:24:28.619,20.327170000000002,20.321260000000002,1.25,1.2
24.08.2021 01:24:29.424,20.32733,20.321910000000003,1.25,1
24.08.2021 01:24:29.821,20.32733,20.321910000000003,1.25,1.3
24.08.2021 01:24:30.105,20.32733,20.321910000000003,1.25,1
24.08.2021 01:25:29.571,20.32779,20.321910000000003,1.8,1
24.08.2021 01:25:29.726,20.32776,20.321910000000003,1.3,1
24.08.2021 01:25:32.229,20.32776,20.321910000000003,1,1.3
24.08.2021 01:25:34.805,20.32776,20.321910000000003,1.3,1
24.08.2021 01:25:37.700,20.32766,20.321910000000003,1.3,1
24.08.2021 01:25:38.566,20.32766,20.321910000000003,1.3,1
24.08.2021 01:25:39.387,20.32766,20.321910000000003,1,1.3
24.08.2021 01:25:39.574,20.32766,20.321910000000003,1.3,1
24.08.2021 01:25:39.849,20.32766,20.321910000000003,1,1.3
24.08.2021 01:25:41.117,20.32766,20.321910000000003,1.3,1
24.08.2021 01:25:44.744,20.32766,20.321910000000003,1.3,1
24.08.2021 01:25:45.183,20.32766,20.321910000000003,1.3,1
24.08.2021 01:25:46.221,20.32766,20.321910000000003,1,1
24.08.2021 01:25:47.296,20.32766,20.321910000000003,1.3,1
24.08.2021 01:25:52.294,20.32766,20.321910000000003,1.3,1
24.08.2021 01:25:53.914,20.32766,20.321910000000003,1.3,1
24.08.2021 01:25:59.738,20.32766,20.321910000000003,1.3,1
24.08.2021 01:26:04.765,20.32766,20.321910000000003,1,1.3
24.08.2021 01:26:30.310,20.32766,20.321910000000003,1.3,1
24.08.2021 01:26:34.430,20.32766,20.321910000000003,1,1
24.08.2021 01:26:34.711,20.32766,20.321910000000003,1.3,1
24.08.2021 01:26:36.865,20.32766,20.321910000000003,1.3,1
24.08.2021 01:26:37.561,20.32779,20.32034,1.3,1.3
24.08.2021 01:26:48.040,20.32789,20.32091,1.55,1.65
24.08.2021 01:26:53.080,20.32809,20.32111,1.55,1.55
24.08.2021 01:27:01.467,20.32789,20.32091,1.55,1.3
24.08.2021 01:27:03.243,20.32779,20.32091,1.55,1.3
24.08.2021 01:27:04.260,20.32789,20.32091,1.55,1.3
24.08.2021 01:27:05.573,20.32779,20.32091,1.55,1.3
24.08.2021 01:27:06.060,20.32789,20.32091,1.55,1.3
24.08.2021 01:27:06.711,20.32819,20.32111,1.55,1.55
24.08.2021 01:27:07.006,20.32789,20.32091,1.55,1.3
24.08.2021 01:27:07.839,20.32728,20.321910000000003,1,1
24.08.2021 01:27:07.890,20.327560000000002,20.321910000000003,1,1
24.08.2021 01:27:07.994,20.327560000000002,20.321910000000003,1.3,1
24.08.2021 01:27:08.651,20.327560000000002,20.321910000000003,1,1
24.08.2021 01:27:17.311,20.327560000000002,20.321910000000003,1.3,1
24.08.2021 01:27:17.463,20.327560000000002,20.321910000000003,1,1
24.08.2021 01:27:18.316,20.327560000000002,20.321910000000003,1.3,1
24.08.2021 01:28:18.316,20.327560000000002,20.32151,1.3,1.05
24.08.2021 01:28:35.604,20.327560000000002,20.32114,1.3,1.9
24.08.2021 01:28:35.837,20.327560000000002,20.32114,1.3,1.9
24.08.2021 01:28:36.457,20.327560000000002,20.32114,1.3,1.9
24.08.2021 01:28:37.190,20.327560000000002,20.32114,1.3,1.8
24.08.2021 01:28:37.933,20.327560000000002,20.32114,1,1.8
24.08.2021 01:28:46.066,20.32799,20.32114,1.8,1.8
24.08.2021 01:28:46.167,20.32519,20.31941,2,1.3
24.08.2021 01:28:46.218,20.32515,20.31938,1.25,1.05
24.08.2021 01:28:46.392,20.324810000000003,20.31921,1.75,1.95
24.08.2021 01:28:47.179,20.32459,20.31921,1.05,1.7
24.08.2021 01:28:47.280,20.323970000000003,20.31921,1.05,1.5
24.08.2021 01:28:47.381,20.323960000000003,20.31841,1.55,1.25
24.08.2021 01:29:02.169,20.32386,20.31841,1.55,1.25
24.08.2021 01:29:04.724,20.32386,20.31841,1.55,1.25
24.08.2021 01:29:48.363,20.323960000000003,20.31841,1,1.25
24.08.2021 01:29:59.366,20.323960000000003,20.31841,1.3,1.15
24.08.2021 01:30:08.141,20.323960000000003,20.31841,1,1.15
24.08.2021 01:30:18.680,20.323960000000003,20.31841,1.25,1.15
24.08.2021 01:31:21.363,20.323960000000003,20.31841,1,1.15
24.08.2021 01:31:47.922,20.32444,20.31841,1.05,1.15
24.08.2021 01:31:49.141,20.323960000000003,20.31841,1.25,1.15
24.08.2021 01:32:43.933,20.323960000000003,20.31839,1.25,1.25
24.08.2021 01:32:47.982,20.32444,20.31771,1.05,1.55
24.08.2021 01:32:52.592,20.32444,20.31841,1.05,1.15
24.08.2021 01:33:23.757,20.323960000000003,20.31841,1.25,1.15
24.08.2021 01:33:48.170,20.32413,20.31841,1.05,1.15
24.08.2021 01:33:53.809,20.323960000000003,20.31841,1.25,1.15
24.08.2021 01:34:54.178,20.323960000000003,20.31866,1,1.05
24.08.2021 01:35:01.448,20.323960000000003,20.3183,1,1.25
24.08.2021 01:35:01.512,20.323960000000003,20.31841,1,1.15
24.08.2021 01:35:26.080,20.323960000000003,20.31866,1.25,1.05
24.08.2021 01:36:26.762,20.32479,20.31841,1.67,1.15
24.08.2021 01:36:30.913,20.32479,20.31841,1.05,1.15
24.08.2021 01:36:31.912,20.32479,20.31841,1.67,1.15
24.08.2021 01:36:32.860,20.323960000000003,20.31841,1,1.15
24.08.2021 01:36:48.576,20.32424,20.31841,1.05,1.15
24.08.2021 01:37:06.247,20.323960000000003,20.31841,1.25,1.15
24.08.2021 01:38:06.363,20.323960000000003,20.31841,1.3,1.15
24.08.2021 01:38:08.151,20.323960000000003,20.31841,1.3,1.15
24.08.2021 01:38:14.228,20.323960000000003,20.317870000000003,1,1.05
24.08.2021 01:38:19.293,20.323960000000003,20.31824,1,1.05
24.08.2021 01:38:21.229,20.323960000000003,20.317860000000003,1,1.05
24.08.2021 01:38:36.207,20.323960000000003,20.31824,1,1.05
24.08.2021 01:38:36.666,20.323960000000003,20.317870000000003,1,1.05
24.08.2021 01:38:49.011,20.32451,20.317870000000003,1.8,1.05
24.08.2021 01:38:49.062,20.32425,20.317870000000003,1.26,1.15
24.08.2021 01:38:49.754,20.32519,20.3172,1.15,1.4
24.08.2021 01:38:50.148,20.32425,20.317870000000003,1.26,1.15
24.08.2021 01:38:52.405,20.32425,20.31841,1.26,1.25
24.08.2021 01:39:20.396,20.32458,20.31856,1.15,1.85
24.08.2021 01:39:30.358,20.32421,20.31866,1.26,1.15
24.08.2021 01:39:50.671,20.3246,20.31841,1.8,1.15
24.08.2021 01:39:54.398,20.3246,20.31846,1.8,1.05
24.08.2021 01:40:07.242,20.3246,20.31856,1.8,1.75
24.08.2021 01:40:07.493,20.32459,20.31856,1.8,1.75
24.08.2021 01:40:09.743,20.32459,20.31856,1.8,1.75
24.08.2021 01:40:15.364,20.32459,20.31856,1.8,1.75
24.08.2021 01:40:15.740,20.32459,20.31856,1.8,1.75
24.08.2021 01:40:28.682,20.32429,20.31856,1.05,1.75
24.08.2021 01:41:07.469,20.32421,20.317870000000003,1.81,1.15
24.08.2021 01:41:29.793,20.3246,20.317870000000003,2.05,1.05
24.08.2021 01:41:29.893,20.3246,20.317870000000003,1.8,1.05
24.08.2021 01:41:32.907,20.3246,20.31841,1.8,1.15
24.08.2021 01:41:33.008,20.3246,20.31841,1.8,1.15
24.08.2021 01:41:36.991,20.3246,20.31841,1.55,1.15
24.08.2021 01:41:37.374,20.32459,20.31841,1.55,1.15
24.08.2021 01:41:37.425,20.32405,20.31841,1,1.15
24.08.2021 01:42:03.487,20.32405,20.31841,1.3,1.15
24.08.2021 01:42:04.228,20.32405,20.31841,1,1.15
24.08.2021 01:42:11.219,20.3246,20.31841,1.8,1.15
24.08.2021 01:42:30.230,20.32459,20.31841,1.8,1.15
24.08.2021 01:42:30.366,20.32459,20.31841,1.8,1.15
24.08.2021 01:42:36.958,20.32459,20.317870000000003,1.8,1.05
24.08.2021 01:42:37.116,20.32459,20.31791,1.8,1.05
24.08.2021 01:42:38.462,20.3246,20.31801,1.8,1.05
24.08.2021 01:42:40.079,20.3246,20.31791,1.8,1.05
24.08.2021 01:42:43.523,20.3246,20.31801,1.8,1.05
24.08.2021 01:42:44.658,20.3246,20.317960000000003,1.8,1.05
24.08.2021 01:42:45.366,20.3246,20.317860000000003,1.8,1.05
24.08.2021 01:42:48.265,20.3246,20.31776,1.8,1.15
24.08.2021 01:42:48.902,20.3246,20.317870000000003,1.8,1.05
24.08.2021 01:43:00.683,20.32405,20.317870000000003,1.25,1.05
24.08.2021 01:43:01.058,20.32405,20.317,1.25,1.15
24.08.2021 01:43:02.414,20.32405,20.317870000000003,1.25,1.05
24.08.2021 01:43:20.982,20.32405,20.31841,1.25,1.15
24.08.2021 01:43:22.790,20.32405,20.31841,1.55,1.15
24.08.2021 01:43:24.365,20.32405,20.31841,1.55,1.15
24.08.2021 01:43:26.001,20.32405,20.31841,1.55,1.15
24.08.2021 01:43:28.238,20.32405,20.31841,1.55,1.15
24.08.2021 01:43:29.481,20.32405,20.31841,1.55,1.15
24.08.2021 01:43:31.878,20.32405,20.31841,1.55,1.15
24.08.2021 01:44:01.091,20.32459,20.31841,1.55,1.15
24.08.2021 01:44:01.994,20.32459,20.31841,1.55,1.15
24.08.2021 01:44:06.366,20.32459,20.31841,1.55,1.15
24.08.2021 01:44:25.993,20.32459,20.31841,1.55,1.15
24.08.2021 01:44:35.549,20.32459,20.31841,1.55,1.15
24.08.2021 01:44:39.744,20.3246,20.31841,1.55,1.15
24.08.2021 01:44:42.597,20.32459,20.31841,1.55,1.15
24.08.2021 01:44:43.161,20.3246,20.31841,1.55,1.15
24.08.2021 01:44:44.658,20.3246,20.31841,1.55,1.15
24.08.2021 01:44:45.365,20.3246,20.31841,1.55,1.45
24.08.2021 01:44:54.658,20.3246,20.31841,1.55,1.15
24.08.2021 01:44:56.670,20.3246,20.31841,1.55,1.15
24.08.2021 01:44:56.821,20.32459,20.31841,1.55,1.15
24.08.2021 01:44:59.011,20.32459,20.31841,1.55,1.15
24.08.2021 01:45:02.501,20.32469,20.31841,1.55,1.15
24.08.2021 01:45:04.676,20.32469,20.31841,1.55,1.15
24.08.2021 01:45:07.822,20.32479,20.31841,1.05,1.15
24.08.2021 01:45:12.475,20.32479,20.31841,1.05,1.15
24.08.2021 01:45:14.659,20.32459,20.31841,1.55,1.15
24.08.2021 01:45:15.244,20.32459,20.31841,1.55,1.15
24.08.2021 01:45:19.905,20.32479,20.31841,1.67,1.15
24.08.2021 01:45:24.658,20.32479,20.31841,1.67,1.15
24.08.2021 01:45:31.241,20.32479,20.31841,1.55,1.45
24.08.2021 01:45:32.015,20.32404,20.31841,1,1.45
24.08.2021 01:45:32.119,20.32403,20.31841,1,1.55
24.08.2021 01:46:07.296,20.32403,20.31841,1.3,1.15
24.08.2021 01:46:08.937,20.32403,20.31841,1.3,1.15
24.08.2021 01:46:10.870,20.32403,20.31841,1.3,1.15
24.08.2021 01:46:17.288,20.32403,20.31851,1,1.05
24.08.2021 01:46:17.540,20.32403,20.31841,1.3,1.15
24.08.2021 01:46:22.807,20.32401,20.31851,1,1.15
24.08.2021 01:46:51.059,20.32456,20.31851,1.8,1.05
24.08.2021 01:46:53.692,20.32438,20.31841,1.56,1.25
24.08.2021 01:46:58.414,20.32438,20.31851,1.56,1.15
24.08.2021 01:47:00.658,20.32438,20.31841,1.56,1.25
24.08.2021 01:47:01.886,20.32438,20.31841,1.56,1.55
24.08.2021 01:47:05.765,20.3242,20.31841,1.3,1.25
24.08.2021 01:47:09.718,20.324160000000003,20.31841,1.3,1.55
24.08.2021 01:47:12.235,20.324160000000003,20.31841,1.3,1.25
24.08.2021 01:47:14.641,20.324160000000003,20.31841,1.3,1.25
24.08.2021 01:47:18.681,20.324160000000003,20.31841,1.55,1.25
24.08.2021 01:48:19.434,20.323990000000002,20.31841,1.3,1.15
24.08.2021 01:48:30.379,20.323990000000002,20.31841,1.3,1.15
24.08.2021 01:48:31.833,20.323990000000002,20.31841,1.3,1.15
24.08.2021 01:48:36.785,20.323990000000002,20.31841,1.3,1.15
24.08.2021 01:48:53.121,20.323970000000003,20.31841,1.3,1.25
24.08.2021 01:48:54.814,20.323970000000003,20.31841,1.3,1.25
24.08.2021 01:49:00.083,20.323970000000003,20.31841,1.3,1.25
24.08.2021 01:49:00.681,20.32393,20.31841,1.3,1.25
24.08.2021 01:49:00.782,20.32393,20.31841,1.3,1.25
24.08.2021 01:49:07.284,20.32391,20.31841,1.3,1.25
24.08.2021 01:49:30.767,20.32392,20.31841,1.3,1.25
24.08.2021 01:49:42.103,20.32391,20.31841,1.3,1.25
24.08.2021 01:49:42.270,20.32391,20.31841,1.3,1.25
24.08.2021 01:49:44.659,20.32391,20.31841,1.3,1.25
24.08.2021 01:49:44.834,20.32391,20.31841,1.3,1.25
24.08.2021 01:49:48.082,20.32392,20.31841,1.3,1.25
24.08.2021 01:49:50.011,20.32392,20.31841,1,1.25
24.08.2021 01:49:54.659,20.32392,20.31841,1.3,1.25
24.08.2021 01:50:00.102,20.32392,20.31841,1.3,1.25
24.08.2021 01:50:07.365,20.32392,20.31841,1.3,1.25
24.08.2021 01:50:14.660,20.323900000000002,20.31841,1.3,1.25
24.08.2021 01:50:15.361,20.32388,20.31841,1,1.25
24.08.2021 01:50:22.731,20.32388,20.31841,1.25,1.25
24.08.2021 01:51:03.691,20.32384,20.31841,1.3,1.25
24.08.2021 01:51:07.687,20.32384,20.31841,1.55,1.15
24.08.2021 01:52:08.444,20.32368,20.31841,1,1.25
24.08.2021 01:52:13.691,20.32415,20.31841,1.3,1.15
24.08.2021 01:52:23.994,20.324,20.31841,1.3,1.25
24.08.2021 01:52:33.365,20.32384,20.31841,1,1.25
24.08.2021 01:52:34.093,20.32383,20.31841,1,1.25
24.08.2021 01:52:34.450,20.32382,20.31841,1,1.25
24.08.2021 01:52:35.662,20.323800000000002,20.31841,1,1.25
24.08.2021 01:52:35.813,20.32378,20.31841,1,1.25
24.08.2021 01:52:37.492,20.323770000000003,20.31841,1,1.25
24.08.2021 01:52:52.793,20.324320000000004,20.31841,1.8,1.45
24.08.2021 01:52:52.843,20.3243,20.31841,1.55,1.55
24.08.2021 01:53:08.370,20.32365,20.31841,1.55,1.25
24.08.2021 01:53:10.093,20.32365,20.31841,1.25,1.25
24.08.2021 01:53:10.703,20.32365,20.31841,1.55,1.25
24.08.2021 01:53:13.244,20.32365,20.31841,1.55,1.25
24.08.2021 01:53:34.125,20.32365,20.31841,1.55,1.25
24.08.2021 01:53:34.661,20.32365,20.31841,1.55,1.25
24.08.2021 01:53:35.959,20.32365,20.31841,1.55,1.25
24.08.2021 01:53:37.400,20.32375,20.31841,1.55,1.25
24.08.2021 01:53:44.183,20.32384,20.31841,1.55,1.15
24.08.2021 01:53:44.508,20.32384,20.31841,1.55,1.15
24.08.2021 01:54:14.393,20.32405,20.31841,1.3,1.25
24.08.2021 01:54:14.444,20.32405,20.31841,1.55,1.25
24.08.2021 01:54:53.447,20.32394,20.31841,1.25,1.25
24.08.2021 01:55:53.864,20.32355,20.31841,1,1.25
24.08.2021 01:56:08.542,20.32375,20.31841,1,1.15
24.08.2021 01:56:33.796,20.32345,20.31841,1,1.25
24.08.2021 01:56:54.212,20.32365,20.31841,1,1.25
24.08.2021 01:57:53.743,20.32375,20.31841,1,1.25
24.08.2021 01:58:07.765,20.323900000000002,20.31841,1,1.25
24.08.2021 01:58:08.370,20.32389,20.31841,1,1.25
24.08.2021 01:58:08.421,20.32386,20.31841,1,1.25
24.08.2021 01:58:08.993,20.32385,20.31841,1,1.25
24.08.2021 01:58:09.106,20.32384,20.31841,1,1.25
24.08.2021 01:58:10.692,20.32383,20.31841,1,1.25
24.08.2021 01:58:11.303,20.32382,20.31841,1,1.25
24.08.2021 01:58:12.392,20.32381,20.31841,1,1.25
24.08.2021 01:58:12.725,20.323800000000002,20.31841,1,1.25
24.08.2021 01:58:14.093,20.32379,20.31841,1,1.25
24.08.2021 01:58:14.474,20.32378,20.31841,1,1.25
24.08.2021 01:58:15.793,20.323770000000003,20.31841,1,1.25
24.08.2021 01:58:16.473,20.32376,20.31841,1,1.25
24.08.2021 01:58:17.524,20.32375,20.31841,1,1.25
24.08.2021 01:58:52.690,20.32375,20.317870000000003,1,1.05
24.08.2021 01:58:52.866,20.32375,20.31841,1,1.15
24.08.2021 01:58:54.893,20.3243,20.31841,1.5,1.15
24.08.2021 01:58:54.944,20.3243,20.31841,1.25,1.25
24.08.2021 01:59:55.360,20.324320000000004,20.31868,1,1.15
24.08.2021 01:59:56.092,20.32431,20.31868,1,1.15
24.08.2021 01:59:56.477,20.3243,20.31868,1,1.15
24.08.2021 01:59:57.793,20.32429,20.31868,1,1.15
24.08.2021 01:59:57.974,20.324279999999998,20.31868,1,1.15
24.08.2021 01:59:58.396,20.324270000000002,20.31868,1,1.15
24.08.2021 01:59:58.506,20.324260000000002,20.31868,1,1.15
24.08.2021 01:59:59.528,20.32424,20.31868,1,1.15
24.08.2021 02:00:01.193,20.32423,20.31868,1,1.15
24.08.2021 02:00:01.305,20.32422,20.31868,1,1.15
24.08.2021 02:00:02.892,20.32421,20.31868,1,1.15
24.08.2021 02:00:03.478,20.3242,20.31868,1,1.15
24.08.2021 02:00:03.687,20.324160000000003,20.31843,1,1.65
24.08.2021 02:00:03.737,20.32414,20.31868,1,1.15
24.08.2021 02:00:03.838,20.32414,20.31843,1.3,1.85
24.08.2021 02:00:04.594,20.32412,20.31843,1,1.85
24.08.2021 02:00:05.170,20.32411,20.31843,1,1.85
24.08.2021 02:00:05.272,20.3241,20.31843,1.5,1.85
24.08.2021 02:00:06.293,20.32409,20.31843,1,1.85
24.08.2021 02:00:06.477,20.32408,20.31843,1,1.85
24.08.2021 02:00:07.993,20.324070000000003,20.31843,1,1.85
24.08.2021 02:00:08.094,20.32404,20.31843,1,1.85
24.08.2021 02:00:08.397,20.32402,20.31843,1,1.85
24.08.2021 02:00:09.679,20.32402,20.31843,1.25,1.85
24.08.2021 02:00:12.572,20.32398,20.31843,1.25,1.35
24.08.2021 02:00:12.623,20.32398,20.31843,1.25,1
24.08.2021 02:00:50.258,20.323870000000003,20.31843,1.55,1
24.08.2021 02:00:54.177,20.32386,20.31771,1.55,1.3
24.08.2021 02:00:58.497,20.32378,20.317770000000003,1.55,1.3
24.08.2021 02:01:17.561,20.323870000000003,20.31779,1.55,1.3
24.08.2021 02:01:54.362,20.323529999999998,20.31779,1.3,1.3
24.08.2021 02:02:06.796,20.32385,20.31779,1.3,1.3
24.08.2021 02:02:07.281,20.32383,20.31779,1,1.3
24.08.2021 02:02:08.443,20.32381,20.31781,1,1.3
24.08.2021 02:02:08.702,20.32379,20.31783,1,1.3
24.08.2021 02:02:10.442,20.323770000000003,20.31785,1,1.3
24.08.2021 02:02:12.093,20.32376,20.317860000000003,1,1.3
24.08.2021 02:02:13.541,20.32375,20.317870000000003,1,1.3
24.08.2021 02:02:13.842,20.32373,20.317870000000003,1,1.8
24.08.2021 02:02:15.500,20.32372,20.317870000000003,1,1.8
24.08.2021 02:02:15.601,20.323710000000002,20.317870000000003,1,1.8
24.08.2021 02:02:15.984,20.323700000000002,20.317870000000003,1,1.8
24.08.2021 02:02:16.085,20.32363,20.317870000000003,1,1.8
24.08.2021 02:02:16.488,20.323620000000002,20.317870000000003,1,1.8
24.08.2021 02:02:18.394,20.323620000000002,20.317890000000002,1,1.3
24.08.2021 02:02:29.601,20.323620000000002,20.31805,1,1
24.08.2021 02:02:31.837,20.323600000000003,20.31805,1,1
24.08.2021 02:02:32.099,20.323600000000003,20.318070000000002,1,1.3
24.08.2021 02:02:32.977,20.323600000000003,20.31809,1,1
24.08.2021 02:02:33.398,20.323600000000003,20.31809,1,1.3
24.08.2021 02:02:34.315,20.323600000000003,20.31809,1,1.5
24.08.2021 02:02:35.103,20.323600000000003,20.31809,1,1.8
24.08.2021 02:02:36.203,20.323600000000003,20.31809,1,1.5
24.08.2021 02:02:49.681,20.323620000000002,20.31809,1.25,1
24.08.2021 02:02:50.924,20.323620000000002,20.31811,1.25,1.3
24.08.2021 02:02:51.075,20.323620000000002,20.31811,1.25,1
24.08.2021 02:02:51.230,20.323620000000002,20.31813,1.25,1
24.08.2021 02:02:51.901,20.323620000000002,20.31846,1.25,1
24.08.2021 02:02:54.521,20.323620000000002,20.31866,1.25,1
24.08.2021 02:02:54.622,20.3244,20.31876,1.25,1
24.08.2021 02:02:56.950,20.32438,20.31906,1.25,1
24.08.2021 02:02:58.202,20.325200000000002,20.319860000000002,1.55,1
24.08.2021 02:02:58.302,20.32515,20.31909,1.55,1.55
24.08.2021 02:02:58.403,20.32513,20.31909,1.55,1.3
24.08.2021 02:02:58.454,20.32513,20.31909,1.55,1
24.08.2021 02:02:58.555,20.324460000000002,20.31886,1.25,1
24.08.2021 02:02:59.793,20.32444,20.31896,1.25,1
24.08.2021 02:03:12.683,20.324320000000004,20.31866,1.25,1
24.08.2021 02:03:14.778,20.324320000000004,20.31886,1.25,1
24.08.2021 02:03:26.089,20.324279999999998,20.31896,1.25,1
24.08.2021 02:03:26.283,20.324279999999998,20.31906,1.25,1
24.08.2021 02:03:26.446,20.325779999999998,20.319750000000003,1.25,1.3
24.08.2021 02:03:26.547,20.32579,20.319750000000003,1.25,1.3
24.08.2021 02:03:27.838,20.325960000000002,20.319750000000003,1.25,1.3
24.08.2021 02:03:28.213,20.325960000000002,20.319750000000003,1.25,1.3
24.08.2021 02:03:30.859,20.325960000000002,20.319960000000002,1.25,1
24.08.2021 02:03:38.124,20.325960000000002,20.319960000000002,1.25,1.3
24.08.2021 02:03:45.477,20.325960000000002,20.319960000000002,1.25,1.3
24.08.2021 02:03:45.780,20.325960000000002,20.319960000000002,1.25,1
24.08.2021 02:03:45.954,20.325960000000002,20.32006,1.25,1
24.08.2021 02:03:54.154,20.325960000000002,20.32036,1.25,1
24.08.2021 02:04:09.185,20.325960000000002,20.32016,1.25,1
24.08.2021 02:04:18.237,20.325960000000002,20.319960000000002,1.25,1
24.08.2021 02:04:27.066,20.325960000000002,20.319960000000002,1,1
24.08.2021 02:04:29.051,20.325960000000002,20.319860000000002,1,1
24.08.2021 02:04:39.301,20.325960000000002,20.319960000000002,1,1
24.08.2021 02:04:42.888,20.325960000000002,20.32026,1,1
24.08.2021 02:05:05.229,20.325960000000002,20.32026,1.3,1
24.08.2021 02:05:06.229,20.325960000000002,20.32026,1,1.3
24.08.2021 02:05:08.480,20.325960000000002,20.32026,1,1.3
24.08.2021 02:05:09.969,20.325960000000002,20.32026,1,1
24.08.2021 02:05:13.321,20.325960000000002,20.319960000000002,1,1
24.08.2021 02:05:13.422,20.325960000000002,20.319960000000002,1,1.3
24.08.2021 02:05:14.871,20.32711,20.32151,1.55,1
24.08.2021 02:05:14.922,20.32711,20.32151,1.25,1.3
24.08.2021 02:05:15.023,20.32711,20.32151,1.25,1.3
24.08.2021 02:05:19.230,20.32711,20.32151,1.25,1.3
24.08.2021 02:05:24.665,20.32711,20.32151,1.25,1.3
24.08.2021 02:05:26.114,20.32711,20.32151,1.25,1.3
24.08.2021 02:05:27.461,20.32711,20.32151,1.25,1
24.08.2021 02:05:27.632,20.32711,20.32151,1.25,1.3
24.08.2021 02:05:30.068,20.32711,20.32133,1.25,1.05
24.08.2021 02:05:32.835,20.32711,20.32133,1.55,1.05
24.08.2021 02:05:34.664,20.32711,20.32131,1.55,2.05
24.08.2021 02:05:37.452,20.32711,20.32133,1.55,1.05
24.08.2021 02:05:39.194,20.32711,20.32133,1.55,1.05
24.08.2021 02:05:40.228,20.32711,20.32133,1.25,1.05
24.08.2021 02:05:54.438,20.328020000000002,20.32189,1.55,1
24.08.2021 02:05:54.489,20.328020000000002,20.32189,1.55,1.3
24.08.2021 02:05:55.090,20.328020000000002,20.32189,1.25,1.3
24.08.2021 02:05:57.405,20.328020000000002,20.32189,1.25,1.3
24.08.2021 02:05:57.658,20.328020000000002,20.32189,1.25,1.3
24.08.2021 02:05:58.707,20.328020000000002,20.32189,1.25,1
24.08.2021 02:06:03.065,20.328020000000002,20.32189,1.25,1.3
24.08.2021 02:06:05.211,20.328020000000002,20.32189,1.25,1
24.08.2021 02:06:08.438,20.328020000000002,20.32189,1.25,1.3
24.08.2021 02:06:09.178,20.328020000000002,20.32189,1.25,1
24.08.2021 02:06:09.742,20.328020000000002,20.32216,1.25,1
24.08.2021 02:06:09.961,20.328020000000002,20.32216,1.25,1.75
24.08.2021 02:06:11.230,20.328020000000002,20.322460000000003,1.25,1
24.08.2021 02:06:19.063,20.32794,20.322460000000003,1.25,1
24.08.2021 02:06:21.516,20.327920000000002,20.322460000000003,1.25,1.3
24.08.2021 02:06:22.292,20.327920000000002,20.322460000000003,1.25,1
24.08.2021 02:06:24.023,20.32786,20.322460000000003,1.25,1.3
24.08.2021 02:06:24.124,20.32786,20.322460000000003,1.25,1
