Gmt time,Ask,Bid,AskVolume,BidVolume
10.08.2021 00:00:00.416,20.079150000000002,20.07348,1,1
10.08.2021 00:00:01.054,20.079150000000002,20.07348,1,1.3
10.08.2021 00:00:06.781,20.07954,20.07309,1.3,1.3
10.08.2021 00:00:06.832,20.07954,20.07309,1.3,1
10.08.2021 00:00:07.509,20.07954,20.07309,1.3,1
10.08.2021 00:00:07.660,20.079320000000003,20.07309,1.3,1
10.08.2021 00:00:09.898,20.079020000000003,20.07309,1.3,1
10.08.2021 00:00:10.826,20.079420000000002,20.07309,1.3,1.1
10.08.2021 00:00:11.425,20.079320000000003,20.07309,1.3,1.1
10.08.2021 00:00:13.066,20.079420000000002,20.07309,1.3,1.1
10.08.2021 00:00:13.600,20.079420000000002,20.07309,1.3,1.4
10.08.2021 00:00:46.382,20.077360000000002,20.07206,1.3,1.2
10.08.2021 00:00:46.432,20.077260000000003,20.0717,1.3,1
10.08.2021 00:00:46.483,20.077260000000003,20.0717,1,1
10.08.2021 00:00:46.534,20.077360000000002,20.0717,1,1
10.08.2021 00:00:49.503,20.07751,20.0717,1.3,1
10.08.2021 00:00:50.295,20.07751,20.0717,1.3,1
10.08.2021 00:01:00.135,20.07751,20.0717,1,1
10.08.2021 00:01:00.304,20.07749,20.0717,1,1
10.08.2021 00:01:00.404,20.07749,20.07131,1.3,1
10.08.2021 00:01:00.930,20.077820000000003,20.07131,1.3,1.3
10.08.2021 00:01:01.621,20.07769,20.07131,1.3,1
10.08.2021 00:01:03.108,20.077820000000003,20.07131,1,1
10.08.2021 00:01:04.490,20.07795,20.07076,1,1
10.08.2021 00:01:04.880,20.07825,20.070960000000003,1.3,1
10.08.2021 00:01:04.984,20.0779,20.07131,1,1
10.08.2021 00:01:05.961,20.0779,20.07138,1,1
10.08.2021 00:01:07.667,20.0779,20.07158,1,1
10.08.2021 00:01:07.869,20.0779,20.07158,1.3,1
10.08.2021 00:01:07.970,20.0779,20.07168,1.3,1
10.08.2021 00:01:08.211,20.0779,20.07198,1.3,1
10.08.2021 00:01:11.754,20.0779,20.07188,1.3,1
10.08.2021 00:01:22.786,20.0779,20.07188,1,1
10.08.2021 00:01:30.145,20.0779,20.07188,1.3,1
10.08.2021 00:01:30.246,20.078950000000003,20.07176,1.85,1
10.08.2021 00:01:32.183,20.07927,20.07346,1.3,1
10.08.2021 00:01:32.233,20.07927,20.07346,1,1
10.08.2021 00:01:33.500,20.07927,20.07346,1.3,1
10.08.2021 00:01:36.091,20.07927,20.07346,1,1
10.08.2021 00:01:43.293,20.07985,20.072560000000003,1.3,1.4
10.08.2021 00:01:45.085,20.07966,20.07328,1.3,1.3
10.08.2021 00:01:46.531,20.07966,20.07307,1.3,1.1
10.08.2021 00:01:46.691,20.07966,20.07307,1.3,1.1
10.08.2021 00:01:47.002,20.07966,20.07307,1.3,1
10.08.2021 00:01:47.178,20.07966,20.07307,1.3,1.1
10.08.2021 00:01:48.798,20.07966,20.07307,1.3,1.4
10.08.2021 00:01:49.516,20.0791,20.07346,1,1.3
10.08.2021 00:01:49.853,20.0791,20.07346,1,1
10.08.2021 00:01:50.345,20.0791,20.07346,1.3,1
10.08.2021 00:01:50.747,20.07769,20.072560000000003,1,1.55
10.08.2021 00:01:50.798,20.07769,20.072560000000003,1,1.25
10.08.2021 00:01:50.849,20.078200000000002,20.072560000000003,1.3,1
10.08.2021 00:01:50.899,20.078200000000002,20.072560000000003,1.3,1
10.08.2021 00:01:51.740,20.078200000000002,20.072560000000003,1.3,1
10.08.2021 00:01:55.491,20.079120000000003,20.07348,1.3,1
10.08.2021 00:01:55.541,20.079120000000003,20.07348,1.3,1
10.08.2021 00:01:55.795,20.079120000000003,20.07348,1.3,1
10.08.2021 00:01:59.285,20.079120000000003,20.07348,1.3,1
10.08.2021 00:02:05.671,20.079510000000003,20.07318,1.3,1.4
10.08.2021 00:02:05.806,20.079510000000003,20.07441,1.3,1
10.08.2021 00:02:06.200,20.08005,20.07441,1.3,1
10.08.2021 00:02:06.396,20.08005,20.07441,1,1
10.08.2021 00:02:26.719,20.08059,20.07316,1.3,1.35
10.08.2021 00:02:49.778,20.08012,20.07441,1.3,1
10.08.2021 00:02:56.379,20.08012,20.07441,1,1
10.08.2021 00:03:03.106,20.08059,20.073310000000003,1.3,1.15
10.08.2021 00:03:05.888,20.079810000000002,20.07411,1,1
10.08.2021 00:03:31.089,20.08059,20.07314,1.3,1.15
10.08.2021 00:03:35.810,20.08059,20.07314,1.3,1.15
10.08.2021 00:03:46.945,20.08059,20.07311,1,1.15
10.08.2021 00:03:47.413,20.08059,20.07314,1.3,1.15
10.08.2021 00:03:49.849,20.07974,20.07411,1,1
10.08.2021 00:03:54.310,20.07974,20.07411,1.3,1
10.08.2021 00:03:58.041,20.07974,20.07411,1.3,1
10.08.2021 00:04:04.047,20.080620000000003,20.07498,1.3,1
10.08.2021 00:04:04.148,20.08059,20.07498,1,1
10.08.2021 00:04:29.036,20.08059,20.07388,1,1.65
10.08.2021 00:04:30.356,20.08059,20.07388,1.3,1.35
10.08.2021 00:04:32.685,20.08059,20.07388,1.3,1.35
10.08.2021 00:04:34.318,20.08059,20.07388,1.3,1.35
10.08.2021 00:04:35.989,20.08059,20.07388,1.3,1.35
10.08.2021 00:04:36.459,20.08059,20.07459,1.3,1.25
10.08.2021 00:04:37.290,20.08059,20.07459,1,1.25
10.08.2021 00:05:04.209,20.080379999999998,20.074710000000003,1,1
10.08.2021 00:05:32.420,20.08059,20.073960000000003,1,1.3
10.08.2021 00:05:37.475,20.08059,20.073960000000003,1,1
10.08.2021 00:06:02.466,20.08059,20.073960000000003,1,1.5
10.08.2021 00:06:03.398,20.08059,20.073960000000003,1.5,1
10.08.2021 00:06:04.271,20.08059,20.07411,1.5,1
10.08.2021 00:06:04.408,20.08032,20.074620000000003,1,1.5
10.08.2021 00:06:05.387,20.08032,20.074620000000003,1.5,1
10.08.2021 00:06:06.138,20.08032,20.074620000000003,1.5,1
10.08.2021 00:06:06.420,20.08032,20.074620000000003,1,1.5
10.08.2021 00:06:07.397,20.08032,20.074620000000003,1.5,1
10.08.2021 00:06:08.071,20.08032,20.074620000000003,1.5,1
10.08.2021 00:06:08.387,20.08032,20.074620000000003,1,1
10.08.2021 00:06:15.123,20.08079,20.07346,1.2,1.1
10.08.2021 00:06:15.267,20.08079,20.07346,1.2,1.1
10.08.2021 00:06:20.962,20.08059,20.07366,1.2,1.25
10.08.2021 00:06:21.163,20.08089,20.07386,1.2,1.25
10.08.2021 00:06:21.989,20.08071,20.07468,1.9,1
10.08.2021 00:06:24.151,20.08071,20.07423,1.9,1
10.08.2021 00:06:46.478,20.08069,20.07356,1.2,1.25
10.08.2021 00:06:50.193,20.08059,20.07411,1.2,1
10.08.2021 00:06:50.295,20.080270000000002,20.074620000000003,1,1
10.08.2021 00:07:04.386,20.07988,20.07423,1,1
10.08.2021 00:07:15.343,20.08059,20.07381,1.2,1.1
10.08.2021 00:07:22.014,20.08059,20.07381,1.2,1.1
10.08.2021 00:07:22.065,20.08064,20.07381,1.15,1.1
10.08.2021 00:07:22.116,20.08064,20.07381,1.15,1.9
10.08.2021 00:07:22.166,20.08064,20.07391,1.15,1.1
10.08.2021 00:07:22.218,20.07988,20.07431,1.25,1.37
10.08.2021 00:07:22.319,20.07988,20.07461,1.25,1.25
10.08.2021 00:07:22.848,20.07988,20.07461,1,1
10.08.2021 00:07:22.942,20.07988,20.07451,1.25,1.25
10.08.2021 00:07:22.993,20.07988,20.07451,1.25,1.25
10.08.2021 00:07:28.305,20.07988,20.074279999999998,1,1.5
10.08.2021 00:07:30.120,20.07988,20.07451,1.25,1.25
10.08.2021 00:07:31.290,20.07988,20.07441,1.25,1.25
10.08.2021 00:07:38.228,20.07988,20.07441,1.25,1.55
10.08.2021 00:07:38.615,20.07988,20.07451,1.25,1.55
10.08.2021 00:08:00.076,20.08066,20.07403,1.15,1.9
10.08.2021 00:08:04.552,20.080560000000002,20.074920000000002,1,1
10.08.2021 00:08:29.005,20.08095,20.07468,1.9,1.3
10.08.2021 00:08:39.746,20.08095,20.07453,1.9,1
10.08.2021 00:08:41.132,20.08095,20.07453,1.9,1.3
10.08.2021 00:08:47.693,20.08095,20.07453,1.9,1
10.08.2021 00:08:56.263,20.08095,20.07453,1.9,1.3
10.08.2021 00:08:56.364,20.08095,20.07453,1.9,1
10.08.2021 00:08:58.957,20.08095,20.07453,1.9,1.3
10.08.2021 00:09:04.844,20.080720000000003,20.07504,1.9,1
10.08.2021 00:09:36.199,20.08129,20.074360000000002,1.2,1.55
10.08.2021 00:09:50.957,20.08067,20.07504,1.9,1
10.08.2021 00:10:02.853,20.08106,20.074710000000003,1.9,1.3
10.08.2021 00:10:05.086,20.080820000000003,20.075170000000004,1.9,1
10.08.2021 00:10:20.680,20.08089,20.074710000000003,1.2,1
10.08.2021 00:12:05.288,20.08074,20.075029999999998,1.9,1
10.08.2021 00:12:21.064,20.08099,20.07441,1.2,1.3
10.08.2021 00:12:27.688,20.08089,20.07391,1.2,1.4
10.08.2021 00:12:28.901,20.08119,20.07391,1.2,1.1
10.08.2021 00:12:32.349,20.081120000000002,20.07464,1.15,1.25
10.08.2021 00:12:51.278,20.08069,20.075029999999998,1.9,1
10.08.2021 00:13:03.840,20.081,20.07401,1.4,1.4
10.08.2021 00:13:03.992,20.081,20.07401,1.4,1.1
10.08.2021 00:13:05.060,20.08059,20.07381,1.2,1.4
10.08.2021 00:13:05.282,20.080520000000003,20.07486,1,1
10.08.2021 00:13:33.196,20.08059,20.07363,1.2,1.65
10.08.2021 00:13:44.720,20.08109,20.07381,1.2,1.65
10.08.2021 00:13:48.650,20.08059,20.07381,1.2,1.65
10.08.2021 00:14:02.845,20.081010000000003,20.07381,1.2,1.65
10.08.2021 00:14:04.521,20.081010000000003,20.07381,1.2,1.65
10.08.2021 00:14:04.622,20.081010000000003,20.07401,1.2,1.9
10.08.2021 00:14:04.723,20.08099,20.07401,1.2,1.9
10.08.2021 00:14:05.008,20.081010000000003,20.07401,1.2,1.9
10.08.2021 00:14:05.515,20.08071,20.075029999999998,1.9,1
10.08.2021 00:14:19.590,20.081010000000003,20.074160000000003,1.2,1.25
10.08.2021 00:14:19.853,20.081010000000003,20.074160000000003,1.2,1.75
10.08.2021 00:14:23.174,20.081010000000003,20.07386,1.2,1.65
10.08.2021 00:14:23.565,20.081010000000003,20.07413,1.2,1.15
10.08.2021 00:14:26.175,20.081010000000003,20.07386,1.2,1.65
10.08.2021 00:14:28.688,20.081010000000003,20.07413,1.2,1.05
10.08.2021 00:14:35.865,20.081010000000003,20.07441,1.2,1
10.08.2021 00:14:47.176,20.081010000000003,20.07421,1.2,1.85
10.08.2021 00:14:48.559,20.081010000000003,20.07413,1.2,1.15
10.08.2021 00:14:53.098,20.081010000000003,20.07461,1.2,1
10.08.2021 00:14:55.293,20.081010000000003,20.07441,1.2,1.1
10.08.2021 00:14:57.430,20.08071,20.075110000000002,1.9,1
10.08.2021 00:14:59.824,20.08071,20.075029999999998,1.9,1
10.08.2021 00:15:01.467,20.08099,20.07711,1.2,1.25
10.08.2021 00:15:02.016,20.08067,20.075029999999998,1.9,1.5
10.08.2021 00:15:02.067,20.08068,20.075029999999998,1.9,1
10.08.2021 00:15:05.319,20.08059,20.075029999999998,1.2,1
10.08.2021 00:15:12.192,20.08059,20.07464,1.2,1
10.08.2021 00:15:12.422,20.08069,20.07464,1.2,1.3
10.08.2021 00:15:13.885,20.08059,20.07464,1.2,1
10.08.2021 00:15:15.012,20.08059,20.07464,1.2,1
10.08.2021 00:15:20.775,20.08079,20.07464,1.2,1
10.08.2021 00:15:33.111,20.08089,20.07464,1.2,1.3
10.08.2021 00:15:33.824,20.08119,20.074160000000003,1.2,1.25
10.08.2021 00:15:34.315,20.08089,20.074160000000003,1.2,1.55
10.08.2021 00:15:43.573,20.0809,20.07421,1.4,1.65
10.08.2021 00:15:49.563,20.0809,20.07381,1.4,1.35
10.08.2021 00:15:58.413,20.0809,20.074460000000002,1.4,1
10.08.2021 00:15:58.565,20.08059,20.074460000000002,1.2,1
10.08.2021 00:15:59.038,20.08139,20.074460000000002,1.4,1.3
10.08.2021 00:16:00.343,20.081300000000002,20.074460000000002,1.4,1
10.08.2021 00:16:01.511,20.08129,20.074360000000002,1.2,1
10.08.2021 00:16:02.223,20.08043,20.07477,1,1
10.08.2021 00:16:03.289,20.08043,20.07477,1.3,1
10.08.2021 00:16:15.611,20.08043,20.07477,1,1
10.08.2021 00:16:20.912,20.08059,20.07438,1.2,1.3
10.08.2021 00:16:30.765,20.08059,20.07431,1.2,1.3
10.08.2021 00:16:31.068,20.08059,20.07431,1.7,1
10.08.2021 00:16:32.009,20.080520000000003,20.07438,1.8,1
10.08.2021 00:17:01.245,20.08059,20.07431,1.2,1
10.08.2021 00:17:02.239,20.08053,20.07486,1.3,1
10.08.2021 00:17:02.290,20.08053,20.07486,1.3,1
10.08.2021 00:17:26.637,20.08059,20.07366,1.2,1.55
10.08.2021 00:17:30.093,20.080520000000003,20.07447,1.8,1
10.08.2021 00:17:30.194,20.080520000000003,20.07447,1.8,1
10.08.2021 00:17:51.691,20.08022,20.074740000000002,1.8,1
10.08.2021 00:17:52.113,20.08022,20.074740000000002,1.8,1
10.08.2021 00:17:52.540,20.07982,20.074740000000002,1.3,1
10.08.2021 00:18:02.173,20.07992,20.074350000000003,1.8,1
10.08.2021 00:18:02.274,20.079060000000002,20.07317,1.5,1.3
10.08.2021 00:18:02.325,20.079060000000002,20.07317,1.5,1
10.08.2021 00:18:02.588,20.079060000000002,20.07317,1.3,1
10.08.2021 00:18:03.378,20.078820000000004,20.07317,1.3,1
10.08.2021 00:18:07.382,20.07789,20.07219,1.5,1
10.08.2021 00:18:07.433,20.07789,20.07238,1.5,1
10.08.2021 00:18:07.584,20.0772,20.07143,1,1
10.08.2021 00:18:09.616,20.0772,20.07148,1,1
10.08.2021 00:18:12.333,20.0772,20.07148,1.3,1
10.08.2021 00:18:15.567,20.0772,20.07148,1.3,1
10.08.2021 00:18:17.685,20.07702,20.07148,1.3,1
10.08.2021 00:18:21.011,20.07702,20.07109,1.3,1
10.08.2021 00:18:33.686,20.07695,20.07143,1.3,1
10.08.2021 00:18:34.122,20.07682,20.07143,1.3,1
10.08.2021 00:18:40.431,20.07682,20.07143,1.3,1
10.08.2021 00:18:41.384,20.0772,20.07131,1.3,1
10.08.2021 00:18:41.485,20.0772,20.07131,1,1
10.08.2021 00:18:50.588,20.07759,20.07091,1,1
10.08.2021 00:18:51.453,20.07809,20.07081,1.55,1.55
10.08.2021 00:18:51.707,20.077720000000003,20.070770000000003,1.5,1.3
10.08.2021 00:18:51.758,20.077720000000003,20.070770000000003,1.5,1
10.08.2021 00:18:52.846,20.07712,20.070770000000003,1.3,1.3
10.08.2021 00:18:53.637,20.07712,20.070770000000003,1.3,1.55
10.08.2021 00:18:58.572,20.07712,20.070770000000003,1.3,1.25
10.08.2021 00:19:02.044,20.076620000000002,20.070770000000003,1.3,1.25
10.08.2021 00:19:07.816,20.076620000000002,20.07036,1.3,1.55
10.08.2021 00:19:15.761,20.076420000000002,20.07036,1.3,1.25
10.08.2021 00:19:16.486,20.076420000000002,20.070310000000003,1.25,1.15
10.08.2021 00:19:16.638,20.076420000000002,20.07006,1.55,1.35
10.08.2021 00:19:18.361,20.076120000000003,20.07006,1.3,1.25
10.08.2021 00:19:20.465,20.076020000000003,20.07006,1,1.55
10.08.2021 00:19:26.622,20.076020000000003,20.07036,1.3,1.25
10.08.2021 00:19:26.785,20.076020000000003,20.07036,1,1.25
10.08.2021 00:19:27.777,20.076320000000003,20.07036,1,1.25
10.08.2021 00:19:27.832,20.076320000000003,20.07036,1.3,1.25
10.08.2021 00:19:32.421,20.076320000000003,20.07036,1,1.25
10.08.2021 00:19:32.989,20.076320000000003,20.07036,1.3,1.25
10.08.2021 00:19:42.540,20.076320000000003,20.07036,1,1.25
10.08.2021 00:19:43.985,20.076320000000003,20.07036,1.3,1.25
10.08.2021 00:20:07.897,20.07645,20.07006,1.3,1
10.08.2021 00:20:08.044,20.07645,20.069860000000002,1.3,1.1
10.08.2021 00:20:08.095,20.076320000000003,20.070410000000003,1.3,1
10.08.2021 00:20:21.049,20.076320000000003,20.070410000000003,1.3,1
10.08.2021 00:20:31.827,20.077360000000002,20.070410000000003,1.8,1
10.08.2021 00:20:32.255,20.077420000000004,20.070020000000003,1.8,1
10.08.2021 00:20:43.318,20.075920000000004,20.070020000000003,1,1.3
10.08.2021 00:20:44.036,20.075920000000004,20.070020000000003,1.3,1
10.08.2021 00:20:44.546,20.075920000000004,20.070020000000003,1.3,1
10.08.2021 00:20:44.992,20.075920000000004,20.070020000000003,1.3,1.1
10.08.2021 00:20:45.243,20.076120000000003,20.070020000000003,1.3,1
10.08.2021 00:20:45.547,20.076120000000003,20.070020000000003,1.3,1
10.08.2021 00:20:50.201,20.076120000000003,20.070020000000003,1.3,1
10.08.2021 00:20:50.302,20.07682,20.07095,1.3,1
10.08.2021 00:20:50.503,20.07682,20.07095,1.3,1
10.08.2021 00:20:50.860,20.07682,20.07095,1,1
10.08.2021 00:20:53.554,20.076620000000002,20.07095,1.3,1
10.08.2021 00:21:07.671,20.07675,20.07006,1.3,1.9
10.08.2021 00:21:08.106,20.076620000000002,20.070860000000003,1.3,1
10.08.2021 00:21:09.653,20.07673,20.070860000000003,1.3,1
10.08.2021 00:21:10.468,20.07673,20.070860000000003,1,1
10.08.2021 00:21:24.341,20.07665,20.07098,1,1
10.08.2021 00:21:24.392,20.07759,20.070110000000003,1.55,1.56
10.08.2021 00:21:24.594,20.07763,20.070110000000003,1.3,1.56
10.08.2021 00:21:25.159,20.07685,20.070110000000003,1,1.8
10.08.2021 00:21:25.260,20.07672,20.070110000000003,1.3,1.55
10.08.2021 00:21:38.476,20.076420000000002,20.07006,1.3,1.25
10.08.2021 00:21:39.642,20.076420000000002,20.07006,1.3,1.25
10.08.2021 00:21:40.457,20.076420000000002,20.07006,1.3,1.25
10.08.2021 00:21:41.399,20.076120000000003,20.07006,1.3,1.25
10.08.2021 00:21:43.098,20.076420000000002,20.07006,1.3,1.25
10.08.2021 00:21:44.036,20.076420000000002,20.07006,1.3,1.55
10.08.2021 00:22:18.655,20.07655,20.07006,1.3,1.55
10.08.2021 00:22:31.669,20.07655,20.07006,1.3,1.25
10.08.2021 00:22:33.751,20.07655,20.07006,1.3,1.25
10.08.2021 00:22:35.773,20.07655,20.07006,1.3,1.55
10.08.2021 00:22:38.665,20.07748,20.07006,1.05,1.55
10.08.2021 00:22:38.716,20.07654,20.070670000000003,1.3,1
10.08.2021 00:22:38.766,20.07654,20.070670000000003,1,1
10.08.2021 00:22:49.997,20.076420000000002,20.07078,1,1.3
10.08.2021 00:22:50.047,20.077720000000003,20.070310000000003,1.05,1.92
10.08.2021 00:22:50.559,20.077720000000003,20.070310000000003,1.05,1.92
10.08.2021 00:22:50.723,20.077720000000003,20.07068,1.05,1.25
10.08.2021 00:22:53.747,20.077720000000003,20.07068,1.05,1.55
10.08.2021 00:22:54.222,20.077720000000003,20.07068,1.05,1.25
10.08.2021 00:23:20.713,20.07805,20.07056,1.05,1
10.08.2021 00:23:36.388,20.0779,20.07038,1.05,1.8
10.08.2021 00:23:37.416,20.077820000000003,20.07038,1.3,1.55
10.08.2021 00:23:43.184,20.077720000000003,20.070310000000003,1.3,1.42
10.08.2021 00:23:44.081,20.077420000000004,20.07048,1.3,1.3
10.08.2021 00:23:45.783,20.07798,20.07048,1.8,1.55
10.08.2021 00:23:45.884,20.07798,20.07048,1.8,1.55
10.08.2021 00:23:46.638,20.07798,20.07048,1.8,1.55
10.08.2021 00:24:04.263,20.07809,20.07088,1.3,1.25
10.08.2021 00:24:04.934,20.07809,20.07088,1.3,1.25
10.08.2021 00:24:05.322,20.07809,20.071160000000003,1.3,1
10.08.2021 00:24:05.510,20.07809,20.07128,1.3,1.25
10.08.2021 00:24:06.343,20.07809,20.07128,1.55,1.25
10.08.2021 00:24:07.576,20.07808,20.07098,1.55,1.75
10.08.2021 00:24:07.627,20.07808,20.07098,1.55,2.05
10.08.2021 00:24:07.977,20.07808,20.07068,1.55,2.05
10.08.2021 00:24:09.891,20.077820000000003,20.07058,1.3,1.8
10.08.2021 00:24:22.901,20.07805,20.07056,1.55,1.8
10.08.2021 00:24:24.929,20.07805,20.07056,1.55,1.8
10.08.2021 00:24:25.600,20.07805,20.07056,1.55,1.8
10.08.2021 00:24:25.945,20.07805,20.07078,1.55,1.75
10.08.2021 00:24:37.897,20.077520000000003,20.07056,1,1.8
10.08.2021 00:24:37.948,20.077520000000003,20.07056,1,1.8
10.08.2021 00:24:38.223,20.077520000000003,20.07056,1.3,1.5
10.08.2021 00:24:40.594,20.077520000000003,20.07056,1.3,1.8
10.08.2021 00:24:43.644,20.078,20.07056,1.55,1.8
10.08.2021 00:24:44.082,20.077720000000003,20.07056,1.3,1.8
10.08.2021 00:24:45.135,20.078,20.07068,1.55,2.05
10.08.2021 00:24:49.649,20.07805,20.07056,1.55,1.8
10.08.2021 00:24:50.164,20.077720000000003,20.07056,1.3,1.8
10.08.2021 00:24:52.786,20.07805,20.070570000000004,1.55,1.05
10.08.2021 00:25:00.698,20.07805,20.07078,1.55,2.15
10.08.2021 00:25:01.432,20.07805,20.07058,2.05,2.15
10.08.2021 00:25:04.107,20.07789,20.07046,1.55,1.3
10.08.2021 00:25:04.995,20.07722,20.07038,1,1.3
10.08.2021 00:25:05.622,20.07722,20.07038,1.3,1.3
10.08.2021 00:25:09.520,20.07692,20.07028,1.3,1.3
10.08.2021 00:25:12.381,20.07809,20.070510000000002,1.8,1.65
10.08.2021 00:25:12.769,20.07809,20.070510000000002,1.8,1.65
10.08.2021 00:25:13.037,20.07809,20.070510000000002,1.8,1.65
10.08.2021 00:25:13.592,20.077920000000002,20.070510000000002,1.55,1.65
10.08.2021 00:25:14.846,20.076670000000004,20.07102,1,1
10.08.2021 00:25:23.314,20.076670000000004,20.07102,1,1.1
10.08.2021 00:25:23.919,20.076670000000004,20.07102,1,1.4
10.08.2021 00:25:27.108,20.076770000000003,20.0709,1,1.3
10.08.2021 00:25:27.209,20.076770000000003,20.0709,1,1
10.08.2021 00:25:28.261,20.076770000000003,20.0709,1.3,1
10.08.2021 00:25:45.357,20.076620000000002,20.070510000000002,1.3,1.3
10.08.2021 00:25:59.610,20.076620000000002,20.070510000000002,1.3,1.3
10.08.2021 00:26:00.491,20.076620000000002,20.070510000000002,1.3,1.3
10.08.2021 00:26:19.549,20.07805,20.070310000000003,1.55,1.4
10.08.2021 00:26:19.650,20.077710000000003,20.072570000000002,1,1
10.08.2021 00:26:19.701,20.077710000000003,20.07184,1,1
10.08.2021 00:26:19.902,20.077710000000003,20.07184,1.3,1
10.08.2021 00:26:20.053,20.077710000000003,20.07184,1.3,1
10.08.2021 00:26:20.224,20.077710000000003,20.07184,1.3,1
10.08.2021 00:26:20.434,20.077710000000003,20.07184,1.3,1
10.08.2021 00:26:21.960,20.077710000000003,20.07184,1.3,1
10.08.2021 00:26:24.004,20.077710000000003,20.07184,1.3,1
10.08.2021 00:26:24.209,20.077710000000003,20.07184,1.3,1
10.08.2021 00:26:24.316,20.077710000000003,20.07184,1.3,1
10.08.2021 00:26:27.488,20.077710000000003,20.07184,1.3,1
10.08.2021 00:26:28.214,20.077710000000003,20.07184,1.3,1
10.08.2021 00:26:28.494,20.077710000000003,20.07184,1,1
10.08.2021 00:26:28.751,20.07789,20.07151,1.55,1
10.08.2021 00:26:29.679,20.07789,20.071450000000002,1.55,1.25
10.08.2021 00:26:33.866,20.07789,20.071450000000002,1.55,1.25
10.08.2021 00:26:50.197,20.078120000000002,20.071450000000002,1.05,1.25
10.08.2021 00:26:50.298,20.078310000000002,20.071060000000003,1.8,1.4
10.08.2021 00:26:50.399,20.077920000000002,20.071450000000002,1.3,1
10.08.2021 00:26:50.603,20.077920000000002,20.071450000000002,1,1
10.08.2021 00:26:50.990,20.077920000000002,20.07176,1,1
10.08.2021 00:26:51.091,20.078100000000003,20.07188,1.3,1
10.08.2021 00:26:51.165,20.078100000000003,20.07188,1.3,1
10.08.2021 00:27:15.982,20.078100000000003,20.07188,1,1
10.08.2021 00:27:17.890,20.078100000000003,20.07208,1,1
10.08.2021 00:27:20.358,20.07824,20.072370000000003,1,1
10.08.2021 00:27:21.653,20.07824,20.07258,1,1
10.08.2021 00:27:33.121,20.07863,20.07258,1,1
10.08.2021 00:27:33.174,20.07945,20.072460000000003,1.55,1
10.08.2021 00:27:39.386,20.07863,20.07228,1,1
10.08.2021 00:27:39.487,20.07718,20.07153,1,1
10.08.2021 00:27:40.975,20.07718,20.07158,1,1
10.08.2021 00:27:43.233,20.07718,20.07153,1,1
10.08.2021 00:27:43.435,20.07718,20.07153,1.3,1
10.08.2021 00:27:44.003,20.07718,20.07153,1,1
10.08.2021 00:27:49.506,20.07718,20.07168,1,1
10.08.2021 00:27:57.719,20.07757,20.07168,1,1
10.08.2021 00:28:14.341,20.07885,20.07156,1.55,1
10.08.2021 00:28:16.200,20.07757,20.07128,1,1
10.08.2021 00:28:16.352,20.07757,20.07128,1.3,1
10.08.2021 00:28:16.554,20.07757,20.07128,1.3,1
10.08.2021 00:28:16.816,20.07757,20.07158,1.3,1
10.08.2021 00:28:17.140,20.07757,20.07158,1,1
10.08.2021 00:28:40.060,20.07747,20.07179,1,1
10.08.2021 00:28:51.413,20.07879,20.07158,1.8,1.25
10.08.2021 00:28:55.822,20.07789,20.07158,1.3,1
10.08.2021 00:28:58.455,20.07869,20.07158,1.55,1
10.08.2021 00:29:00.481,20.07789,20.07078,1.3,1.3
10.08.2021 00:29:00.585,20.07789,20.07078,1.3,1.4
10.08.2021 00:29:00.737,20.07789,20.07078,1.3,1.1
10.08.2021 00:29:01.216,20.07789,20.07078,1.3,1.1
10.08.2021 00:29:01.267,20.07832,20.07081,1.8,1.65
10.08.2021 00:29:01.476,20.07789,20.07078,1.3,1.1
10.08.2021 00:29:01.628,20.07789,20.07078,1.3,1.4
10.08.2021 00:29:01.974,20.07773,20.07028,1.55,1.65
10.08.2021 00:29:02.304,20.07773,20.07028,1.55,1.65
10.08.2021 00:29:03.001,20.07702,20.07028,1.3,1.3
10.08.2021 00:29:21.459,20.07815,20.070710000000002,1.55,1.65
10.08.2021 00:29:21.561,20.07815,20.070710000000002,1.55,1.65
10.08.2021 00:29:21.922,20.077820000000003,20.070710000000002,1.3,1.4
10.08.2021 00:29:21.973,20.077820000000003,20.070710000000002,1.3,1.4
10.08.2021 00:29:25.384,20.077820000000003,20.07036,1.3,1.65
10.08.2021 00:29:25.485,20.07789,20.070710000000002,1.3,1.4
10.08.2021 00:29:25.972,20.07832,20.07098,1.8,1.1
10.08.2021 00:29:26.075,20.07832,20.07098,1.8,1.1
10.08.2021 00:29:26.218,20.07832,20.07098,1.8,1.1
10.08.2021 00:29:26.472,20.07832,20.07098,1.3,1.1
10.08.2021 00:29:26.584,20.07832,20.07098,1.3,1
10.08.2021 00:29:27.218,20.07832,20.07098,1.3,1.3
10.08.2021 00:29:33.539,20.07832,20.07098,1.3,1
10.08.2021 00:29:38.452,20.07789,20.070860000000003,1.3,1
10.08.2021 00:29:38.553,20.07789,20.070860000000003,1.3,1.1
10.08.2021 00:29:38.956,20.07845,20.070860000000003,1.8,1.1
10.08.2021 00:29:39.268,20.07845,20.070860000000003,1.3,1.1
10.08.2021 00:29:39.474,20.07845,20.070860000000003,1.3,1.1
10.08.2021 00:29:40.404,20.07845,20.070860000000003,1.3,1
10.08.2021 00:29:45.584,20.07862,20.071160000000003,1.05,1
10.08.2021 00:29:45.685,20.07852,20.07128,1.55,1
10.08.2021 00:29:46.909,20.07852,20.071360000000002,1.55,1
10.08.2021 00:29:47.152,20.07862,20.07148,1.3,1.25
10.08.2021 00:29:47.690,20.07869,20.07148,1.8,1.25
10.08.2021 00:29:47.791,20.07863,20.07178,1.8,1.25
10.08.2021 00:29:47.942,20.07861,20.07178,1.05,1.25
10.08.2021 00:29:48.340,20.07789,20.07138,1.3,1
10.08.2021 00:29:48.441,20.07789,20.07138,1.3,1
10.08.2021 00:29:48.725,20.07789,20.07118,1.3,1
10.08.2021 00:29:49.990,20.078310000000002,20.07118,1.8,1.55
10.08.2021 00:29:50.197,20.07789,20.07118,1.3,1
10.08.2021 00:29:50.556,20.07789,20.07118,1.3,1
10.08.2021 00:29:51.220,20.07789,20.07088,1.3,1.3
10.08.2021 00:29:51.762,20.07789,20.07088,1.3,1.3
10.08.2021 00:29:51.946,20.078310000000002,20.07098,1.8,1.3
10.08.2021 00:29:52.103,20.078310000000002,20.07098,1.8,1.1
10.08.2021 00:29:52.417,20.07842,20.07098,1.3,1.4
10.08.2021 00:29:52.763,20.07842,20.07098,1.3,1.1
10.08.2021 00:29:53.420,20.07842,20.07098,1.3,1
10.08.2021 00:29:53.761,20.07842,20.07098,1.3,1.3
10.08.2021 00:29:54.865,20.07789,20.07068,1.3,1
10.08.2021 00:29:54.966,20.07789,20.07068,1.3,1.4
10.08.2021 00:29:59.508,20.077720000000003,20.070710000000002,1.3,1.3
10.08.2021 00:29:59.766,20.077910000000003,20.070710000000002,1.55,1.65
10.08.2021 00:29:59.891,20.078120000000002,20.07088,1.05,1.35
10.08.2021 00:29:59.992,20.07855,20.07088,1.55,1.65
10.08.2021 00:30:00.093,20.07842,20.07088,1.3,1.4
10.08.2021 00:30:00.258,20.07789,20.07088,1,1.4
10.08.2021 00:30:00.309,20.07789,20.07088,1.25,1.65
10.08.2021 00:30:00.460,20.07789,20.07091,1.55,1.35
10.08.2021 00:30:00.627,20.07789,20.07091,1.55,1.35
10.08.2021 00:30:01.098,20.07789,20.07088,1.55,1.35
10.08.2021 00:30:01.149,20.07789,20.07048,1.55,1.65
10.08.2021 00:30:01.261,20.07789,20.070710000000002,1.55,1.65
10.08.2021 00:30:01.362,20.07789,20.070710000000002,1.55,1.35
10.08.2021 00:30:01.738,20.07806,20.070710000000002,1.55,1.35
10.08.2021 00:30:02.086,20.07806,20.07088,1.55,1.35
10.08.2021 00:30:02.922,20.07789,20.07046,1.55,1.4
10.08.2021 00:30:03.023,20.07789,20.07046,1.55,1.4
10.08.2021 00:30:04.318,20.07789,20.07046,1.55,1.4
10.08.2021 00:30:04.949,20.07806,20.070710000000002,1.55,1.55
10.08.2021 00:30:05.050,20.07789,20.07046,1.55,1.4
10.08.2021 00:30:05.152,20.07789,20.07046,1.55,1.4
10.08.2021 00:30:05.220,20.07789,20.07046,1.55,1.4
10.08.2021 00:30:05.320,20.078120000000002,20.070710000000002,1.05,1.65
10.08.2021 00:30:05.421,20.078120000000002,20.07101,1.05,1.35
10.08.2021 00:30:05.523,20.07863,20.07091,1.55,1.35
10.08.2021 00:30:05.665,20.07863,20.07091,1.55,1.65
10.08.2021 00:30:06.899,20.078920000000004,20.07131,1.55,1.25
10.08.2021 00:30:07.000,20.07959,20.07141,1,1.8
10.08.2021 00:30:07.051,20.07959,20.07141,1,1.8
10.08.2021 00:30:23.583,20.0803,20.07261,1.1,1.01
10.08.2021 00:30:23.690,20.0803,20.07261,1.1,1.01
10.08.2021 00:30:23.740,20.0803,20.07301,1.1,1.01
10.08.2021 00:30:25.175,20.08059,20.073610000000002,1.35,1
10.08.2021 00:30:25.327,20.08059,20.07323,1.35,1.1
10.08.2021 00:30:25.378,20.08059,20.07307,1.35,1.01
10.08.2021 00:30:25.429,20.08059,20.07301,1.35,1.75
10.08.2021 00:30:25.816,20.08059,20.073610000000002,1.35,1
10.08.2021 00:30:25.918,20.08059,20.07363,1.35,1
10.08.2021 00:30:26.903,20.08059,20.07363,1.05,1.3
10.08.2021 00:30:27.474,20.08059,20.073610000000002,1.05,1
10.08.2021 00:30:27.524,20.08059,20.07381,1.05,1.01
10.08.2021 00:30:27.817,20.08059,20.073610000000002,1.05,1.3
10.08.2021 00:30:29.553,20.08059,20.073610000000002,1.05,1
10.08.2021 00:30:30.129,20.08059,20.073610000000002,1.05,1.3
10.08.2021 00:30:33.611,20.08059,20.073610000000002,1.05,1
10.08.2021 00:30:40.856,20.08059,20.07363,1.05,1
10.08.2021 00:30:40.962,20.08059,20.07381,1.05,1.01
10.08.2021 00:30:41.164,20.08059,20.07381,1.05,1.31
10.08.2021 00:30:47.269,20.08059,20.073610000000002,1.05,1.3
10.08.2021 00:30:47.760,20.08059,20.073610000000002,1.05,1.3
10.08.2021 00:30:55.551,20.08059,20.073610000000002,1.05,1
10.08.2021 00:31:01.286,20.08059,20.07381,1.05,1.01
10.08.2021 00:31:01.772,20.08059,20.07381,1.05,1.31
10.08.2021 00:31:15.796,20.08059,20.07433,1.67,1.01
10.08.2021 00:31:26.122,20.08059,20.07488,1.05,1.01
10.08.2021 00:31:35.125,20.08109,20.07451,1.8,1
10.08.2021 00:31:36.122,20.08129,20.07449,2.1,1.1
10.08.2021 00:32:26.377,20.08079,20.07461,1.85,1.01
10.08.2021 00:32:40.593,20.080420000000004,20.07422,1.05,1.25
10.08.2021 00:33:26.432,20.08079,20.07454,2.15,1.01
10.08.2021 00:33:44.311,20.080420000000004,20.07415,1.05,1.25
10.08.2021 00:34:26.684,20.080420000000004,20.07449,1.15,1.01
10.08.2021 00:34:29.794,20.080420000000004,20.0746,1.15,1.01
10.08.2021 00:34:40.384,20.080420000000004,20.07441,1.05,1.55
10.08.2021 00:34:43.202,20.080420000000004,20.07421,1.05,2.05
10.08.2021 00:35:06.294,20.080420000000004,20.07421,1.05,1
10.08.2021 00:35:06.395,20.080420000000004,20.07419,1.05,1.25
10.08.2021 00:35:26.735,20.080420000000004,20.074710000000003,1.15,1.01
10.08.2021 00:35:36.737,20.080420000000004,20.074320000000004,1.05,1.25
10.08.2021 00:35:42.439,20.080420000000004,20.074320000000004,1.05,1.55
10.08.2021 00:35:46.214,20.080420000000004,20.074320000000004,1.05,1.25
10.08.2021 00:35:48.027,20.080420000000004,20.074320000000004,1.05,1.55
10.08.2021 00:35:48.288,20.080420000000004,20.074320000000004,1.05,1.55
10.08.2021 00:35:58.238,20.080420000000004,20.074320000000004,1.05,1.55
10.08.2021 00:36:04.007,20.080420000000004,20.074320000000004,1.05,1.55
10.08.2021 00:36:26.768,20.080420000000004,20.07493,1.15,1.01
10.08.2021 00:36:46.243,20.08049,20.07454,1.05,1.55
10.08.2021 00:37:05.299,20.080420000000004,20.07454,1.05,1.55
10.08.2021 00:37:05.450,20.080420000000004,20.07454,1.05,1.25
10.08.2021 00:37:26.856,20.080420000000004,20.07488,1.15,1.01
10.08.2021 00:37:53.579,20.080420000000004,20.07449,1.05,1.25
10.08.2021 00:38:04.723,20.080420000000004,20.07476,1.15,1.01
10.08.2021 00:38:24.859,20.080420000000004,20.074370000000002,1.05,1.25
10.08.2021 00:38:27.186,20.080420000000004,20.0745,1.15,1.01
10.08.2021 00:38:39.486,20.080420000000004,20.07411,1.05,1.25
10.08.2021 00:38:42.562,20.080420000000004,20.07316,1.15,1.4
10.08.2021 00:38:42.830,20.08049,20.07381,1.85,1.35
10.08.2021 00:38:43.062,20.08049,20.07363,1.85,1
10.08.2021 00:38:43.113,20.08049,20.07289,1.85,1.9
10.08.2021 00:38:43.214,20.08029,20.07209,1.15,1.55
10.08.2021 00:38:43.365,20.080070000000003,20.07209,1.15,1.55
10.08.2021 00:38:44.084,20.080070000000003,20.07209,1.15,1.55
10.08.2021 00:38:44.247,20.080070000000003,20.07209,1.15,1.55
10.08.2021 00:38:47.002,20.080070000000003,20.07209,1.15,1.55
10.08.2021 00:38:48.658,20.08002,20.071610000000003,2.15,1.9
10.08.2021 00:38:48.759,20.08002,20.071610000000003,2.15,1.9
10.08.2021 00:38:48.879,20.08002,20.071610000000003,2.15,1.9
10.08.2021 00:38:49.205,20.079520000000002,20.071610000000003,1.25,1.8
10.08.2021 00:38:51.069,20.07789,20.07113,1.25,1.05
10.08.2021 00:38:51.120,20.07789,20.07065,1.55,1.6
10.08.2021 00:38:51.221,20.07789,20.07033,1.8,1.3
10.08.2021 00:38:51.372,20.07789,20.07016,1.8,1.4
10.08.2021 00:38:52.240,20.07789,20.07016,1.8,1.4
10.08.2021 00:38:54.266,20.07869,20.07101,1.8,1
10.08.2021 00:38:54.367,20.07869,20.07101,1.3,1.3
10.08.2021 00:39:00.511,20.07789,20.07056,1,1.4
10.08.2021 00:39:00.561,20.07789,20.07033,1.5,1.4
10.08.2021 00:39:00.612,20.07773,20.07033,1.25,1.4
10.08.2021 00:39:00.720,20.07773,20.07033,1.25,1.4
10.08.2021 00:39:01.177,20.077720000000003,20.07026,1.25,1.3
10.08.2021 00:39:01.393,20.07773,20.07026,1.25,1
10.08.2021 00:39:01.528,20.07689,20.07026,1,1.3
10.08.2021 00:39:07.141,20.077520000000003,20.07026,1,1.3
10.08.2021 00:39:12.529,20.077650000000002,20.07026,1,1.8
10.08.2021 00:39:23.471,20.077320000000004,20.06981,1.25,1.9
10.08.2021 00:39:23.572,20.07789,20.06981,1.8,1.9
10.08.2021 00:39:23.623,20.07789,20.06981,1.8,1.9
10.08.2021 00:39:23.750,20.07789,20.06981,1.8,1.9
10.08.2021 00:39:24.609,20.07789,20.07018,1.55,1.3
10.08.2021 00:39:27.431,20.07789,20.07018,1.8,1.25
10.08.2021 00:39:31.133,20.07789,20.07026,1.8,1
10.08.2021 00:39:31.234,20.07789,20.07038,1.8,1.25
10.08.2021 00:39:32.888,20.07789,20.07038,1.8,1.55
10.08.2021 00:39:33.344,20.07789,20.07038,1.8,1.25
10.08.2021 00:39:55.466,20.078070000000004,20.07026,1.55,1
10.08.2021 00:40:08.626,20.07794,20.06978,1.55,1.55
10.08.2021 00:40:09.299,20.07794,20.06978,1.55,1.55
10.08.2021 00:40:14.251,20.07794,20.06978,1.8,1.9
10.08.2021 00:40:14.915,20.077420000000004,20.06963,1,1.65
10.08.2021 00:40:18.370,20.077420000000004,20.06963,1,1.65
10.08.2021 00:40:18.923,20.077420000000004,20.06963,1,1.65
10.08.2021 00:40:21.042,20.077420000000004,20.06963,1,1.65
10.08.2021 00:40:33.943,20.07789,20.06963,1.8,1.55
10.08.2021 00:40:34.273,20.07789,20.06963,1.8,1.65
10.08.2021 00:40:34.949,20.07789,20.07018,1.8,1.25
10.08.2021 00:40:50.836,20.07789,20.070210000000003,1.8,1.25
10.08.2021 00:40:50.887,20.07789,20.070210000000003,1.55,1.12
10.08.2021 00:40:50.988,20.07789,20.070210000000003,1.55,1.35
10.08.2021 00:40:53.080,20.077720000000003,20.070210000000003,1,1.87
10.08.2021 00:41:16.075,20.07862,20.073610000000002,1.05,1
10.08.2021 00:41:16.227,20.07959,20.07301,1.3,1.91
10.08.2021 00:41:16.328,20.08035,20.07301,1.15,1.39
10.08.2021 00:41:17.523,20.08002,20.07301,1.6,1.5
10.08.2021 00:41:18.556,20.08031,20.07301,1.15,1.31
10.08.2021 00:41:19.376,20.080420000000004,20.07328,1.15,1.31
10.08.2021 00:41:19.577,20.080420000000004,20.07328,1.15,1.31
10.08.2021 00:41:25.033,20.080420000000004,20.07328,1.15,1.41
10.08.2021 00:41:43.398,20.080750000000002,20.07363,1.85,1.3
10.08.2021 00:41:45.081,20.080420000000004,20.07328,1.15,1.41
10.08.2021 00:42:01.042,20.080420000000004,20.07328,1.15,1.75
10.08.2021 00:42:01.389,20.080420000000004,20.07328,1.15,1.41
10.08.2021 00:42:02.313,20.080420000000004,20.07328,1.15,1.41
10.08.2021 00:42:07.393,20.080420000000004,20.07328,1.15,1.41
10.08.2021 00:42:11.233,20.080420000000004,20.07328,1.15,1.41
10.08.2021 00:42:11.762,20.080420000000004,20.07328,1.15,1.41
10.08.2021 00:42:12.678,20.080420000000004,20.07401,1.15,1
10.08.2021 00:42:12.930,20.08039,20.07453,1.15,1.01
10.08.2021 00:42:25.847,20.08099,20.077710000000003,1.15,1
10.08.2021 00:42:25.898,20.08099,20.075670000000002,1.15,1.01
10.08.2021 00:42:34.208,20.08099,20.07531,1.05,1.69
10.08.2021 00:42:35.917,20.08114,20.07528,1.05,1.25
10.08.2021 00:43:03.667,20.08079,20.07478,2.15,1.01
10.08.2021 00:43:09.402,20.08049,20.07565,1.15,1.01
10.08.2021 00:43:20.903,20.08114,20.07524,1.05,1.25
10.08.2021 00:44:09.841,20.08079,20.07509,1.15,1.01
10.08.2021 00:44:20.736,20.080420000000004,20.0747,1.05,1.25
10.08.2021 00:44:38.688,20.080420000000004,20.074710000000003,1.05,1
10.08.2021 00:44:48.729,20.080420000000004,20.0747,1.05,1.25
10.08.2021 00:45:09.891,20.080420000000004,20.074550000000002,1.15,1.01
10.08.2021 00:45:18.729,20.08022,20.07421,1.8,1
10.08.2021 00:45:19.906,20.08022,20.074160000000003,1.8,1
10.08.2021 00:45:21.925,20.07992,20.074160000000003,1.8,1
10.08.2021 00:45:31.053,20.07992,20.074160000000003,1.5,1
10.08.2021 00:46:01.354,20.07975,20.073610000000002,1.5,1.35
10.08.2021 00:46:06.267,20.07975,20.073610000000002,1.5,1.35
10.08.2021 00:46:09.967,20.07975,20.074450000000002,1.5,1.1
10.08.2021 00:46:14.160,20.079620000000002,20.074450000000002,1.8,1
10.08.2021 00:46:31.942,20.079420000000002,20.074060000000003,1.3,1
10.08.2021 00:46:37.430,20.079420000000002,20.07409,1.3,1
10.08.2021 00:46:38.358,20.07841,20.074060000000003,1,1
10.08.2021 00:46:39.410,20.079420000000002,20.074060000000003,1.3,1
10.08.2021 00:46:40.348,20.078310000000002,20.074060000000003,1,1
10.08.2021 00:46:41.391,20.079420000000002,20.074060000000003,1.3,1
10.08.2021 00:46:42.384,20.078310000000002,20.074060000000003,1,1
10.08.2021 00:46:43.373,20.079420000000002,20.074060000000003,1.3,1
10.08.2021 00:46:49.975,20.079120000000003,20.074060000000003,1.3,1
10.08.2021 00:47:05.312,20.079120000000003,20.074060000000003,1.3,1
10.08.2021 00:47:10.301,20.07852,20.07418,1.3,1
10.08.2021 00:47:10.588,20.07809,20.07314,1,1.25
10.08.2021 00:47:10.790,20.07794,20.07232,1,1
10.08.2021 00:47:11.762,20.07785,20.07232,1,1
10.08.2021 00:47:11.863,20.077720000000003,20.07232,1.3,1
10.08.2021 00:47:14.068,20.077720000000003,20.07228,1.3,1
10.08.2021 00:47:15.198,20.077320000000004,20.07228,1.3,1
10.08.2021 00:47:15.711,20.07794,20.07228,1,1
10.08.2021 00:47:16.545,20.07794,20.07228,1.3,1
10.08.2021 00:47:19.075,20.07794,20.07228,1.3,1
10.08.2021 00:47:19.177,20.07794,20.07228,1,1
10.08.2021 00:47:21.213,20.07794,20.07228,1.3,1
10.08.2021 00:47:22.146,20.078070000000004,20.071910000000003,1.3,1
10.08.2021 00:47:22.197,20.07704,20.071910000000003,1,1
10.08.2021 00:47:22.248,20.07704,20.07137,1,1
10.08.2021 00:47:28.960,20.07704,20.07137,1,1.3
10.08.2021 00:47:30.611,20.07739,20.07118,1,1.3
10.08.2021 00:47:30.866,20.07739,20.07101,1,1
10.08.2021 00:47:31.641,20.07739,20.07101,1.3,1.3
10.08.2021 00:47:36.003,20.07743,20.07101,1,1.3
10.08.2021 00:47:36.236,20.07743,20.07101,1,1.3
10.08.2021 00:47:36.770,20.07743,20.07168,1,1
10.08.2021 00:47:36.927,20.07743,20.07168,1,1.3
10.08.2021 00:47:47.914,20.07743,20.07198,1,1
10.08.2021 00:47:56.617,20.07743,20.07128,1,1.3
10.08.2021 00:47:56.668,20.07743,20.07128,1,1
10.08.2021 00:47:57.122,20.07743,20.07118,1,1
10.08.2021 00:48:17.675,20.07743,20.07098,1,1
10.08.2021 00:48:22.310,20.07739,20.07098,1,1
10.08.2021 00:48:22.452,20.07682,20.07119,1,1
10.08.2021 00:48:34.144,20.078070000000004,20.07066,1.55,1
10.08.2021 00:48:34.843,20.07815,20.07066,1.55,1.3
10.08.2021 00:48:34.944,20.07815,20.07081,1.55,1
10.08.2021 00:48:36.352,20.07815,20.07091,1.55,1
10.08.2021 00:48:36.469,20.07815,20.07091,1.55,1.3
10.08.2021 00:48:42.775,20.078070000000004,20.070410000000003,1.55,1.55
10.08.2021 00:48:43.688,20.07785,20.070410000000003,1.55,1.55
10.08.2021 00:48:49.288,20.07785,20.07036,1.55,1.25
10.08.2021 00:48:52.862,20.077740000000002,20.069660000000002,1.65,1.65
10.08.2021 00:48:53.287,20.077740000000002,20.069660000000002,1.65,1.65
10.08.2021 00:48:53.417,20.07712,20.070800000000002,1.3,1
10.08.2021 00:49:01.101,20.07721,20.070800000000002,1.3,1
10.08.2021 00:49:02.791,20.07721,20.070800000000002,1,1.3
10.08.2021 00:49:07.814,20.07721,20.070800000000002,1,1.3
10.08.2021 00:49:07.968,20.07721,20.070800000000002,1,1
10.08.2021 00:49:08.714,20.07721,20.070800000000002,1.3,1.3
10.08.2021 00:49:09.386,20.07721,20.070800000000002,1,1.3
10.08.2021 00:49:10.229,20.077710000000003,20.07206,2.55,1
10.08.2021 00:49:10.330,20.077710000000003,20.07206,1,1
10.08.2021 00:49:19.924,20.078070000000004,20.071710000000003,1.3,1
10.08.2021 00:49:20.076,20.07682,20.071170000000002,1,1
10.08.2021 00:49:24.783,20.07682,20.07118,1,1
10.08.2021 00:49:24.890,20.07682,20.07118,1,1.3
10.08.2021 00:49:30.731,20.07682,20.07118,1,1.3
10.08.2021 00:49:31.343,20.07721,20.07118,1.3,1.3
10.08.2021 00:49:31.444,20.07721,20.07088,1,1.3
10.08.2021 00:49:31.596,20.07721,20.07078,1,1
10.08.2021 00:49:32.750,20.07721,20.07078,1.3,1.3
10.08.2021 00:49:39.514,20.07721,20.07078,1.3,1.3
10.08.2021 00:49:40.224,20.07721,20.07098,1,1.3
10.08.2021 00:49:44.593,20.07721,20.07078,1,1.3
10.08.2021 00:49:46.987,20.07721,20.07078,1.3,1.3
10.08.2021 00:50:00.855,20.07721,20.07078,1,1
10.08.2021 00:50:07.639,20.07721,20.07098,1,1
10.08.2021 00:50:15.513,20.07721,20.071160000000003,1,1
10.08.2021 00:50:15.614,20.07721,20.07128,1,1
10.08.2021 00:50:25.180,20.078070000000004,20.07098,1.55,1.25
10.08.2021 00:51:00.531,20.07822,20.07091,1.3,1
10.08.2021 00:51:00.582,20.07822,20.07091,1.3,1.3
10.08.2021 00:51:00.633,20.07769,20.07204,1,1
10.08.2021 00:51:15.632,20.078070000000004,20.070960000000003,1.3,1.55
10.08.2021 00:51:15.733,20.076800000000002,20.07115,1,1
10.08.2021 00:51:22.728,20.074070000000003,20.07054,1.25,1.25
10.08.2021 00:51:22.779,20.07532,20.068360000000002,1,1.05
10.08.2021 00:51:22.880,20.07593,20.06781,1.05,1.5
10.08.2021 00:51:22.999,20.076529999999998,20.06781,1.05,1.5
10.08.2021 00:51:23.151,20.07589,20.06771,1.5,1.5
10.08.2021 00:51:23.353,20.075950000000002,20.06781,1.05,1.5
10.08.2021 00:51:23.454,20.07647,20.06781,2.15,1.8
10.08.2021 00:51:23.606,20.07659,20.06781,1.9,1.8
10.08.2021 00:51:24.324,20.076120000000003,20.06781,1.55,1.25
10.08.2021 00:51:24.425,20.07659,20.06829,1.8,1.25
10.08.2021 00:51:24.526,20.07673,20.069010000000002,1.15,1.25
10.08.2021 00:51:24.727,20.07673,20.069010000000002,1.05,1.25
10.08.2021 00:51:24.828,20.07692,20.069010000000002,1.55,1
10.08.2021 00:51:25.030,20.07682,20.069010000000002,1.8,1
10.08.2021 00:51:27.098,20.07682,20.069010000000002,1.8,1.3
10.08.2021 00:51:27.925,20.07682,20.06909,1.8,1
10.08.2021 00:51:28.689,20.07692,20.06961,1.8,1
10.08.2021 00:51:28.790,20.07692,20.06961,2.05,1
10.08.2021 00:51:29.459,20.07692,20.06961,1.55,1
10.08.2021 00:51:35.120,20.07749,20.070020000000003,1.55,1
10.08.2021 00:51:35.170,20.077820000000003,20.070610000000002,1.4,1.25
10.08.2021 00:51:35.221,20.077920000000002,20.070610000000002,1.55,1.25
10.08.2021 00:51:35.719,20.07858,20.070610000000002,1.3,1.5
10.08.2021 00:51:35.971,20.07861,20.070610000000002,1.8,1.8
10.08.2021 00:51:36.156,20.07861,20.070610000000002,1.8,1.8
10.08.2021 00:51:36.710,20.07861,20.07098,1.8,1.55
10.08.2021 00:51:44.475,20.07861,20.07098,1.65,1.4
10.08.2021 00:51:44.626,20.07861,20.07098,1.65,1.4
10.08.2021 00:51:45.554,20.07861,20.07138,1.65,1.4
10.08.2021 00:51:46.087,20.07861,20.07138,1.65,1.4
10.08.2021 00:51:46.312,20.07861,20.07138,1.65,1.4
10.08.2021 00:51:50.363,20.07869,20.07138,1.4,1.4
10.08.2021 00:52:04.521,20.07921,20.07178,1.3,1.55
10.08.2021 00:52:05.007,20.07921,20.07206,1.3,1
10.08.2021 00:52:05.108,20.07921,20.07218,1.3,1
10.08.2021 00:52:06.010,20.07921,20.07218,1.3,1
10.08.2021 00:52:06.213,20.07921,20.07218,1.3,1
10.08.2021 00:52:07.161,20.07809,20.07208,1,1
10.08.2021 00:52:07.264,20.07809,20.07208,1.3,1
10.08.2021 00:52:07.824,20.07809,20.07178,1.3,1.3
10.08.2021 00:52:10.168,20.07809,20.07178,1.3,1.3
10.08.2021 00:52:12.947,20.07855,20.07178,1.8,1.55
10.08.2021 00:52:14.466,20.07855,20.07178,1.8,1.25
10.08.2021 00:52:19.492,20.07852,20.07178,1.3,1
10.08.2021 00:52:21.041,20.07809,20.07178,1,1
10.08.2021 00:52:21.240,20.07809,20.07178,1.3,1.3
10.08.2021 00:52:23.440,20.07789,20.071260000000002,1.3,1.3
10.08.2021 00:52:23.542,20.077740000000002,20.07026,1.25,1.3
10.08.2021 00:52:23.794,20.07789,20.07026,1.55,1.3
10.08.2021 00:52:23.945,20.07789,20.07026,1.55,1.3
10.08.2021 00:52:24.096,20.07789,20.07048,1.55,1.3
10.08.2021 00:52:28.281,20.077820000000003,20.07026,1.55,1.3
10.08.2021 00:52:30.825,20.077820000000003,20.07026,1.55,1.3
10.08.2021 00:52:31.042,20.077820000000003,20.07026,1.3,1.65
10.08.2021 00:52:45.185,20.07789,20.07026,1.3,1.55
10.08.2021 00:52:47.378,20.07809,20.07026,1.55,1.65
10.08.2021 00:52:47.479,20.07809,20.07026,1.55,1.65
10.08.2021 00:52:47.718,20.07809,20.07026,1.55,1.65
10.08.2021 00:53:07.006,20.07809,20.07036,1.55,1.55
10.08.2021 00:53:07.229,20.07809,20.07088,1.55,1.25
10.08.2021 00:53:15.091,20.07809,20.07108,1.55,1.25
10.08.2021 00:53:18.355,20.07851,20.071360000000002,1.3,1
10.08.2021 00:53:18.698,20.07851,20.07148,1.3,1
10.08.2021 00:53:19.649,20.07851,20.07118,1.3,1
10.08.2021 00:53:21.141,20.07862,20.07118,1.3,1.3
10.08.2021 00:53:22.380,20.07862,20.07118,1.3,1
10.08.2021 00:53:30.698,20.07832,20.07088,1.3,1
10.08.2021 00:53:37.333,20.078120000000002,20.070610000000002,1.3,1.55
10.08.2021 00:53:37.917,20.078120000000002,20.07058,1.3,1.55
10.08.2021 00:53:38.503,20.077320000000004,20.07168,1,1
10.08.2021 00:53:54.830,20.07789,20.07016,1.3,1.65
10.08.2021 00:53:55.037,20.07789,20.07016,1.3,1.65
10.08.2021 00:53:55.746,20.07789,20.07016,1.3,1.65
10.08.2021 00:53:56.795,20.07643,20.07079,1,2.25
10.08.2021 00:53:58.618,20.07643,20.07079,1.3,1
10.08.2021 00:54:02.843,20.076420000000002,20.07079,1.3,1
10.08.2021 00:54:03.773,20.075270000000003,20.07079,1,1
10.08.2021 00:54:03.824,20.075460000000003,20.06981,1.55,1.25
10.08.2021 00:54:03.875,20.075460000000003,20.06981,1.3,1
10.08.2021 00:54:03.976,20.075460000000003,20.06981,1,1
10.08.2021 00:54:05.080,20.075460000000003,20.06981,1.3,1
10.08.2021 00:54:06.838,20.075460000000003,20.06981,1,1.3
10.08.2021 00:54:07.486,20.075460000000003,20.06981,1,1
10.08.2021 00:54:07.701,20.075460000000003,20.06981,1,1.3
10.08.2021 00:54:11.252,20.075460000000003,20.06981,1,1
10.08.2021 00:54:12.058,20.07552,20.06961,1.25,1.25
10.08.2021 00:54:12.903,20.07522,20.06961,1.25,1.25
10.08.2021 00:54:14.058,20.07639,20.07076,1,1
10.08.2021 00:54:14.109,20.0755,20.070410000000003,1,1
10.08.2021 00:54:14.160,20.0755,20.069850000000002,1,1.3
10.08.2021 00:54:14.211,20.0755,20.069850000000002,1,1
10.08.2021 00:54:15.778,20.0755,20.069850000000002,1.3,1
10.08.2021 00:54:17.297,20.0755,20.069850000000002,1,1
10.08.2021 00:54:18.852,20.0755,20.06981,1.25,1.25
10.08.2021 00:54:18.956,20.07637,20.07073,1.3,1
10.08.2021 00:54:19.007,20.07637,20.07073,1,1
10.08.2021 00:54:24.257,20.07637,20.070860000000003,1,1
10.08.2021 00:54:24.358,20.07637,20.07098,1,1
10.08.2021 00:54:30.295,20.07676,20.070860000000003,1,1
10.08.2021 00:54:30.346,20.07676,20.07078,1,1
10.08.2021 00:54:32.684,20.07674,20.07038,1,1.3
10.08.2021 00:54:33.378,20.07674,20.07038,1,2.55
10.08.2021 00:54:35.131,20.07674,20.07038,1,1.3
10.08.2021 00:54:36.022,20.07674,20.07038,1.3,1.3
10.08.2021 00:54:37.337,20.076620000000002,20.07038,1.3,1
10.08.2021 00:54:38.418,20.07674,20.07038,1,1
10.08.2021 00:54:38.518,20.07674,20.07038,1,1.1
10.08.2021 00:54:38.670,20.07674,20.07038,1,1.4
10.08.2021 00:54:39.751,20.07637,20.07073,1,1
10.08.2021 00:54:40.308,20.07637,20.07073,1.3,1
10.08.2021 00:54:41.741,20.07637,20.07073,1.3,1
10.08.2021 00:54:42.184,20.07674,20.07038,1.3,1
10.08.2021 00:54:42.235,20.07674,20.07038,1,1
10.08.2021 00:54:42.436,20.07674,20.07038,1,1.1
10.08.2021 00:54:42.587,20.07674,20.07038,1,1
10.08.2021 00:54:43.349,20.07674,20.07066,1,1
10.08.2021 00:54:43.455,20.07674,20.07078,1,1
10.08.2021 00:54:45.696,20.07674,20.07038,1,2.25
10.08.2021 00:54:45.797,20.07704,20.07008,1,1.3
10.08.2021 00:54:45.948,20.07704,20.07008,1.3,1.3
10.08.2021 00:54:46.655,20.07675,20.07008,1,1.3
10.08.2021 00:54:46.756,20.076620000000002,20.07008,1.3,1.3
10.08.2021 00:54:47.828,20.07704,20.07008,1.3,1.4
10.08.2021 00:54:48.080,20.07704,20.07008,1.3,1.4
10.08.2021 00:54:48.547,20.07704,20.07008,1,1.4
10.08.2021 00:54:48.796,20.07704,20.07018,1,1.3
10.08.2021 00:54:51.201,20.07704,20.07048,1,1
10.08.2021 00:54:55.245,20.07734,20.06971,1.55,1.9
10.08.2021 00:54:55.296,20.07734,20.06971,1.55,1.9
10.08.2021 00:54:55.398,20.07725,20.06971,1.8,1.6
10.08.2021 00:54:55.499,20.07712,20.06971,2.05,1.5
10.08.2021 00:54:55.652,20.07672,20.06971,1.55,1.5
10.08.2021 00:54:57.216,20.07702,20.06961,2.05,1.5
10.08.2021 00:54:57.426,20.07692,20.06961,2.05,1.8
10.08.2021 00:54:59.280,20.077420000000004,20.06981,1.8,1.55
10.08.2021 00:54:59.381,20.07743,20.06981,1.8,1.25
10.08.2021 00:54:59.748,20.07743,20.06981,1.8,1.65
10.08.2021 00:55:00.000,20.07734,20.06981,1.55,1.55
10.08.2021 00:55:00.050,20.07734,20.06981,1.8,1.55
10.08.2021 00:55:00.101,20.07734,20.06961,1.5,1.5
10.08.2021 00:55:00.454,20.07734,20.06961,1.8,1.5
10.08.2021 00:55:00.711,20.07702,20.06961,1.55,1.8
10.08.2021 00:55:03.543,20.076520000000002,20.06961,1.55,1.9
10.08.2021 00:55:04.801,20.07722,20.06981,1.55,1.35
10.08.2021 00:55:04.902,20.07743,20.06981,1.8,1.65
10.08.2021 00:55:05.067,20.07743,20.06981,1.8,1.65
10.08.2021 00:55:05.726,20.07743,20.07038,1.55,1
10.08.2021 00:55:06.587,20.07743,20.07076,1.55,1
10.08.2021 00:55:06.689,20.07743,20.07088,1.55,1
10.08.2021 00:55:06.994,20.07743,20.07088,1.55,1
10.08.2021 00:55:08.836,20.07743,20.07088,1.55,1
10.08.2021 00:55:08.929,20.07743,20.07088,1.55,1
10.08.2021 00:55:10.774,20.07743,20.07088,1.55,1
10.08.2021 00:55:15.261,20.07743,20.07088,1.55,1.3
10.08.2021 00:55:21.085,20.077650000000002,20.071060000000003,1.3,1
10.08.2021 00:55:21.191,20.077650000000002,20.07118,1.3,1
10.08.2021 00:55:22.428,20.077650000000002,20.07148,1.3,1
10.08.2021 00:55:22.891,20.077650000000002,20.07148,1.3,1
10.08.2021 00:55:28.157,20.077650000000002,20.07138,1.3,1
10.08.2021 00:55:32.301,20.07715,20.071360000000002,1.3,1
10.08.2021 00:55:32.402,20.07715,20.071360000000002,1,1
10.08.2021 00:55:51.053,20.07754,20.07118,1.3,1
10.08.2021 00:55:51.871,20.07809,20.071060000000003,1.3,1
10.08.2021 00:55:56.107,20.07754,20.07128,1.3,1
10.08.2021 00:55:59.803,20.07702,20.071360000000002,1,1
10.08.2021 00:56:15.425,20.07741,20.07128,1.3,1
10.08.2021 00:56:15.939,20.07809,20.071160000000003,1.55,1
10.08.2021 00:56:18.350,20.07809,20.071160000000003,1.55,1
10.08.2021 00:56:19.341,20.07686,20.07128,1,1
10.08.2021 00:56:31.852,20.07725,20.07098,1.3,1
10.08.2021 00:56:31.953,20.07725,20.07081,1.3,1
10.08.2021 00:56:32.105,20.07725,20.07081,1,1
10.08.2021 00:56:35.989,20.07725,20.07081,1.3,1
10.08.2021 00:56:36.178,20.07725,20.07081,1,1
10.08.2021 00:56:47.686,20.07725,20.07081,1.3,1
10.08.2021 00:56:49.709,20.07769,20.07046,1.3,1.25
10.08.2021 00:56:59.769,20.07809,20.071060000000003,1.55,1
10.08.2021 00:56:59.878,20.07725,20.07118,1.3,1
10.08.2021 00:57:29.356,20.07805,20.07098,1.55,1.25
10.08.2021 00:57:30.473,20.077740000000002,20.07028,1.3,1.3
10.08.2021 00:57:31.608,20.07702,20.07028,1.3,1.3
10.08.2021 00:57:42.129,20.077320000000004,20.07038,1.3,1
10.08.2021 00:57:42.388,20.07809,20.07048,1.65,1.35
10.08.2021 00:57:42.490,20.077740000000002,20.07008,1.3,1.4
10.08.2021 00:57:43.257,20.07702,20.07018,1,1.3
10.08.2021 00:57:44.186,20.07702,20.07018,1.3,1.3
10.08.2021 00:57:47.602,20.077720000000003,20.07018,1.55,1.65
10.08.2021 00:57:48.729,20.077720000000003,20.07058,1.55,1
10.08.2021 00:58:02.318,20.077520000000003,20.07006,1.3,1.65
10.08.2021 00:58:02.778,20.07712,20.07006,1.3,1.65
10.08.2021 00:58:03.635,20.076620000000002,20.07006,1.3,1.65
10.08.2021 00:58:03.736,20.077620000000003,20.07006,1.3,1.65
10.08.2021 00:58:03.787,20.077620000000003,20.07006,1.3,1.65
10.08.2021 00:58:04.540,20.077520000000003,20.07028,1.3,1.65
10.08.2021 00:58:08.760,20.077520000000003,20.07028,1.3,1.65
10.08.2021 00:58:09.867,20.077520000000003,20.07028,1.3,1.65
10.08.2021 00:58:10.515,20.077320000000004,20.07006,1.3,1.65
10.08.2021 00:58:11.415,20.076620000000002,20.07006,1,1.65
10.08.2021 00:58:11.522,20.076620000000002,20.07006,1.3,1.65
10.08.2021 00:58:20.624,20.076620000000002,20.071060000000003,1.3,1
10.08.2021 00:58:21.815,20.07669,20.071060000000003,1,1
10.08.2021 00:58:40.258,20.07725,20.07006,1.3,1.65
10.08.2021 00:58:40.314,20.07725,20.07006,1.3,1.65
10.08.2021 00:58:41.283,20.076520000000002,20.070670000000003,1.3,1
10.08.2021 00:58:57.795,20.076520000000002,20.070670000000003,1.3,1.1
10.08.2021 00:58:58.606,20.07708,20.070670000000003,1,1.1
10.08.2021 00:58:59.582,20.07708,20.070670000000003,1,1
10.08.2021 00:59:06.591,20.07708,20.070670000000003,1.3,1
10.08.2021 00:59:07.111,20.07692,20.070670000000003,1.3,1
10.08.2021 00:59:08.485,20.07708,20.070670000000003,1,1.1
10.08.2021 00:59:09.025,20.07708,20.070670000000003,1,1
10.08.2021 00:59:09.785,20.07708,20.07078,1,1
10.08.2021 00:59:11.394,20.07708,20.070670000000003,1,1
10.08.2021 00:59:12.105,20.07708,20.070670000000003,1.3,1.3
10.08.2021 00:59:16.078,20.07708,20.070670000000003,1.3,1.3
10.08.2021 00:59:20.720,20.076410000000003,20.070770000000003,1,1.3
10.08.2021 00:59:35.358,20.07705,20.070310000000003,1.3,1.3
10.08.2021 00:59:42.165,20.075770000000002,20.06989,1,1.3
10.08.2021 00:59:42.266,20.075770000000002,20.06961,1.3,1
10.08.2021 00:59:42.368,20.075770000000002,20.06961,1.3,1
10.08.2021 00:59:42.616,20.075770000000002,20.06961,1,1
10.08.2021 00:59:43.347,20.075770000000002,20.06961,1.3,1
10.08.2021 00:59:46.253,20.07552,20.06961,1.3,1
10.08.2021 00:59:54.480,20.07552,20.06922,1.3,1
10.08.2021 01:00:00.075,20.07552,20.069760000000002,1.3,1
10.08.2021 01:00:00.471,20.07562,20.069760000000002,1.3,1
10.08.2021 01:00:02.214,20.074710000000003,20.06884,1,1.3
10.08.2021 01:00:02.315,20.074710000000003,20.06884,1.3,1
10.08.2021 01:00:02.673,20.074710000000003,20.06884,1.3,1
10.08.2021 01:00:03.239,20.07422,20.06884,1.3,1
10.08.2021 01:00:12.383,20.07422,20.06884,1,1
10.08.2021 01:00:14.587,20.07392,20.06884,1.3,1
10.08.2021 01:00:14.707,20.07392,20.068450000000002,1.3,1
10.08.2021 01:00:16.503,20.07372,20.068450000000002,1.3,1
10.08.2021 01:00:16.799,20.07372,20.068450000000002,1,1
10.08.2021 01:00:27.642,20.07392,20.068450000000002,1.3,1
10.08.2021 01:00:34.842,20.07422,20.068450000000002,1.3,1
10.08.2021 01:00:35.981,20.07422,20.068450000000002,1.3,1
10.08.2021 01:00:40.007,20.07422,20.06884,1.3,1
10.08.2021 01:00:44.053,20.075110000000002,20.06988,1.3,1
10.08.2021 01:00:44.154,20.07548,20.06988,1,1
10.08.2021 01:00:44.956,20.07429,20.06961,1,1
10.08.2021 01:00:45.007,20.07461,20.06961,1.5,1
10.08.2021 01:00:45.523,20.07461,20.06961,1,1
10.08.2021 01:00:51.093,20.073710000000002,20.06804,1,1.6
10.08.2021 01:00:51.143,20.073710000000002,20.06804,1,1
10.08.2021 01:00:51.702,20.073710000000002,20.06804,1.3,1
10.08.2021 01:00:52.315,20.073710000000002,20.06804,1.3,1
10.08.2021 01:00:54.118,20.073710000000002,20.06804,1,1
10.08.2021 01:00:54.825,20.073710000000002,20.06804,1.4,1
10.08.2021 01:00:54.926,20.073710000000002,20.06804,1.7,1
10.08.2021 01:01:08.593,20.07376,20.06804,1.6,1
10.08.2021 01:01:09.443,20.07409,20.06771,2.2,1
10.08.2021 01:01:09.643,20.07409,20.06771,2.2,1
10.08.2021 01:01:11.032,20.07409,20.06765,1.7,1
10.08.2021 01:01:20.240,20.07409,20.06765,1.7,1
10.08.2021 01:01:20.291,20.07288,20.06719,1,1
10.08.2021 01:01:20.342,20.07288,20.06719,1.3,1
10.08.2021 01:01:21.446,20.07229,20.06719,1,1
10.08.2021 01:01:21.547,20.07229,20.06719,1.3,1
10.08.2021 01:01:21.919,20.07288,20.06719,1.3,1
10.08.2021 01:01:22.021,20.07288,20.06719,1.3,1
10.08.2021 01:01:24.328,20.07288,20.06719,1.6,1
10.08.2021 01:01:30.162,20.07288,20.06719,1.6,1
10.08.2021 01:01:31.500,20.07319,20.06681,2.1,1
10.08.2021 01:01:31.776,20.07319,20.06681,2.1,1
10.08.2021 01:01:31.877,20.07319,20.066360000000003,1.6,1
10.08.2021 01:01:33.310,20.07319,20.066360000000003,1.7,1
10.08.2021 01:01:37.493,20.07319,20.066360000000003,1.7,1
10.08.2021 01:01:38.597,20.07109,20.066360000000003,1,1
10.08.2021 01:01:38.698,20.07,20.06481,1,1.8
10.08.2021 01:01:38.749,20.07,20.064310000000003,1,1
10.08.2021 01:01:39.901,20.07,20.064310000000003,1.3,1
10.08.2021 01:01:43.807,20.07091,20.065220000000004,1.6,1
10.08.2021 01:01:43.908,20.07091,20.065220000000004,1.6,1
10.08.2021 01:01:44.009,20.07091,20.065220000000004,1.6,1
10.08.2021 01:01:44.317,20.07091,20.065220000000004,1.6,1
10.08.2021 01:01:47.341,20.07004,20.06435,1.3,1
10.08.2021 01:01:47.939,20.07004,20.06435,1.6,1
10.08.2021 01:01:48.469,20.07004,20.06435,1.3,1
10.08.2021 01:01:53.553,20.07004,20.06435,1.6,1
10.08.2021 01:01:54.448,20.07004,20.06435,1.6,1
10.08.2021 01:01:54.549,20.07004,20.06435,1.6,1
10.08.2021 01:02:02.588,20.07019,20.063860000000002,1.6,1
10.08.2021 01:02:02.838,20.07019,20.06408,1.6,1
10.08.2021 01:02:02.944,20.07019,20.06408,1.6,1
10.08.2021 01:02:05.642,20.06935,20.06318,1,1
10.08.2021 01:02:05.743,20.06935,20.06318,1.3,1
10.08.2021 01:02:05.998,20.06935,20.06318,1,1
10.08.2021 01:02:11.540,20.06935,20.06328,1,1
10.08.2021 01:02:17.987,20.06935,20.06443,1,1
10.08.2021 01:02:18.088,20.07019,20.06501,1.6,1.5
10.08.2021 01:02:18.189,20.07019,20.064600000000002,1.3,1.3
10.08.2021 01:02:18.240,20.07019,20.064600000000002,1.6,1
10.08.2021 01:02:18.291,20.069370000000003,20.06378,1,1.3
10.08.2021 01:02:18.392,20.069370000000003,20.06378,1,1
10.08.2021 01:02:18.544,20.069370000000003,20.063860000000002,1,1
10.08.2021 01:02:18.645,20.069370000000003,20.06398,1,1
10.08.2021 01:02:19.029,20.069370000000003,20.06406,1,1
10.08.2021 01:02:19.136,20.069370000000003,20.06418,1,1
10.08.2021 01:02:25.103,20.07036,20.065610000000003,1.85,1
10.08.2021 01:02:25.204,20.07124,20.065810000000003,1,1
10.08.2021 01:02:25.305,20.07124,20.06556,1.5,1.3
10.08.2021 01:02:25.406,20.07035,20.064670000000003,1,1
10.08.2021 01:02:25.557,20.07035,20.064670000000003,1.3,1
10.08.2021 01:02:26.576,20.07035,20.064670000000003,1,1
10.08.2021 01:02:31.072,20.07035,20.064670000000003,1.3,1
10.08.2021 01:02:34.328,20.07035,20.064670000000003,1.3,1
10.08.2021 01:02:34.692,20.07035,20.064670000000003,1.3,1
10.08.2021 01:02:35.296,20.07035,20.06519,1.3,1
10.08.2021 01:02:35.398,20.071270000000002,20.06559,1.3,1
10.08.2021 01:02:35.449,20.071270000000002,20.06559,1,1
10.08.2021 01:02:39.544,20.071270000000002,20.06559,1.3,1
10.08.2021 01:02:46.066,20.07037,20.06488,1,1
10.08.2021 01:02:48.455,20.07094,20.06671,1.3,1
10.08.2021 01:02:48.556,20.072270000000003,20.06671,1,1
10.08.2021 01:02:49.611,20.072270000000003,20.06718,1,1
10.08.2021 01:02:51.757,20.072270000000003,20.06698,1,1.3
10.08.2021 01:02:58.027,20.072270000000003,20.06698,1,1.3
10.08.2021 01:02:59.018,20.072660000000003,20.06728,1,1
10.08.2021 01:03:13.749,20.07376,20.06728,1.55,1.25
10.08.2021 01:03:13.965,20.07376,20.06758,1.55,1.25
10.08.2021 01:03:19.899,20.07279,20.06758,1,1.25
10.08.2021 01:03:20.098,20.07224,20.06758,1,1
10.08.2021 01:03:27.448,20.07224,20.06746,1,1
10.08.2021 01:03:27.499,20.07224,20.06738,1,1
10.08.2021 01:03:40.370,20.07263,20.06738,1,1
10.08.2021 01:03:40.863,20.07263,20.06708,1,1
10.08.2021 01:03:49.050,20.07261,20.06708,1,1
10.08.2021 01:03:59.162,20.073,20.06708,1.3,1
10.08.2021 01:03:59.434,20.073,20.06708,1,1
10.08.2021 01:04:20.285,20.073,20.06696,1,1
10.08.2021 01:04:20.336,20.073,20.06678,1,1
10.08.2021 01:04:32.505,20.073,20.06678,1.3,1
10.08.2021 01:04:43.046,20.073,20.06678,1.3,1.3
10.08.2021 01:04:45.358,20.073,20.06678,1.3,1
10.08.2021 01:04:45.776,20.073,20.06658,1.3,1.3
10.08.2021 01:04:48.472,20.07173,20.06608,1,1
10.08.2021 01:04:49.232,20.07173,20.06608,1,1.3
10.08.2021 01:04:51.394,20.07173,20.06621,1,1.4
10.08.2021 01:04:55.995,20.07173,20.06621,1,1
10.08.2021 01:04:59.663,20.07212,20.06569,1,1.4
10.08.2021 01:04:59.764,20.07212,20.06569,1,1.4
10.08.2021 01:04:59.872,20.07212,20.06569,1.3,1.4
10.08.2021 01:04:59.973,20.07212,20.06569,1,1.1
10.08.2021 01:05:00.125,20.07212,20.06569,1,1.4
10.08.2021 01:05:00.226,20.07209,20.06569,1,1.4
10.08.2021 01:05:00.474,20.07212,20.06569,1,1.4
10.08.2021 01:05:01.141,20.07173,20.06603,1,1.3
10.08.2021 01:05:03.267,20.07173,20.06603,1,1.3
10.08.2021 01:05:03.318,20.07173,20.06603,1,1.4
10.08.2021 01:05:03.419,20.072070000000004,20.06621,1,1.1
10.08.2021 01:05:10.202,20.072070000000004,20.06628,1,1
10.08.2021 01:05:10.252,20.072070000000004,20.06638,1,1
10.08.2021 01:05:10.386,20.071710000000003,20.06638,1,1.1
10.08.2021 01:05:11.757,20.071710000000003,20.066679999999998,1,1
10.08.2021 01:05:14.321,20.071710000000003,20.066679999999998,1,1.3
10.08.2021 01:05:18.368,20.071710000000003,20.066110000000002,1,1.1
10.08.2021 01:05:29.903,20.072100000000002,20.066010000000002,1,1.3
10.08.2021 01:05:30.004,20.07189,20.065640000000002,1,1.4
10.08.2021 01:05:30.156,20.07189,20.065640000000002,1,1.1
10.08.2021 01:05:30.207,20.07179,20.065640000000002,1,1.1
10.08.2021 01:05:30.676,20.072100000000002,20.065640000000002,1,1.1
10.08.2021 01:05:30.934,20.072100000000002,20.065640000000002,1,1.4
10.08.2021 01:05:31.035,20.07189,20.065640000000002,1,1.4
10.08.2021 01:05:31.187,20.07189,20.065640000000002,1,1.1
10.08.2021 01:05:32.702,20.071710000000003,20.06621,1,1.1
10.08.2021 01:05:32.809,20.071710000000003,20.06621,1,1.1
10.08.2021 01:05:34.995,20.071710000000003,20.06621,1,1.1
10.08.2021 01:05:38.406,20.071710000000003,20.06608,1,1
10.08.2021 01:05:38.457,20.071710000000003,20.06603,1,1
10.08.2021 01:05:39.549,20.071710000000003,20.06603,1,1.1
10.08.2021 01:05:42.329,20.071710000000003,20.06603,1,1.4
10.08.2021 01:05:42.380,20.071710000000003,20.06603,1,1.4
10.08.2021 01:05:44.701,20.071710000000003,20.06603,1,1.3
10.08.2021 01:05:46.136,20.071710000000003,20.06603,1,1.1
10.08.2021 01:05:46.289,20.071710000000003,20.06603,1,1.4
10.08.2021 01:05:46.609,20.071710000000003,20.06603,1,1.4
10.08.2021 01:05:48.465,20.072270000000003,20.06659,1,1
10.08.2021 01:05:55.637,20.07179,20.06659,1,1
10.08.2021 01:06:01.933,20.07199,20.06659,1,1
10.08.2021 01:06:02.397,20.072270000000003,20.06659,1.3,1
10.08.2021 01:06:02.497,20.072270000000003,20.06659,1,1
10.08.2021 01:06:18.025,20.072660000000003,20.06628,1,1
10.08.2021 01:06:20.983,20.07349,20.06616,1.55,1
10.08.2021 01:06:27.786,20.07349,20.06566,1.55,1.65
10.08.2021 01:06:27.836,20.072660000000003,20.066200000000002,1,1
10.08.2021 01:06:33.107,20.072660000000003,20.06621,1,1
10.08.2021 01:06:33.726,20.072660000000003,20.066200000000002,1,1
10.08.2021 01:06:47.918,20.07349,20.06566,1.55,1.65
10.08.2021 01:06:48.256,20.07349,20.06566,1.55,1.65
10.08.2021 01:06:48.899,20.072360000000003,20.06671,1,1
10.08.2021 01:07:02.865,20.07349,20.06556,1.55,1.65
10.08.2021 01:07:03.209,20.07349,20.06556,1.55,1.65
10.08.2021 01:07:14.103,20.07199,20.06671,1,1
10.08.2021 01:07:15.834,20.07148,20.06584,1,1
10.08.2021 01:07:15.935,20.07148,20.06584,1.3,1
10.08.2021 01:07:16.137,20.07148,20.06584,1.3,1
10.08.2021 01:07:19.723,20.07148,20.06584,1.3,1
10.08.2021 01:07:26.347,20.070600000000002,20.064960000000003,1.3,1
10.08.2021 01:07:33.331,20.070600000000002,20.064960000000003,1,1
10.08.2021 01:07:38.638,20.070600000000002,20.064960000000003,1.3,1
10.08.2021 01:07:39.550,20.071550000000002,20.065910000000002,1.3,2.25
10.08.2021 01:07:39.651,20.071550000000002,20.065910000000002,1,1.1
10.08.2021 01:07:40.628,20.071550000000002,20.065910000000002,1.3,1
10.08.2021 01:07:42.102,20.070670000000003,20.06503,1,1
10.08.2021 01:07:48.489,20.070670000000003,20.06503,1.3,1
10.08.2021 01:07:51.508,20.070670000000003,20.06503,1,1
10.08.2021 01:07:58.913,20.07187,20.06273,1.15,1.65
10.08.2021 01:08:05.291,20.07175,20.06273,1.15,1.65
10.08.2021 01:08:09.994,20.07175,20.063010000000002,1.15,1.55
10.08.2021 01:08:37.921,20.07124,20.063010000000002,1.3,1.55
10.08.2021 01:08:42.135,20.07124,20.06391,1.3,1
10.08.2021 01:08:42.185,20.070220000000003,20.06458,1,1
10.08.2021 01:08:57.001,20.07079,20.06311,1.3,1.55
10.08.2021 01:09:03.012,20.070220000000003,20.06521,1,1
10.08.2021 01:09:03.307,20.07048,20.064610000000002,1.25,1.55
10.08.2021 01:09:03.851,20.07048,20.064610000000002,1.25,1.55
10.08.2021 01:09:09.672,20.07048,20.06541,1,1
10.08.2021 01:09:09.773,20.07048,20.06541,1,1.4
10.08.2021 01:09:10.848,20.071360000000002,20.065510000000003,1,1.4
10.08.2021 01:09:11.286,20.07226,20.06609,1.3,1.1
10.08.2021 01:09:11.393,20.07226,20.06609,1,1.1
10.08.2021 01:09:12.266,20.07226,20.06609,1,1.1
10.08.2021 01:09:12.316,20.07226,20.06621,1,1
10.08.2021 01:09:12.417,20.07226,20.06631,1,1
10.08.2021 01:09:19.520,20.07226,20.06621,1,1
10.08.2021 01:09:19.621,20.072360000000003,20.06621,1,1
10.08.2021 01:09:19.918,20.072360000000003,20.066000000000003,1,1.1
10.08.2021 01:09:21.496,20.072360000000003,20.066000000000003,1,1
10.08.2021 01:09:24.912,20.072360000000003,20.066000000000003,1,1.1
10.08.2021 01:09:25.034,20.072020000000002,20.066360000000003,1,1
10.08.2021 01:09:37.078,20.073610000000002,20.06621,1.65,1
10.08.2021 01:09:37.329,20.07349,20.06621,1.55,1
10.08.2021 01:09:38.570,20.07349,20.06621,1.3,1
10.08.2021 01:09:43.062,20.07349,20.06621,1.55,1
10.08.2021 01:09:45.982,20.07369,20.066110000000002,1.65,1
10.08.2021 01:10:11.533,20.07231,20.06665,1,1
10.08.2021 01:10:14.834,20.07231,20.06665,1.3,1
10.08.2021 01:10:15.302,20.07231,20.06665,1,1
10.08.2021 01:10:20.594,20.07269,20.06631,1,1
10.08.2021 01:10:21.546,20.0727,20.06628,1,1
10.08.2021 01:10:22.999,20.0727,20.06628,1,1.3
10.08.2021 01:10:56.809,20.0727,20.066260000000003,1,1
10.08.2021 01:10:57.308,20.07069,20.06665,1,1
10.08.2021 01:10:57.358,20.07019,20.065520000000003,1.25,1.3
10.08.2021 01:10:57.409,20.07029,20.06491,1.25,1.55
10.08.2021 01:10:57.560,20.07029,20.06521,1.75,1
10.08.2021 01:10:58.742,20.07029,20.064890000000002,1,1
10.08.2021 01:10:58.843,20.07029,20.064890000000002,1.3,1
10.08.2021 01:11:03.890,20.07029,20.064890000000002,1,1
10.08.2021 01:11:04.967,20.07079,20.064890000000002,1.4,1
10.08.2021 01:11:05.018,20.07095,20.06348,1.8,1.3
10.08.2021 01:11:05.069,20.07095,20.06348,1.8,1.3
10.08.2021 01:11:06.004,20.07095,20.06501,1.8,1.25
10.08.2021 01:11:06.105,20.07159,20.06456,1.3,1.5
10.08.2021 01:11:06.156,20.07199,20.06456,1.8,1.8
10.08.2021 01:11:07.392,20.07199,20.06456,1.8,1.8
10.08.2021 01:11:14.335,20.07199,20.06456,1.65,1.8
10.08.2021 01:11:16.236,20.07199,20.06456,1.65,1.8
10.08.2021 01:11:16.744,20.072029999999998,20.06521,1.4,1
10.08.2021 01:11:16.845,20.072029999999998,20.06521,1.4,1.1
10.08.2021 01:11:16.997,20.072029999999998,20.06521,1.3,1.4
10.08.2021 01:11:18.733,20.072029999999998,20.06568,1.3,1
10.08.2021 01:11:38.445,20.07243,20.06568,1.3,1.75
10.08.2021 01:11:41.348,20.07199,20.06568,1.3,1
10.08.2021 01:11:54.576,20.07199,20.06556,1.3,1.3
10.08.2021 01:12:01.323,20.07243,20.06538,1.3,1.3
10.08.2021 01:12:02.418,20.07199,20.064960000000003,1.25,1.3
10.08.2021 01:12:02.555,20.07166,20.06549,1,1
10.08.2021 01:12:28.077,20.07243,20.064960000000003,1.9,1.3
10.08.2021 01:12:57.376,20.07243,20.064960000000003,1.9,1.3
10.08.2021 01:13:01.465,20.07243,20.064960000000003,1.6,1
10.08.2021 01:13:12.719,20.07209,20.064220000000002,1.5,1.1
10.08.2021 01:13:16.759,20.0716,20.06549,1,1
10.08.2021 01:13:16.810,20.0716,20.06543,1,1
10.08.2021 01:13:36.350,20.0716,20.06543,1.3,1.3
10.08.2021 01:13:44.237,20.0716,20.06543,1,1
10.08.2021 01:13:44.332,20.0716,20.06543,1.3,1
10.08.2021 01:13:51.190,20.0716,20.06543,1,1
10.08.2021 01:13:52.529,20.07224,20.064960000000003,1.9,1.3
10.08.2021 01:13:52.767,20.07224,20.064960000000003,1.9,1.3
10.08.2021 01:14:17.031,20.071550000000002,20.06538,1,1.3
10.08.2021 01:14:54.945,20.07224,20.064960000000003,1.3,1.3
10.08.2021 01:15:00.499,20.07199,20.064960000000003,1,1.3
10.08.2021 01:15:01.288,20.07307,20.06737,1.3,1
10.08.2021 01:15:01.389,20.07369,20.06828,1.3,1.25
10.08.2021 01:15:01.440,20.07369,20.06828,1.3,1.25
10.08.2021 01:15:01.591,20.07311,20.06739,1,1.3
10.08.2021 01:15:02.850,20.07311,20.06739,1,1.3
10.08.2021 01:15:03.010,20.07309,20.06739,1,1.3
10.08.2021 01:15:03.111,20.07269,20.06739,1,1
10.08.2021 01:15:05.429,20.07209,20.0665,1,1.3
10.08.2021 01:15:05.957,20.07222,20.0665,1,1.3
10.08.2021 01:15:06.058,20.07222,20.0665,1,1.3
10.08.2021 01:15:07.683,20.07222,20.0665,1,1.4
10.08.2021 01:15:07.834,20.07199,20.0665,1,1.3
10.08.2021 01:15:07.935,20.07222,20.0665,1,1
10.08.2021 01:15:10.274,20.07222,20.0665,1,1.1
10.08.2021 01:15:10.375,20.07222,20.0665,1,1.4
10.08.2021 01:15:13.288,20.07222,20.0665,1,1
10.08.2021 01:15:13.540,20.07222,20.0665,1,1.3
10.08.2021 01:15:13.766,20.07222,20.0665,1,1
10.08.2021 01:15:14.558,20.07222,20.0665,1,1.3
10.08.2021 01:15:14.744,20.07222,20.0665,1,1
10.08.2021 01:15:15.537,20.07222,20.0665,1,1.3
10.08.2021 01:15:16.112,20.073020000000003,20.06738,1.3,1
10.08.2021 01:15:16.163,20.073020000000003,20.06738,1,1
10.08.2021 01:15:16.266,20.07311,20.06738,1,1
10.08.2021 01:15:16.515,20.07311,20.067510000000002,1,1
10.08.2021 01:15:16.566,20.07311,20.067410000000002,1,1.1
10.08.2021 01:15:24.922,20.072200000000002,20.06648,1,1.9
10.08.2021 01:15:25.023,20.072200000000002,20.06648,1,1.1
10.08.2021 01:15:25.447,20.072200000000002,20.06648,1,1
10.08.2021 01:15:26.241,20.072200000000002,20.06661,1,1.1
10.08.2021 01:15:26.292,20.072570000000002,20.06671,1,1.1
10.08.2021 01:15:26.343,20.072570000000002,20.06671,1,1.1
10.08.2021 01:15:27.235,20.072570000000002,20.06645,1,1.4
10.08.2021 01:15:27.336,20.072570000000002,20.06645,1,1.4
10.08.2021 01:15:28.427,20.072570000000002,20.06645,1,1.4
10.08.2021 01:15:30.311,20.072570000000002,20.06645,1,1.3
10.08.2021 01:15:30.463,20.072570000000002,20.06645,1,1.3
10.08.2021 01:15:46.991,20.072570000000002,20.06645,1.3,1.1
10.08.2021 01:16:00.233,20.072960000000002,20.06645,1.3,1.1
10.08.2021 01:16:00.334,20.072200000000002,20.06671,1,1.1
10.08.2021 01:16:01.559,20.072200000000002,20.06661,1,1.1
10.08.2021 01:16:03.268,20.072200000000002,20.06701,1,1
10.08.2021 01:16:12.876,20.072200000000002,20.06691,1,1
10.08.2021 01:16:14.158,20.072200000000002,20.06681,1,1
10.08.2021 01:16:15.801,20.072200000000002,20.06671,1,1
10.08.2021 01:16:15.952,20.072200000000002,20.066679999999998,1,1
10.08.2021 01:16:16.003,20.072200000000002,20.066570000000002,1,1
10.08.2021 01:16:24.226,20.072200000000002,20.066570000000002,1,1.1
10.08.2021 01:16:24.698,20.072200000000002,20.066570000000002,1,1
10.08.2021 01:16:24.956,20.07239,20.066750000000003,1,1
10.08.2021 01:16:37.750,20.073150000000002,20.06645,1.3,1.4
10.08.2021 01:17:04.058,20.073150000000002,20.06645,1.3,1.3
10.08.2021 01:17:08.637,20.07139,20.066750000000003,1,1
10.08.2021 01:17:08.687,20.07149,20.066750000000003,1,1
10.08.2021 01:17:08.738,20.07149,20.066750000000003,1.3,1
10.08.2021 01:17:10.608,20.07239,20.066750000000003,1,1
10.08.2021 01:17:24.177,20.07239,20.066750000000003,1,1.1
10.08.2021 01:17:24.278,20.07239,20.066750000000003,1,1.1
10.08.2021 01:17:24.965,20.072490000000002,20.066850000000002,1,1.1
10.08.2021 01:17:26.084,20.072490000000002,20.066850000000002,1,1.1
10.08.2021 01:17:28.875,20.072490000000002,20.066850000000002,1,1
10.08.2021 01:17:38.959,20.07288,20.066460000000003,1.3,1.1
10.08.2021 01:17:40.075,20.07288,20.06678,1.3,1
10.08.2021 01:17:40.176,20.07288,20.06648,1.3,1.1
10.08.2021 01:17:40.750,20.07288,20.06648,1.3,1.1
10.08.2021 01:17:41.117,20.07288,20.06648,1.3,1
10.08.2021 01:17:45.177,20.07209,20.06651,1,1
10.08.2021 01:17:45.228,20.072490000000002,20.066850000000002,1,1
10.08.2021 01:17:54.537,20.072490000000002,20.066860000000002,1,1
10.08.2021 01:17:54.588,20.072490000000002,20.06698,1,1
10.08.2021 01:17:55.186,20.072490000000002,20.066850000000002,1,1
10.08.2021 01:17:58.604,20.07288,20.066460000000003,1.3,1
10.08.2021 01:17:58.679,20.07288,20.066460000000003,1.3,1.3
10.08.2021 01:18:02.714,20.07288,20.066460000000003,1.3,1
10.08.2021 01:18:13.338,20.073050000000002,20.06606,1.3,1.3
10.08.2021 01:18:16.753,20.072490000000002,20.06606,1,1.3
10.08.2021 01:18:17.124,20.07259,20.06606,1,1.3
10.08.2021 01:18:17.275,20.073050000000002,20.06606,1.3,1.3
10.08.2021 01:18:24.236,20.073050000000002,20.06621,1.3,1
10.08.2021 01:18:24.821,20.073050000000002,20.06606,1.3,1.3
10.08.2021 01:18:25.051,20.072490000000002,20.06678,1,1
10.08.2021 01:18:39.734,20.07311,20.06606,1.3,1.4
10.08.2021 01:18:45.080,20.072820000000004,20.066390000000002,1.3,1
10.08.2021 01:18:48.253,20.07259,20.066390000000002,1,1
10.08.2021 01:18:48.405,20.072490000000002,20.06678,1.25,1.25
10.08.2021 01:18:48.506,20.07209,20.06678,1,1
10.08.2021 01:18:49.903,20.07199,20.06678,1,1
10.08.2021 01:18:52.155,20.07189,20.06678,1,1
10.08.2021 01:18:55.000,20.07199,20.06678,1,1
10.08.2021 01:18:55.101,20.07199,20.06678,1.3,1
10.08.2021 01:19:01.320,20.07199,20.06678,1.3,1
10.08.2021 01:19:02.850,20.06969,20.06539,1,1.55
10.08.2021 01:19:02.901,20.071640000000002,20.06549,1.25,1.65
10.08.2021 01:19:03.002,20.071640000000002,20.066010000000002,1,1
10.08.2021 01:19:03.204,20.071640000000002,20.066110000000002,1,1
10.08.2021 01:19:03.355,20.071640000000002,20.06641,1,1
10.08.2021 01:19:06.811,20.071640000000002,20.06671,1,1
10.08.2021 01:19:06.863,20.071640000000002,20.06661,1,1
10.08.2021 01:19:08.192,20.071640000000002,20.06608,1,1.3
10.08.2021 01:19:08.446,20.071640000000002,20.066110000000002,1,1
10.08.2021 01:19:08.835,20.071640000000002,20.066010000000002,1,1
10.08.2021 01:19:09.013,20.071640000000002,20.06588,1,1.3
10.08.2021 01:19:09.064,20.071640000000002,20.066010000000002,1,1.3
10.08.2021 01:19:09.165,20.071640000000002,20.066110000000002,1,1
10.08.2021 01:19:09.511,20.071640000000002,20.066010000000002,1,1
10.08.2021 01:19:11.418,20.071640000000002,20.066110000000002,1,1
10.08.2021 01:19:12.445,20.071640000000002,20.066010000000002,1,1
10.08.2021 01:19:14.454,20.071640000000002,20.066110000000002,1,1
10.08.2021 01:19:15.710,20.071640000000002,20.06588,1,1.3
10.08.2021 01:19:15.761,20.071640000000002,20.066010000000002,1,1
10.08.2021 01:19:15.864,20.071640000000002,20.06588,1,1.3
10.08.2021 01:19:16.726,20.071640000000002,20.066010000000002,1,1
10.08.2021 01:19:19.580,20.071640000000002,20.066010000000002,1,1.3
10.08.2021 01:19:24.309,20.071640000000002,20.066010000000002,1,1.3
10.08.2021 01:19:36.410,20.07262,20.06645,2.55,1
10.08.2021 01:19:36.521,20.07262,20.06645,2.55,1
10.08.2021 01:19:37.411,20.07262,20.06645,1.3,1
10.08.2021 01:19:37.570,20.07262,20.06651,1.3,1
10.08.2021 01:19:49.031,20.07235,20.06688,1,1
10.08.2021 01:19:49.132,20.07235,20.06691,1,1
10.08.2021 01:19:55.926,20.07235,20.066679999999998,1,1
10.08.2021 01:20:12.250,20.07274,20.06658,1.25,1
10.08.2021 01:20:14.154,20.07274,20.066760000000002,1.25,1
10.08.2021 01:20:14.308,20.07274,20.06688,1.25,1
10.08.2021 01:20:36.417,20.0726,20.06708,1,1
10.08.2021 01:20:37.587,20.0726,20.06746,1,1
10.08.2021 01:20:37.688,20.0726,20.06758,1,1
10.08.2021 01:20:39.900,20.0726,20.06718,1,1
10.08.2021 01:20:46.613,20.0726,20.06728,1,1
10.08.2021 01:20:53.053,20.07139,20.066950000000002,1,1
10.08.2021 01:20:53.154,20.069760000000002,20.0649,1,1.8
10.08.2021 01:20:53.205,20.069760000000002,20.064110000000003,1,1.3
10.08.2021 01:20:53.781,20.069760000000002,20.064110000000003,1,1
10.08.2021 01:20:54.514,20.06969,20.064110000000003,1.3,1
10.08.2021 01:20:54.615,20.06969,20.064110000000003,1.3,1
10.08.2021 01:20:54.766,20.06969,20.064110000000003,1.3,1
10.08.2021 01:21:19.649,20.06969,20.063720000000004,1.3,1.5
10.08.2021 01:21:20.084,20.06969,20.063460000000003,1.3,1.25
10.08.2021 01:21:20.188,20.06969,20.063460000000003,1.3,1.25
10.08.2021 01:21:21.320,20.069490000000002,20.06311,1,1
10.08.2021 01:21:21.421,20.069490000000002,20.06311,1.3,1
10.08.2021 01:21:26.365,20.069490000000002,20.062910000000002,1.3,1.25
10.08.2021 01:21:27.045,20.06942,20.062910000000002,1.3,1.25
10.08.2021 01:21:29.263,20.06942,20.06311,1.3,1.25
10.08.2021 01:21:29.725,20.06942,20.06311,1.3,1.25
10.08.2021 01:21:30.192,20.06942,20.06311,1.3,1.25
10.08.2021 01:21:33.546,20.06942,20.062910000000002,1.3,1.25
10.08.2021 01:21:51.487,20.06908,20.063260000000003,1.3,1
10.08.2021 01:21:51.770,20.06908,20.063260000000003,1,1
10.08.2021 01:22:00.935,20.06908,20.063260000000003,1.75,1
10.08.2021 01:22:02.544,20.068920000000002,20.063260000000003,1,1
10.08.2021 01:22:21.285,20.06945,20.063010000000002,1.55,1
10.08.2021 01:22:21.387,20.06868,20.063010000000002,1,2.25
10.08.2021 01:22:24.070,20.06868,20.063010000000002,1.3,1
10.08.2021 01:22:41.287,20.06945,20.06243,1.55,1.35
10.08.2021 01:22:41.506,20.06945,20.06311,1.55,1
10.08.2021 01:22:48.598,20.06945,20.06311,1.55,1
10.08.2021 01:22:58.710,20.06868,20.06321,1,1
10.08.2021 01:23:00.565,20.06955,20.06521,1.3,1
10.08.2021 01:23:00.666,20.06955,20.06521,1,1
10.08.2021 01:23:01.074,20.06955,20.06388,1,1.7
10.08.2021 01:23:01.331,20.06955,20.06388,1,1
10.08.2021 01:23:04.336,20.06955,20.06388,1.3,1
10.08.2021 01:23:06.991,20.06955,20.06388,1,1
10.08.2021 01:23:30.033,20.06955,20.06388,1.3,1
10.08.2021 01:23:31.030,20.07015,20.06361,1.55,1
10.08.2021 01:23:31.081,20.07015,20.06361,1.55,1
10.08.2021 01:23:32.014,20.07015,20.06313,1.55,1.65
10.08.2021 01:23:32.849,20.07015,20.06313,1.55,1.35
10.08.2021 01:23:33.039,20.07015,20.06313,1.55,1.65
10.08.2021 01:23:34.020,20.07015,20.06313,1.55,1.35
10.08.2021 01:23:35.001,20.07015,20.06313,1.55,1.65
10.08.2021 01:23:37.893,20.07015,20.06313,1.55,1.35
10.08.2021 01:23:56.036,20.07004,20.06313,1,1.65
10.08.2021 01:24:00.582,20.06921,20.063560000000003,1.75,1
10.08.2021 01:24:03.700,20.06921,20.063560000000003,1,1
10.08.2021 01:24:16.908,20.06905,20.063560000000003,1,1
10.08.2021 01:24:17.183,20.068920000000002,20.063560000000003,1,1
10.08.2021 01:24:28.135,20.06875,20.063560000000003,1,1
10.08.2021 01:24:28.405,20.068620000000003,20.063560000000003,1,1
10.08.2021 01:24:29.273,20.068620000000003,20.063170000000003,1,1.3
10.08.2021 01:24:37.680,20.068920000000002,20.063170000000003,1,1.3
10.08.2021 01:24:47.344,20.06922,20.063170000000003,1,1.3
10.08.2021 01:25:02.699,20.069920000000003,20.06299,1.3,1.1
10.08.2021 01:25:02.944,20.07026,20.06299,1.05,1.1
10.08.2021 01:25:06.504,20.069920000000003,20.06299,1.3,1.1
10.08.2021 01:25:48.466,20.069920000000003,20.06299,1.3,1
10.08.2021 01:26:00.674,20.06935,20.063660000000002,1.3,1
10.08.2021 01:26:01.468,20.06935,20.063660000000002,1,1
10.08.2021 01:26:48.138,20.07019,20.06311,1.55,1.25
10.08.2021 01:26:50.613,20.07019,20.06311,1.8,1
10.08.2021 01:26:54.574,20.07019,20.06311,1.55,1.25
10.08.2021 01:27:00.815,20.069270000000003,20.06361,1,1
10.08.2021 01:27:32.730,20.07035,20.06246,1.55,1.65
10.08.2021 01:27:36.198,20.07035,20.06501,1.55,1
10.08.2021 01:27:36.299,20.06999,20.064510000000002,1.3,1.5
10.08.2021 01:27:36.351,20.06999,20.064510000000002,1,1.8
10.08.2021 01:27:36.452,20.070140000000002,20.06448,1,1.3
10.08.2021 01:27:36.553,20.070140000000002,20.06448,1.3,1
10.08.2021 01:27:48.482,20.070140000000002,20.064790000000002,1.3,1.5
10.08.2021 01:27:48.634,20.070140000000002,20.06448,1,1.5
10.08.2021 01:27:48.785,20.070140000000002,20.06448,1,1
10.08.2021 01:27:48.972,20.070140000000002,20.06448,1.3,1
10.08.2021 01:28:01.250,20.07059,20.06409,1.55,1.25
10.08.2021 01:28:03.034,20.07023,20.06448,1.3,1
10.08.2021 01:28:05.185,20.07023,20.06521,1.55,1
10.08.2021 01:28:05.287,20.07019,20.06468,1,1.3
10.08.2021 01:28:05.337,20.06979,20.064510000000002,1,1.8
10.08.2021 01:28:05.388,20.07019,20.06448,1.4,1
10.08.2021 01:28:06.405,20.07019,20.06448,1.3,1
10.08.2021 01:28:15.552,20.070520000000002,20.06409,1.3,1
10.08.2021 01:28:19.601,20.070120000000003,20.06409,1.3,1
10.08.2021 01:28:23.059,20.07023,20.06541,2.05,1.25
10.08.2021 01:28:23.161,20.07023,20.06541,1.25,1.25
10.08.2021 01:28:23.212,20.07059,20.06541,1.25,1.25
10.08.2021 01:28:23.262,20.06969,20.06541,1.25,1.25
10.08.2021 01:28:23.313,20.07019,20.06541,1.25,1.25
10.08.2021 01:28:23.414,20.07029,20.065360000000002,1,1
10.08.2021 01:28:23.464,20.07019,20.065360000000002,1,1
10.08.2021 01:28:23.515,20.07059,20.06541,1.25,1.25
10.08.2021 01:28:23.565,20.06969,20.06541,1.25,1.25
10.08.2021 01:28:23.616,20.070220000000003,20.06541,1.25,1.25
10.08.2021 01:28:24.136,20.070220000000003,20.06471,1,1.25
10.08.2021 01:28:24.237,20.070220000000003,20.06444,1.3,1
10.08.2021 01:28:29.670,20.070220000000003,20.06444,1.3,1
10.08.2021 01:28:34.779,20.07059,20.06405,1.55,1.25
10.08.2021 01:28:35.513,20.070220000000003,20.064610000000002,1.25,1.75
10.08.2021 01:28:41.853,20.070220000000003,20.06541,1,1
10.08.2021 01:28:41.954,20.070220000000003,20.06541,1.25,1.25
10.08.2021 01:28:42.055,20.070220000000003,20.065610000000003,1.25,1.25
10.08.2021 01:28:42.106,20.071060000000003,20.065610000000003,1.25,1.75
10.08.2021 01:28:42.209,20.070110000000003,20.064700000000002,1.5,1.8
10.08.2021 01:28:42.310,20.07019,20.06458,1.5,1.3
10.08.2021 01:28:42.411,20.07019,20.06458,1.8,1
10.08.2021 01:28:48.729,20.07019,20.06458,1,1.3
10.08.2021 01:28:50.986,20.07019,20.06466,1.25,1.05
10.08.2021 01:28:52.155,20.07019,20.06521,1,1
10.08.2021 01:28:53.606,20.07019,20.06541,1,1
10.08.2021 01:28:53.707,20.07019,20.06541,1.25,1.25
10.08.2021 01:28:54.390,20.07019,20.06541,1,1
10.08.2021 01:28:54.606,20.07019,20.06541,1,1.3
10.08.2021 01:28:55.386,20.07019,20.06521,1,1.3
10.08.2021 01:28:55.539,20.07019,20.06541,1,1
10.08.2021 01:28:55.640,20.07019,20.06541,1,1.3
10.08.2021 01:28:55.831,20.07019,20.06521,1,1.3
10.08.2021 01:28:55.938,20.07019,20.06521,1,1.3
10.08.2021 01:28:56.404,20.07019,20.06541,1,1
10.08.2021 01:28:56.556,20.07019,20.06521,1,1.3
10.08.2021 01:28:56.928,20.07019,20.06521,1,1.3
10.08.2021 01:28:59.524,20.07019,20.06541,1,1
10.08.2021 01:29:00.058,20.07163,20.0681,1.3,1
10.08.2021 01:29:00.161,20.07409,20.06921,1.72,1
10.08.2021 01:29:00.262,20.07401,20.06921,1,1
10.08.2021 01:29:05.201,20.07392,20.06921,1,1
10.08.2021 01:29:07.164,20.07392,20.06878,1,1.3
10.08.2021 01:29:07.266,20.07392,20.06878,1,1
10.08.2021 01:29:08.040,20.07392,20.06858,1,1
10.08.2021 01:29:08.248,20.07392,20.06868,1,1
10.08.2021 01:29:09.419,20.07392,20.068220000000004,1,1
10.08.2021 01:29:09.520,20.07392,20.068220000000004,1,1.3
10.08.2021 01:29:10.470,20.07392,20.06846,1,1.3
10.08.2021 01:29:21.484,20.07431,20.06858,1,1.3
10.08.2021 01:29:27.994,20.07539,20.06846,1.65,1.3
10.08.2021 01:29:28.680,20.07431,20.06838,1,1.3
10.08.2021 01:29:39.181,20.07431,20.06858,1,1.3
10.08.2021 01:29:55.399,20.07431,20.06828,1,1.3
10.08.2021 01:29:55.605,20.07369,20.06798,1,1.3
10.08.2021 01:29:55.706,20.07369,20.06798,1,1.3
10.08.2021 01:30:00.498,20.07369,20.067970000000003,1,1
10.08.2021 01:30:00.817,20.07349,20.067970000000003,1.25,1.25
10.08.2021 01:30:00.918,20.07274,20.067610000000002,1,1
10.08.2021 01:30:00.968,20.07274,20.06698,1,1.3
10.08.2021 01:30:01.019,20.07269,20.06698,1,1
10.08.2021 01:30:01.760,20.07274,20.06698,1,1
10.08.2021 01:30:02.067,20.072720000000004,20.06698,1,1
10.08.2021 01:30:02.499,20.072720000000004,20.06698,1.3,1
10.08.2021 01:30:02.909,20.07274,20.06698,1,1
10.08.2021 01:30:03.061,20.07274,20.0671,1,1
10.08.2021 01:30:03.112,20.07279,20.0671,1,1
10.08.2021 01:30:04.055,20.07279,20.0671,1,1.3
10.08.2021 01:30:04.336,20.07279,20.0671,1,1
10.08.2021 01:30:05.297,20.07279,20.0671,1.3,1
10.08.2021 01:30:09.182,20.07229,20.0671,1.3,1
10.08.2021 01:30:13.100,20.07279,20.0671,1,1
10.08.2021 01:30:13.302,20.07279,20.0671,1.3,1
10.08.2021 01:30:15.298,20.07279,20.0671,1.3,1
10.08.2021 01:30:15.398,20.07299,20.06674,2.55,1
10.08.2021 01:30:16.537,20.07309,20.06701,1.3,1
10.08.2021 01:30:16.638,20.07309,20.06701,1.3,1
10.08.2021 01:30:16.739,20.0731,20.06701,1.3,1
10.08.2021 01:30:17.175,20.0731,20.06701,1,1.3
10.08.2021 01:30:17.793,20.0731,20.06701,1,1.3
10.08.2021 01:30:18.059,20.0731,20.066820000000003,1,2.25
10.08.2021 01:30:18.160,20.0731,20.066820000000003,1,2.55
10.08.2021 01:30:19.055,20.0731,20.066820000000003,1.3,2.55
10.08.2021 01:30:24.713,20.0731,20.06678,1,1
10.08.2021 01:30:25.745,20.0731,20.06678,1.3,1.3
10.08.2021 01:30:37.411,20.0731,20.0668,1.3,1.3
10.08.2021 01:30:38.450,20.0731,20.06671,1.3,1.3
10.08.2021 01:30:45.461,20.0731,20.06671,1.3,1.3
10.08.2021 01:30:46.376,20.0731,20.06701,1,1
10.08.2021 01:30:47.109,20.0731,20.06691,1,1
10.08.2021 01:30:49.500,20.0731,20.06691,1.3,1.3
10.08.2021 01:30:55.351,20.073520000000002,20.06763,1.3,1
10.08.2021 01:30:55.493,20.07369,20.06765,1.3,1.25
10.08.2021 01:30:55.594,20.07369,20.06799,1.3,1
10.08.2021 01:30:55.804,20.07369,20.06799,1.3,1
10.08.2021 01:30:57.247,20.07369,20.06799,1.3,1
10.08.2021 01:30:59.665,20.073710000000002,20.06799,1.3,1
10.08.2021 01:31:01.463,20.07369,20.06799,1.3,1
10.08.2021 01:31:01.622,20.07369,20.06799,1.3,1
10.08.2021 01:31:01.723,20.07369,20.06799,1.3,1
10.08.2021 01:31:01.925,20.073520000000002,20.06799,1,1
10.08.2021 01:31:02.417,20.07335,20.06799,1,1
10.08.2021 01:31:02.582,20.073220000000003,20.06799,1,1
10.08.2021 01:31:03.582,20.07279,20.067110000000003,1,1
10.08.2021 01:31:04.613,20.07242,20.067110000000003,1,1
10.08.2021 01:31:05.307,20.07235,20.067110000000003,1,1
10.08.2021 01:31:05.553,20.07222,20.067110000000003,1,1
10.08.2021 01:31:10.213,20.07222,20.067110000000003,1.3,1
10.08.2021 01:31:10.496,20.07222,20.067110000000003,1.3,1
10.08.2021 01:31:18.960,20.071920000000002,20.066720000000004,1.3,1.25
10.08.2021 01:31:19.685,20.071920000000002,20.067110000000003,1.3,1
10.08.2021 01:31:20.145,20.071920000000002,20.067110000000003,1.3,1
10.08.2021 01:31:21.324,20.071920000000002,20.067110000000003,1.3,1
10.08.2021 01:31:25.403,20.07232,20.067110000000003,1,1
10.08.2021 01:31:25.656,20.07242,20.067110000000003,1,1
10.08.2021 01:31:25.935,20.07242,20.067110000000003,1.3,1
10.08.2021 01:31:28.404,20.07242,20.067110000000003,1,1
10.08.2021 01:31:28.709,20.07225,20.067110000000003,1,1
10.08.2021 01:31:28.988,20.07212,20.067110000000003,1,1
10.08.2021 01:31:31.621,20.07232,20.067110000000003,1,1
10.08.2021 01:31:33.091,20.07232,20.067110000000003,1.3,1
10.08.2021 01:31:34.321,20.07232,20.067110000000003,1,1
10.08.2021 01:31:49.392,20.07189,20.06621,1,1
10.08.2021 01:31:52.892,20.071820000000002,20.06621,1,1
10.08.2021 01:32:02.462,20.071820000000002,20.065820000000002,1,1.25
10.08.2021 01:32:04.175,20.071820000000002,20.065820000000002,1,1.35
10.08.2021 01:32:04.276,20.07195,20.065510000000003,1,1.65
10.08.2021 01:32:05.635,20.072020000000002,20.065820000000002,1,1.35
10.08.2021 01:32:06.671,20.07189,20.06661,1,1
10.08.2021 01:32:06.823,20.07189,20.06671,1,1
10.08.2021 01:32:06.874,20.07242,20.06709,1,1
10.08.2021 01:32:08.465,20.07262,20.06709,1,1
10.08.2021 01:32:08.515,20.07262,20.067110000000003,1,1
10.08.2021 01:32:09.111,20.07262,20.06709,1,1
10.08.2021 01:32:09.212,20.07273,20.067110000000003,1,1
10.08.2021 01:32:09.653,20.07273,20.06709,1,1
10.08.2021 01:32:10.487,20.07273,20.067110000000003,1,1
10.08.2021 01:32:10.738,20.07273,20.06709,1,1
10.08.2021 01:32:10.893,20.07273,20.067110000000003,1,1
10.08.2021 01:32:11.161,20.07273,20.067110000000003,1.3,1
10.08.2021 01:32:11.954,20.07273,20.06709,1.3,1
10.08.2021 01:32:12.402,20.07184,20.06671,1,1
10.08.2021 01:32:12.453,20.07184,20.066200000000002,1,1
10.08.2021 01:32:17.900,20.07262,20.06716,1,1
10.08.2021 01:32:18.942,20.07252,20.06716,1,1
10.08.2021 01:32:23.791,20.07252,20.06716,1.3,1
10.08.2021 01:32:28.901,20.07252,20.06716,1,1
10.08.2021 01:32:29.776,20.07252,20.06716,1.3,1
10.08.2021 01:32:55.571,20.07252,20.06716,1.3,1
10.08.2021 01:33:02.320,20.07252,20.06716,1,1
10.08.2021 01:33:02.808,20.072720000000004,20.06716,1,1
10.08.2021 01:33:03.431,20.072779999999998,20.06716,1,1
10.08.2021 01:33:14.450,20.072820000000004,20.06681,1,1
10.08.2021 01:33:15.863,20.072820000000004,20.06677,1,1.25
10.08.2021 01:33:15.964,20.072820000000004,20.06677,1.3,1.25
10.08.2021 01:33:17.971,20.07238,20.06673,1.3,1
10.08.2021 01:33:18.835,20.07238,20.06673,1,1
10.08.2021 01:33:25.231,20.07238,20.06681,1,1
10.08.2021 01:33:26.272,20.07238,20.06691,1,1
10.08.2021 01:33:26.604,20.07238,20.06681,1,1
10.08.2021 01:33:26.755,20.07238,20.066720000000004,1,1
10.08.2021 01:33:26.906,20.07238,20.066720000000004,1.3,1
10.08.2021 01:33:27.282,20.07238,20.066720000000004,1,1
10.08.2021 01:33:29.747,20.07238,20.066720000000004,1.3,1
10.08.2021 01:33:31.142,20.07238,20.067110000000003,1.3,1
10.08.2021 01:33:31.244,20.07299,20.06762,1.55,1
10.08.2021 01:33:31.345,20.07309,20.06762,1.3,1
10.08.2021 01:33:32.050,20.07309,20.06762,1,1
10.08.2021 01:33:32.784,20.07327,20.06762,1.3,1
10.08.2021 01:33:33.152,20.07327,20.06762,1,1
10.08.2021 01:33:33.253,20.07319,20.06762,1.8,1
10.08.2021 01:33:33.354,20.07299,20.06762,1,1
10.08.2021 01:33:33.556,20.07309,20.06762,1.3,1
10.08.2021 01:33:36.195,20.07327,20.06762,1.3,1
10.08.2021 01:33:37.524,20.07299,20.06762,1,1
10.08.2021 01:33:38.246,20.07309,20.06762,1.35,1
10.08.2021 01:33:38.398,20.07299,20.06762,1,1
10.08.2021 01:33:39.387,20.07319,20.06762,3.05,1
10.08.2021 01:33:41.895,20.07327,20.06762,1.3,1
10.08.2021 01:33:41.997,20.07327,20.06762,1,1.3
10.08.2021 01:33:44.842,20.07327,20.06778,1,1
10.08.2021 01:33:46.956,20.07327,20.06778,1,1.3
10.08.2021 01:33:48.793,20.07327,20.06778,1,1.3
10.08.2021 01:33:59.127,20.07366,20.06778,1.25,1.3
10.08.2021 01:34:02.478,20.07423,20.06858,1.3,1
10.08.2021 01:34:02.629,20.074160000000003,20.06858,1,1.3
10.08.2021 01:34:02.883,20.074160000000003,20.06858,1,1
10.08.2021 01:34:02.984,20.074550000000002,20.06858,1.3,1
10.08.2021 01:34:03.085,20.074160000000003,20.06858,1,1
10.08.2021 01:34:03.287,20.074270000000002,20.06858,1,1
10.08.2021 01:34:08.298,20.07422,20.06858,1,1
10.08.2021 01:34:38.464,20.075200000000002,20.068360000000002,1.15,1
10.08.2021 01:34:43.757,20.07505,20.068160000000002,1.55,1.25
10.08.2021 01:34:43.808,20.07461,20.06828,1.55,1
10.08.2021 01:34:44.341,20.07461,20.06828,1.55,1
10.08.2021 01:34:48.893,20.07461,20.06828,1.55,1
10.08.2021 01:34:54.340,20.07461,20.06828,1.55,1
10.08.2021 01:34:59.793,20.07461,20.06828,1.55,1
10.08.2021 01:35:02.481,20.074070000000003,20.06846,1,1
10.08.2021 01:35:03.279,20.07405,20.06846,1,1
10.08.2021 01:35:04.350,20.07439,20.06846,1,1
10.08.2021 01:35:04.451,20.07405,20.06846,1,1
10.08.2021 01:35:04.923,20.07405,20.06921,1.25,1
10.08.2021 01:35:05.175,20.07439,20.06921,1,1
10.08.2021 01:35:05.276,20.07405,20.06921,1.25,1.3
10.08.2021 01:35:05.584,20.07415,20.06921,1.25,1.3
10.08.2021 01:35:06.048,20.07499,20.06941,1.25,1.25
10.08.2021 01:35:06.150,20.07588,20.070710000000002,1.2,1
10.08.2021 01:35:06.251,20.07683,20.07131,1.75,1
10.08.2021 01:35:06.352,20.07683,20.07131,1.2,1.3
10.08.2021 01:35:06.486,20.07683,20.07131,1.2,1
10.08.2021 01:35:06.611,20.07683,20.07121,1.2,1
10.08.2021 01:35:07.488,20.076800000000002,20.071160000000003,1.2,1
10.08.2021 01:35:07.589,20.076800000000002,20.071160000000003,1.2,1
10.08.2021 01:35:07.690,20.076800000000002,20.071160000000003,1.2,1
10.08.2021 01:35:08.589,20.076800000000002,20.071160000000003,1.2,1
10.08.2021 01:35:08.995,20.076800000000002,20.071160000000003,1.2,1
10.08.2021 01:35:10.731,20.076800000000002,20.071160000000003,1.2,1
10.08.2021 01:35:20.100,20.07639,20.071160000000003,1.2,1
10.08.2021 01:35:20.309,20.076800000000002,20.071160000000003,1.5,1
10.08.2021 01:35:23.907,20.07649,20.071160000000003,1.2,1
10.08.2021 01:35:24.268,20.07639,20.071160000000003,1.5,1
10.08.2021 01:35:25.949,20.07659,20.071160000000003,1.5,1
10.08.2021 01:35:31.133,20.07639,20.071160000000003,1.5,1
10.08.2021 01:35:35.518,20.076800000000002,20.071160000000003,1.5,1
10.08.2021 01:35:44.323,20.07679,20.071160000000003,1.5,1
10.08.2021 01:35:44.929,20.07639,20.071160000000003,1.5,1
10.08.2021 01:35:45.032,20.07639,20.071160000000003,1.5,1
10.08.2021 01:35:46.387,20.075960000000002,20.07038,1.2,1
10.08.2021 01:35:47.729,20.075960000000002,20.07029,1.2,1
10.08.2021 01:35:50.481,20.075960000000002,20.07029,1.2,1
10.08.2021 01:36:00.914,20.075960000000002,20.07029,1.2,1
10.08.2021 01:36:01.015,20.07635,20.07028,1.75,1
10.08.2021 01:36:01.928,20.07635,20.07028,1.75,1
10.08.2021 01:36:03.187,20.07679,20.07016,1.85,1.3
10.08.2021 01:36:03.399,20.07679,20.07016,1.75,1.3
10.08.2021 01:36:03.919,20.07695,20.07016,1.85,1.3
10.08.2021 01:36:04.071,20.07639,20.07016,1.75,1.3
10.08.2021 01:36:05.287,20.07629,20.070310000000003,1.5,1
10.08.2021 01:36:05.388,20.075960000000002,20.07035,1.2,1.3
10.08.2021 01:36:05.539,20.075960000000002,20.07029,1.2,1
10.08.2021 01:36:10.714,20.075960000000002,20.07029,1.2,1
10.08.2021 01:36:12.308,20.075960000000002,20.07029,1.2,1
10.08.2021 01:36:12.935,20.075960000000002,20.07029,1.2,1.3
10.08.2021 01:36:13.036,20.075960000000002,20.07029,1.2,1
10.08.2021 01:36:14.344,20.075960000000002,20.07029,1.2,1
10.08.2021 01:36:14.962,20.075960000000002,20.070310000000003,1.2,1.3
10.08.2021 01:36:15.071,20.075960000000002,20.070310000000003,1.2,1.3
10.08.2021 01:36:15.222,20.075960000000002,20.070310000000003,1.2,1.3
10.08.2021 01:36:21.632,20.075960000000002,20.07033,1.2,1.3
10.08.2021 01:36:21.733,20.075960000000002,20.07035,1.2,1.3
10.08.2021 01:36:23.349,20.075960000000002,20.070320000000002,1.2,1
10.08.2021 01:36:26.292,20.075960000000002,20.070320000000002,1.2,1
10.08.2021 01:36:26.551,20.075960000000002,20.070320000000002,1.2,1.3
10.08.2021 01:36:29.548,20.075960000000002,20.070500000000003,1.2,1.3
10.08.2021 01:36:29.749,20.075960000000002,20.070500000000003,1.2,1.3
10.08.2021 01:36:30.645,20.075960000000002,20.070500000000003,1.2,1.3
10.08.2021 01:36:30.871,20.075960000000002,20.070710000000002,1.2,1.3
10.08.2021 01:36:31.688,20.075960000000002,20.070510000000002,1.2,1.3
10.08.2021 01:36:35.304,20.075960000000002,20.07101,1.2,1.3
10.08.2021 01:36:35.405,20.07689,20.07121,1,1.3
10.08.2021 01:36:35.557,20.076900000000002,20.07121,1.7,1.3
10.08.2021 01:36:49.126,20.07649,20.07082,1,1.25
10.08.2021 01:36:52.232,20.07639,20.07123,1,1
10.08.2021 01:37:03.485,20.07669,20.07088,1,1.3
10.08.2021 01:37:04.373,20.076990000000002,20.07088,1,1
10.08.2021 01:37:08.735,20.0773,20.07076,1,1.25
10.08.2021 01:37:10.952,20.07679,20.07088,1.7,1
10.08.2021 01:37:11.158,20.07649,20.07088,1,1
10.08.2021 01:37:14.734,20.07649,20.07088,1,1
10.08.2021 01:37:18.520,20.07639,20.07123,2,1
10.08.2021 01:37:22.742,20.07639,20.07123,1.7,1
10.08.2021 01:37:24.186,20.07639,20.07123,1.7,1
10.08.2021 01:37:32.562,20.07629,20.07091,1,1
10.08.2021 01:37:32.755,20.07639,20.07084,1.7,1.25
10.08.2021 01:37:34.605,20.07603,20.070320000000002,1.7,1
10.08.2021 01:37:37.890,20.07579,20.070320000000002,1,1
10.08.2021 01:37:44.559,20.07603,20.070320000000002,1.5,1
10.08.2021 01:37:44.667,20.07603,20.070320000000002,1.5,1
10.08.2021 01:37:48.777,20.0761,20.069660000000002,1,1.3
10.08.2021 01:37:50.430,20.0761,20.069660000000002,1,1.4
10.08.2021 01:37:50.582,20.0761,20.069660000000002,1,1.4
10.08.2021 01:37:54.661,20.07603,20.07036,1.7,1.3
10.08.2021 01:37:58.045,20.076,20.07036,1,1
10.08.2021 01:38:03.017,20.076,20.07001,1,1.3
10.08.2021 01:38:03.535,20.07597,20.07036,1.5,1
10.08.2021 01:38:17.519,20.076,20.069460000000003,1,1.65
10.08.2021 01:38:34.604,20.0761,20.07045,1.5,1
10.08.2021 01:38:37.493,20.076,20.07045,1,1
10.08.2021 01:38:47.624,20.0759,20.069560000000003,1,1.65
10.08.2021 01:38:55.646,20.0759,20.069460000000003,1,1.65
10.08.2021 01:38:59.074,20.0759,20.07006,1,1
10.08.2021 01:39:06.108,20.0759,20.07081,1,1
10.08.2021 01:39:06.209,20.0761,20.07081,1.2,1
10.08.2021 01:39:07.513,20.0761,20.07048,1.2,1.3
10.08.2021 01:39:07.614,20.0761,20.07048,1.2,1.3
10.08.2021 01:39:07.715,20.0761,20.07048,1.2,1
10.08.2021 01:39:08.089,20.0761,20.07048,1.5,1
10.08.2021 01:39:18.130,20.0763,20.07009,1,1.55
10.08.2021 01:39:31.588,20.0763,20.07009,1,1.25
10.08.2021 01:39:32.853,20.07639,20.06941,1.7,1.65
10.08.2021 01:39:41.247,20.0761,20.070500000000003,1.2,1
10.08.2021 01:39:41.348,20.0761,20.070500000000003,1.5,1
10.08.2021 01:39:43.388,20.0761,20.070500000000003,1.2,1.3
10.08.2021 01:39:43.489,20.0761,20.070610000000002,1.2,1
10.08.2021 01:39:43.637,20.0761,20.070610000000002,1.2,1.3
10.08.2021 01:39:44.079,20.0761,20.070610000000002,1.2,1.3
10.08.2021 01:40:00.739,20.07669,20.07134,1,1
10.08.2021 01:40:00.840,20.07701,20.07134,1.7,1
10.08.2021 01:40:00.992,20.07701,20.07134,1.7,1
10.08.2021 01:40:03.420,20.076800000000002,20.07134,1,1
10.08.2021 01:40:14.312,20.076900000000002,20.071360000000002,1,1
10.08.2021 01:40:14.413,20.076900000000002,20.071360000000002,1,1
10.08.2021 01:40:17.808,20.07639,20.071360000000002,1.2,1
10.08.2021 01:40:35.092,20.07741,20.070970000000003,1.7,1
10.08.2021 01:40:35.194,20.07747,20.07066,1,1.25
10.08.2021 01:40:35.295,20.07747,20.07066,1.1,1.25
10.08.2021 01:40:38.287,20.07747,20.07066,1,1.25
10.08.2021 01:40:38.602,20.07747,20.07066,1,1.25
10.08.2021 01:40:38.897,20.07747,20.07066,1,1.25
10.08.2021 01:40:48.982,20.076800000000002,20.07066,1,1.55
10.08.2021 01:40:49.083,20.076800000000002,20.07066,1,1.55
10.08.2021 01:40:51.440,20.07689,20.07066,1,1.55
10.08.2021 01:40:54.342,20.077090000000002,20.07066,1,1.55
10.08.2021 01:40:56.946,20.07679,20.071360000000002,1.2,1
10.08.2021 01:40:57.047,20.07679,20.071360000000002,1.2,1
10.08.2021 01:40:57.413,20.076900000000002,20.071360000000002,1,1
10.08.2021 01:40:58.926,20.076900000000002,20.071360000000002,1,1
10.08.2021 01:41:04.860,20.07639,20.071360000000002,1.2,1
10.08.2021 01:41:12.542,20.07669,20.071360000000002,1,1
10.08.2021 01:41:19.889,20.07639,20.071360000000002,1.7,1
10.08.2021 01:41:27.340,20.076600000000003,20.071360000000002,1,1
10.08.2021 01:41:27.835,20.07701,20.071360000000002,1.7,1
10.08.2021 01:41:31.521,20.07701,20.071360000000002,1.7,1
10.08.2021 01:41:35.998,20.07701,20.071360000000002,1,1
10.08.2021 01:41:36.049,20.07829,20.07081,1.9,1
10.08.2021 01:41:37.900,20.078110000000002,20.07081,1.3,1
10.08.2021 01:41:39.031,20.07829,20.07081,1.9,1.3
10.08.2021 01:41:46.133,20.07829,20.07081,1.9,1.3
10.08.2021 01:41:52.500,20.07829,20.07101,1.9,1.3
10.08.2021 01:41:54.248,20.07829,20.07091,1.9,1.3
10.08.2021 01:41:55.759,20.07829,20.07091,1.9,1.3
10.08.2021 01:41:56.055,20.07829,20.07101,1.9,1
10.08.2021 01:41:57.520,20.07829,20.07101,1.9,1
10.08.2021 01:41:57.570,20.07788,20.07219,1.3,1
10.08.2021 01:41:57.621,20.07788,20.07219,1,1
10.08.2021 01:41:58.801,20.07788,20.07219,1,1.3
10.08.2021 01:42:03.737,20.07783,20.07214,1,1.3
10.08.2021 01:42:03.940,20.07783,20.07214,1,1
10.08.2021 01:42:21.973,20.07749,20.07214,1.25,1.25
10.08.2021 01:42:22.024,20.07693,20.071250000000003,1.5,1.3
10.08.2021 01:42:22.125,20.07693,20.071250000000003,1,1
10.08.2021 01:42:24.731,20.07693,20.071250000000003,1.3,1
10.08.2021 01:42:26.285,20.07693,20.071250000000003,1.5,1
10.08.2021 01:42:27.929,20.07693,20.071250000000003,1.5,1
10.08.2021 01:42:31.583,20.07573,20.07091,1,1.25
10.08.2021 01:42:35.957,20.0763,20.07091,1,1.25
10.08.2021 01:42:36.008,20.07739,20.07091,1.8,1.75
10.08.2021 01:42:36.058,20.07739,20.07121,1.5,1.6
10.08.2021 01:42:36.109,20.07739,20.07121,1.5,1
10.08.2021 01:42:36.235,20.07739,20.07081,1.5,1.35
10.08.2021 01:42:36.286,20.07739,20.07081,1.8,1.55
10.08.2021 01:42:37.128,20.07564,20.07081,1,1.55
10.08.2021 01:42:37.896,20.07564,20.07081,1,1.55
10.08.2021 01:42:38.996,20.07564,20.070510000000002,1,1.55
10.08.2021 01:42:39.198,20.07532,20.069660000000002,1,1.75
10.08.2021 01:42:39.305,20.07532,20.07036,1,1
10.08.2021 01:42:44.196,20.07533,20.07036,1,1
10.08.2021 01:42:44.297,20.076050000000002,20.07036,1.5,1
10.08.2021 01:42:44.348,20.076050000000002,20.07036,1,1
10.08.2021 01:42:51.877,20.077090000000002,20.06951,1.67,1.7
10.08.2021 01:43:00.220,20.076050000000002,20.07101,1,1
10.08.2021 01:43:00.271,20.076990000000002,20.0713,1,1
10.08.2021 01:43:03.737,20.076990000000002,20.071350000000002,1,1
10.08.2021 01:43:07.900,20.076990000000002,20.071350000000002,1.5,1
10.08.2021 01:43:08.159,20.076600000000003,20.071350000000002,1,1
10.08.2021 01:43:08.260,20.076990000000002,20.071610000000003,1,1.5
10.08.2021 01:43:08.362,20.076990000000002,20.071350000000002,1,1
10.08.2021 01:43:09.719,20.076990000000002,20.071350000000002,1.5,1
10.08.2021 01:43:11.234,20.076990000000002,20.071350000000002,1,1
10.08.2021 01:43:14.636,20.076990000000002,20.071350000000002,1.5,1
10.08.2021 01:43:16.980,20.076990000000002,20.071350000000002,1,1
10.08.2021 01:43:26.809,20.077420000000004,20.07121,1.05,1
10.08.2021 01:43:26.923,20.07764,20.07121,1.05,1
10.08.2021 01:43:32.255,20.077420000000004,20.07121,1.05,1
10.08.2021 01:43:32.367,20.07754,20.07131,1.05,1
10.08.2021 01:43:33.196,20.07753,20.07121,1.05,1
10.08.2021 01:43:34.130,20.07754,20.07131,1.05,1
10.08.2021 01:43:34.385,20.07754,20.07131,1.05,1
10.08.2021 01:43:39.562,20.07763,20.07131,1.05,1
10.08.2021 01:43:42.853,20.07769,20.07121,1.65,1.3
10.08.2021 01:43:44.066,20.07769,20.07121,1.65,1
10.08.2021 01:43:49.588,20.07769,20.07121,1.65,1.3
10.08.2021 01:43:53.360,20.07769,20.07121,1.65,1
10.08.2021 01:43:54.343,20.07769,20.07121,1.65,1
10.08.2021 01:43:54.702,20.07769,20.07131,1.55,1
10.08.2021 01:43:54.933,20.07769,20.07131,1.55,1
10.08.2021 01:43:57.627,20.07769,20.07121,1.55,1
10.08.2021 01:43:57.678,20.07769,20.07121,1.55,1
10.08.2021 01:43:58.432,20.07793,20.07131,1.15,1
10.08.2021 01:44:00.215,20.07769,20.07121,1.55,1
10.08.2021 01:44:01.663,20.07769,20.07121,1.3,1
10.08.2021 01:44:02.102,20.07769,20.07121,1.3,1
10.08.2021 01:44:02.780,20.07769,20.07121,1.3,1
10.08.2021 01:44:04.343,20.07769,20.07121,1.3,1
10.08.2021 01:44:06.106,20.07749,20.07111,1.8,1
10.08.2021 01:44:06.366,20.07769,20.07111,1.8,1.25
10.08.2021 01:44:06.466,20.07769,20.07111,1.8,1.25
10.08.2021 01:44:06.573,20.07769,20.07111,1.8,1.25
10.08.2021 01:44:06.674,20.07769,20.07121,1.8,1.25
10.08.2021 01:44:18.965,20.077620000000003,20.07121,1.05,1.25
10.08.2021 01:44:20.334,20.07749,20.07111,1.3,1
10.08.2021 01:44:20.435,20.07749,20.07111,1.8,1
10.08.2021 01:44:22.117,20.07734,20.07111,1.25,1.25
10.08.2021 01:44:22.168,20.0774,20.07111,1.25,1.25
10.08.2021 01:44:22.219,20.0774,20.07111,1.25,1.25
10.08.2021 01:44:22.370,20.077620000000003,20.07111,1.05,1.25
10.08.2021 01:44:22.471,20.077620000000003,20.07111,1.05,1.25
10.08.2021 01:44:23.461,20.077620000000003,20.07111,1.05,1.25
10.08.2021 01:44:25.158,20.077620000000003,20.07121,1.05,1.25
10.08.2021 01:44:28.074,20.07764,20.07121,1.05,1.25
10.08.2021 01:44:28.393,20.07764,20.07111,1.05,1.25
10.08.2021 01:44:28.444,20.07764,20.07111,1.05,1.25
10.08.2021 01:44:29.004,20.07734,20.070610000000002,1,1.1
10.08.2021 01:44:31.871,20.07739,20.07053,1.25,1.25
10.08.2021 01:44:31.972,20.0774,20.07111,1.25,1.25
10.08.2021 01:44:32.073,20.0774,20.07121,1.25,1.25
10.08.2021 01:44:32.945,20.07764,20.07121,1.05,1.25
10.08.2021 01:44:37.934,20.07764,20.07121,1.05,1.25
10.08.2021 01:44:42.381,20.07764,20.07121,1.05,1.25
10.08.2021 01:44:42.708,20.07764,20.07131,1.05,1.25
10.08.2021 01:44:44.052,20.07764,20.07121,1.05,1.25
10.08.2021 01:44:54.221,20.07764,20.07121,1.05,1.25
10.08.2021 01:45:00.373,20.076900000000002,20.071260000000002,1,1
10.08.2021 01:45:10.825,20.076900000000002,20.07131,1,1
10.08.2021 01:45:13.118,20.076900000000002,20.071260000000002,1,1
10.08.2021 01:45:13.283,20.07769,20.07121,1,1
10.08.2021 01:45:16.717,20.07769,20.07323,1,1.3
10.08.2021 01:45:16.818,20.07861,20.073410000000003,1.25,1.55
10.08.2021 01:45:17.171,20.07861,20.073410000000003,1.25,1.55
10.08.2021 01:45:17.503,20.07861,20.073410000000003,1.25,1.55
