Gmt time,Ask,Bid,AskVolume,BidVolume
24.08.2021 00:00:00.163,3.9036300000000006,3.90157,1,1
24.08.2021 00:00:00.214,3.9036800000000005,3.9014800000000003,1,1
24.08.2021 00:00:00.265,3.9037100000000002,3.9014800000000003,1,1
24.08.2021 00:00:00.365,3.9036300000000006,3.9014900000000003,1,1
24.08.2021 00:00:00.563,3.90361,3.9014800000000003,1,1
24.08.2021 00:00:01.032,3.90366,3.9014900000000003,1,1
24.08.2021 00:00:01.163,3.90364,3.9014800000000003,1,1
24.08.2021 00:00:03.303,3.9037,3.9014800000000003,1,1
24.08.2021 00:00:03.353,3.9036800000000005,3.9014800000000003,1,1
24.08.2021 00:00:04.058,3.9036300000000006,3.9014900000000003,1,1
24.08.2021 00:00:15.228,3.90361,3.9014800000000003,1,1
24.08.2021 00:00:15.483,3.9037699999999997,3.9014800000000003,1.5,1
24.08.2021 00:00:15.657,3.90364,3.9014800000000003,1,1
24.08.2021 00:00:20.479,3.90361,3.9014800000000003,1,1
24.08.2021 00:00:20.580,3.9035400000000005,3.9014800000000003,1,1
24.08.2021 00:00:20.631,3.9035800000000003,3.9014800000000003,1,1
24.08.2021 00:00:21.030,3.9035699999999998,3.9014900000000003,1.5,1
24.08.2021 00:00:21.738,3.9035800000000003,3.9014800000000003,1,1
24.08.2021 00:00:23.431,3.90364,3.9014800000000003,1,1
24.08.2021 00:00:23.481,3.9036000000000004,3.9014900000000003,1,1
24.08.2021 00:00:25.939,3.9036000000000004,3.9014900000000003,1.5,1
24.08.2021 00:00:26.140,3.90361,3.9014800000000003,1,1
24.08.2021 00:00:26.626,3.9035400000000005,3.9014800000000003,1,1
24.08.2021 00:00:26.727,3.9035400000000005,3.9014800000000003,1.5,1
24.08.2021 00:00:28.622,3.9034800000000005,3.9014800000000003,1,1
24.08.2021 00:00:29.120,3.9034800000000005,3.9014800000000003,1.5,1
24.08.2021 00:00:29.492,3.9034800000000005,3.9014800000000003,1,1
24.08.2021 00:00:30.037,3.9034800000000005,3.9014800000000003,1.5,1
24.08.2021 00:00:30.172,3.9034800000000005,3.9014800000000003,1.5,1
24.08.2021 00:00:33.939,3.9034800000000005,3.9015400000000002,1.5,1
24.08.2021 00:00:35.829,3.9034800000000005,3.9015400000000002,1.5,1
24.08.2021 00:00:37.138,3.9034800000000005,3.9015400000000002,1.5,1
24.08.2021 00:00:47.215,3.90346,3.90142,1,1
24.08.2021 00:00:47.366,3.90332,3.90142,1,1
24.08.2021 00:01:23.979,3.9033,3.90125,1.5,1
24.08.2021 00:01:24.030,3.90315,3.90125,1,1
24.08.2021 00:01:24.189,3.90315,3.90125,1,1
24.08.2021 00:01:47.730,3.90316,3.90111,1,1
24.08.2021 00:02:02.875,3.903,3.9011199999999997,1,1
24.08.2021 00:02:02.926,3.90301,3.9009400000000003,1,1
24.08.2021 00:02:03.074,3.90301,3.9009400000000003,1.5,1
24.08.2021 00:02:20.166,3.903,3.9009500000000004,1,1
24.08.2021 00:02:25.275,3.903,3.90096,1,1
24.08.2021 00:02:25.423,3.903,3.90065,1,1
24.08.2021 00:02:25.474,3.90286,3.90056,1,1
24.08.2021 00:02:25.683,3.9028500000000004,3.90056,1,1
24.08.2021 00:02:26.237,3.90275,3.9005199999999998,1,1
24.08.2021 00:02:26.652,3.9027400000000005,3.9005199999999998,1,1
24.08.2021 00:02:31.241,3.90292,3.9005199999999998,1,1
24.08.2021 00:02:31.401,3.90292,3.9005199999999998,1,1
24.08.2021 00:02:33.660,3.90292,3.90035,1,1
24.08.2021 00:02:34.504,3.90292,3.90051,1,1
24.08.2021 00:02:34.555,3.90295,3.9005199999999998,1,1
24.08.2021 00:02:35.123,3.90296,3.90051,1,1
24.08.2021 00:02:37.179,3.90287,3.90057,1,1
24.08.2021 00:02:37.635,3.90287,3.90067,1,1
24.08.2021 00:02:37.686,3.9028800000000006,3.9005199999999998,1,1
24.08.2021 00:02:37.791,3.9027300000000005,3.9003900000000002,1,1
24.08.2021 00:02:37.942,3.90272,3.9004000000000003,1,1
24.08.2021 00:02:38.116,3.9027300000000005,3.9004800000000004,1,1
24.08.2021 00:02:41.380,3.9027300000000005,3.9005900000000002,1,1
24.08.2021 00:02:41.431,3.9027300000000005,3.9004000000000003,1,1
24.08.2021 00:02:42.016,3.90257,3.9002300000000005,1,1
24.08.2021 00:02:43.750,3.90257,3.9003300000000003,1,1
24.08.2021 00:02:43.800,3.90257,3.90016,1,1
24.08.2021 00:02:44.188,3.90257,3.90026,1,1
24.08.2021 00:02:59.389,3.9024300000000003,3.90006,1,1
24.08.2021 00:02:59.451,3.9024300000000003,3.90006,1,1
24.08.2021 00:02:59.563,3.9024199999999998,3.90007,1,1
24.08.2021 00:03:06.495,3.9024300000000003,3.90006,1,1
24.08.2021 00:03:09.097,3.9024800000000006,3.90007,1,1
24.08.2021 00:03:14.760,3.90235,3.90006,1,1
24.08.2021 00:03:14.880,3.9023300000000005,3.90006,1,1
24.08.2021 00:03:15.272,3.9023300000000005,3.8998900000000005,1,1
24.08.2021 00:03:16.805,3.90226,3.8998900000000005,1,1
24.08.2021 00:03:27.925,3.90226,3.9001400000000004,1,1
24.08.2021 00:03:28.026,3.9023300000000005,3.90042,1,1
24.08.2021 00:03:28.227,3.90232,3.9004300000000005,1,1
24.08.2021 00:03:28.385,3.9023800000000004,3.9004300000000005,1,1
24.08.2021 00:03:37.233,3.90245,3.90042,1.5,1
24.08.2021 00:03:43.726,3.90235,3.90042,1,1
24.08.2021 00:03:43.828,3.9022900000000003,3.9004300000000005,1,1
24.08.2021 00:03:47.633,3.9023000000000003,3.90041,1,1
24.08.2021 00:04:15.276,3.9024800000000006,3.90041,1.5,1
24.08.2021 00:04:23.005,3.9024800000000006,3.90035,1.5,1
24.08.2021 00:05:03.045,3.9024900000000002,3.90036,1,1
24.08.2021 00:05:06.421,3.9026500000000004,3.9004900000000005,1.5,1
24.08.2021 00:05:06.920,3.9026400000000003,3.9005,1,1
24.08.2021 00:05:59.510,3.9027000000000003,3.9006300000000005,1.5,1
24.08.2021 00:05:59.661,3.90271,3.90062,1.5,1
24.08.2021 00:06:00.739,3.9027900000000004,3.90062,1,1
24.08.2021 00:06:00.943,3.9027800000000004,3.9006300000000005,1,1
24.08.2021 00:06:25.301,3.9027800000000004,3.9006300000000005,1,1
24.08.2021 00:07:25.521,3.9026500000000004,3.90062,1.5,1
24.08.2021 00:07:25.572,3.9026400000000003,3.9004300000000005,1.5,1
24.08.2021 00:07:29.320,3.90254,3.9004300000000005,1.5,1
24.08.2021 00:09:00.483,3.9026500000000004,3.90042,1,1
24.08.2021 00:09:01.242,3.9026500000000004,3.90042,1.5,1
24.08.2021 00:09:37.415,3.9026400000000003,3.9005300000000003,1,1
24.08.2021 00:09:37.619,3.9026500000000004,3.9005199999999998,1,1
24.08.2021 00:09:37.669,3.9026500000000004,3.9005199999999998,1,1
24.08.2021 00:09:49.109,3.9027000000000003,3.9005199999999998,1,1
24.08.2021 00:09:49.261,3.9027000000000003,3.9005199999999998,1,1
24.08.2021 00:10:06.085,3.9027000000000003,3.9005199999999998,1,1
24.08.2021 00:10:21.125,3.9026500000000004,3.9005199999999998,1,1
24.08.2021 00:10:21.277,3.9026400000000003,3.9005300000000003,1,1
24.08.2021 00:10:32.878,3.9026500000000004,3.9005199999999998,1,1
24.08.2021 00:11:00.073,3.9026500000000004,3.9006800000000004,1,1
24.08.2021 00:11:15.619,3.9026500000000004,3.9006800000000004,1,1
24.08.2021 00:11:15.719,3.9027900000000004,3.90085,1,1
24.08.2021 00:11:15.820,3.9027900000000004,3.90085,1,1
24.08.2021 00:11:19.469,3.90296,3.90085,1,1
24.08.2021 00:11:19.928,3.90296,3.9009800000000006,1,1
24.08.2021 00:11:25.406,3.90296,3.9009800000000006,1,1
24.08.2021 00:11:28.117,3.90295,3.9009800000000006,1,1
24.08.2021 00:11:28.272,3.9029400000000005,3.9009800000000006,1,1
24.08.2021 00:12:04.503,3.9029400000000005,3.9009800000000006,1,1
24.08.2021 00:12:04.702,3.9029400000000005,3.9009800000000006,1,1
24.08.2021 00:12:30.322,3.90307,3.90099,1,1
24.08.2021 00:12:35.514,3.9030800000000005,3.9009800000000006,1,1
24.08.2021 00:12:50.626,3.9030400000000003,3.90099,1,1
24.08.2021 00:12:50.782,3.9030500000000004,3.9009800000000006,1,1
24.08.2021 00:12:55.419,3.9030500000000004,3.9009800000000006,1,1
24.08.2021 00:13:12.397,3.9031400000000005,3.9009800000000006,1,1
24.08.2021 00:13:17.072,3.9031300000000004,3.90099,1,1
24.08.2021 00:13:32.549,3.90311,3.9009800000000006,1.5,1
24.08.2021 00:13:32.677,3.903,3.90082,1,1
24.08.2021 00:13:32.778,3.903,3.90082,1,1
24.08.2021 00:13:48.035,3.903,3.90082,1,1
24.08.2021 00:13:48.235,3.903,3.90082,1,1
24.08.2021 00:14:23.994,3.9027600000000002,3.90082,1,1
24.08.2021 00:14:35.388,3.9027800000000004,3.9008300000000005,1,1
24.08.2021 00:14:35.545,3.9027900000000004,3.90082,1,1
24.08.2021 00:14:42.260,3.9028199999999997,3.9006900000000004,1,1
24.08.2021 00:14:42.311,3.9026500000000004,3.9004000000000003,1,1
24.08.2021 00:14:42.412,3.9026500000000004,3.9002000000000003,1,1
24.08.2021 00:14:42.688,3.9026400000000003,3.90031,1,1
24.08.2021 00:14:45.531,3.9026400000000003,3.9003900000000002,1,1
24.08.2021 00:15:03.226,3.90272,3.9003800000000006,1,1
24.08.2021 00:15:48.859,3.90272,3.9003800000000006,1,1
24.08.2021 00:15:58.227,3.90272,3.9003800000000006,1,1
24.08.2021 00:16:10.133,3.90286,3.9003900000000002,1,1
24.08.2021 00:16:10.289,3.90287,3.9003800000000006,1,1
24.08.2021 00:16:23.718,3.90286,3.90047,1,1
24.08.2021 00:16:56.769,3.9029300000000005,3.90065,1,1
24.08.2021 00:17:08.961,3.9028800000000006,3.9006600000000002,1,1
24.08.2021 00:17:11.060,3.9030400000000003,3.90065,1,1
24.08.2021 00:17:15.668,3.9030400000000003,3.90085,1,1
24.08.2021 00:17:22.138,3.9030400000000003,3.90086,1,1
24.08.2021 00:17:24.632,3.9032500000000003,3.9009400000000003,1,1
24.08.2021 00:17:30.049,3.9030300000000007,3.9009500000000004,1,1
24.08.2021 00:17:35.140,3.90315,3.9009400000000003,1,1
24.08.2021 00:17:35.291,3.9030400000000003,3.9009400000000003,1,1
24.08.2021 00:17:40.139,3.90315,3.9009400000000003,1,1
24.08.2021 00:17:40.295,3.9030400000000003,3.9009400000000003,1,1
24.08.2021 00:18:33.476,3.90309,3.9011199999999997,1,1
24.08.2021 00:18:49.474,3.90321,3.90102,1,1
24.08.2021 00:18:49.533,3.9032199999999997,3.9010400000000005,1,1
24.08.2021 00:20:26.160,3.90331,3.9010400000000005,1.5,1
24.08.2021 00:20:26.317,3.9033,3.90105,1.5,1
24.08.2021 00:20:39.110,3.90331,3.9010400000000005,1.5,1
24.08.2021 00:20:39.312,3.9033,3.90105,1.5,1
24.08.2021 00:21:08.152,3.90327,3.90105,1,1
24.08.2021 00:21:40.667,3.90327,3.90121,1,1
24.08.2021 00:21:40.768,3.9033800000000003,3.9012000000000002,1,1
24.08.2021 00:21:40.966,3.9034300000000006,3.9012000000000002,1,1
24.08.2021 00:21:41.016,3.9034300000000006,3.9013,1,1
24.08.2021 00:21:41.149,3.9035300000000004,3.9012900000000004,1,1
24.08.2021 00:21:41.199,3.9034,3.90096,1,1
24.08.2021 00:21:41.367,3.9033900000000004,3.90097,1,1
24.08.2021 00:21:45.881,3.9034,3.9013300000000006,1,1
24.08.2021 00:22:24.265,3.90352,3.9013400000000003,1,1
24.08.2021 00:22:26.152,3.9035300000000004,3.90139,1,1
24.08.2021 00:22:28.819,3.9033900000000004,3.90139,1,1
24.08.2021 00:23:55.855,3.9035400000000005,3.9014,1,1
24.08.2021 00:24:17.439,3.90355,3.90136,1,1
24.08.2021 00:24:23.633,3.90355,3.90137,1,1
24.08.2021 00:24:53.228,3.90352,3.9013800000000005,1,1
24.08.2021 00:25:10.918,3.9035300000000004,3.90137,1,1
24.08.2021 00:25:11.788,3.90352,3.9014800000000003,1,1
24.08.2021 00:25:16.834,3.90367,3.9014800000000003,1,1
24.08.2021 00:25:26.244,3.90367,3.90165,1,1
24.08.2021 00:25:27.384,3.90382,3.9016400000000004,1,1
24.08.2021 00:25:27.865,3.90382,3.9015300000000006,1,1
24.08.2021 00:25:27.916,3.90381,3.9013300000000006,1,1
24.08.2021 00:25:28.016,3.9036800000000005,3.90119,1,1
24.08.2021 00:25:31.192,3.9036900000000005,3.90141,1,1
24.08.2021 00:25:31.365,3.90381,3.90157,1,1
24.08.2021 00:25:34.170,3.90382,3.90157,1,1
24.08.2021 00:25:35.286,3.9038300000000006,3.9016900000000003,1,1
24.08.2021 00:25:35.450,3.90396,3.9017000000000004,1,1
24.08.2021 00:25:39.942,3.90396,3.9018400000000004,1,1
24.08.2021 00:25:40.170,3.9040500000000002,3.9018300000000004,1,1
24.08.2021 00:25:50.279,3.90391,3.9015400000000002,1,1
24.08.2021 00:25:50.330,3.9038800000000005,3.9014,1,1
24.08.2021 00:25:50.431,3.90387,3.90141,1,1
24.08.2021 00:25:55.707,3.90387,3.90191,1,1
24.08.2021 00:25:55.800,3.9038800000000005,3.9019000000000004,1,1
24.08.2021 00:25:56.437,3.9040500000000002,3.9019000000000004,1,1
24.08.2021 00:25:56.538,3.90401,3.9018,1,1
24.08.2021 00:25:56.592,3.9040000000000004,3.9018100000000002,1,1
24.08.2021 00:25:56.642,3.90401,3.90159,1,1
24.08.2021 00:26:00.274,3.90401,3.9017300000000006,1,1
24.08.2021 00:26:01.134,3.9040000000000004,3.9018800000000007,1,1
24.08.2021 00:26:07.090,3.9040500000000002,3.9018699999999997,1,1
24.08.2021 00:26:07.494,3.90412,3.9018800000000007,1,1
24.08.2021 00:26:09.711,3.9041300000000003,3.9020300000000003,1,1
24.08.2021 00:26:17.234,3.90422,3.9020300000000003,1,1
24.08.2021 00:26:17.529,3.9042800000000004,3.90191,1,1
24.08.2021 00:26:17.579,3.90427,3.9018300000000004,1,1
24.08.2021 00:26:17.630,3.9042800000000004,3.9017000000000004,1,1
24.08.2021 00:26:20.443,3.9042800000000004,3.902,1,1
24.08.2021 00:26:20.515,3.9042800000000004,3.9018900000000003,1,1
24.08.2021 00:26:20.566,3.9042800000000004,3.9018900000000003,1,1
24.08.2021 00:26:20.640,3.9042800000000004,3.9017000000000004,1,1
24.08.2021 00:26:20.690,3.90427,3.90171,1,1
24.08.2021 00:26:21.173,3.9043900000000002,3.9017000000000004,1,1
24.08.2021 00:26:22.799,3.9041800000000006,3.90171,1,1
24.08.2021 00:26:25.098,3.9041900000000003,3.9017000000000004,1,1
24.08.2021 00:26:25.190,3.9041900000000003,3.9018,1,1
24.08.2021 00:26:25.304,3.9043699999999997,3.90196,1,1
24.08.2021 00:26:27.556,3.9043699999999997,3.90212,1,1
24.08.2021 00:26:27.612,3.90436,3.9021300000000005,1,1
24.08.2021 00:26:32.642,3.9043699999999997,3.90212,1,1
24.08.2021 00:26:43.338,3.90436,3.90205,1,1
24.08.2021 00:26:43.439,3.9042000000000003,3.9018100000000002,1,1
24.08.2021 00:26:43.513,3.9042000000000003,3.9018100000000002,1,1
24.08.2021 00:26:43.745,3.9041900000000003,3.9017000000000004,1,1
24.08.2021 00:26:47.886,3.9041900000000003,3.9018699999999997,1,1
24.08.2021 00:26:48.000,3.9042000000000003,3.90217,1,1
24.08.2021 00:26:51.496,3.9041900000000003,3.90182,1,1
24.08.2021 00:26:51.578,3.9041900000000003,3.90182,1,1
24.08.2021 00:26:52.276,3.9041800000000006,3.90201,1,1
24.08.2021 00:26:52.326,3.9043400000000004,3.9021500000000002,1,1
24.08.2021 00:27:00.618,3.9043400000000004,3.9021500000000002,1,1
24.08.2021 00:27:00.669,3.90435,3.9020400000000004,1,1
24.08.2021 00:27:00.870,3.9041300000000003,3.90176,1,1
24.08.2021 00:27:01.022,3.9041300000000003,3.9016699999999997,1,1
24.08.2021 00:27:04.182,3.90427,3.9016699999999997,1,1
24.08.2021 00:27:05.285,3.90427,3.90177,1,1
24.08.2021 00:27:05.552,3.90435,3.9020699999999997,1,1
24.08.2021 00:27:24.863,3.90444,3.9020699999999997,1.5,1
24.08.2021 00:27:51.581,3.90416,3.9020699999999997,1,1
24.08.2021 00:27:56.071,3.90447,3.9020800000000007,1.5,1
24.08.2021 00:27:57.100,3.9044800000000004,3.9020699999999997,1.5,1
24.08.2021 00:28:00.376,3.9044800000000004,3.9020699999999997,1.5,1
24.08.2021 00:28:01.254,3.9043300000000003,3.9020800000000007,1,1
24.08.2021 00:28:09.708,3.9043400000000004,3.9020699999999997,1.5,1
24.08.2021 00:28:14.410,3.9043400000000004,3.9020699999999997,1,1
24.08.2021 00:28:19.113,3.9043400000000004,3.9020699999999997,1,1
24.08.2021 00:28:45.707,3.9043400000000004,3.90217,1,1
24.08.2021 00:29:00.394,3.9043,3.9021000000000003,1,1
24.08.2021 00:29:00.461,3.9042900000000005,3.9019900000000005,1,1
24.08.2021 00:29:00.512,3.9043,3.9019800000000004,1,1
24.08.2021 00:29:00.562,3.90412,3.9017500000000003,1,1
24.08.2021 00:29:00.613,3.90412,3.9017500000000003,1,1
24.08.2021 00:29:03.069,3.90411,3.9016699999999997,1,1
24.08.2021 00:29:04.668,3.90412,3.9017900000000005,1,1
24.08.2021 00:29:05.735,3.9043,3.9020699999999997,1,1
24.08.2021 00:30:00.827,3.90431,3.9020699999999997,1,1
24.08.2021 00:30:01.460,3.9041800000000006,3.90196,1,1
24.08.2021 00:30:05.101,3.9041800000000006,3.90196,1,1
24.08.2021 00:30:23.104,3.9041800000000006,3.90186,1,1
24.08.2021 00:30:23.155,3.9041800000000006,3.9017500000000003,1,1
24.08.2021 00:30:23.295,3.90401,3.90162,1,1
24.08.2021 00:30:25.793,3.90402,3.90201,1,1
24.08.2021 00:30:36.140,3.9041800000000006,3.90192,1,1
24.08.2021 00:30:36.191,3.9041800000000006,3.90174,1,1
24.08.2021 00:30:40.768,3.90402,3.9018800000000007,1,1
24.08.2021 00:30:42.190,3.9042000000000003,3.9018800000000007,1,1
24.08.2021 00:30:58.633,3.9042000000000003,3.9019900000000005,1,1
24.08.2021 00:31:06.314,3.9042000000000003,3.9019900000000005,1,1
24.08.2021 00:31:06.365,3.9040500000000002,3.9019000000000004,1,1
24.08.2021 00:31:06.415,3.90406,3.9018900000000003,1,1
24.08.2021 00:31:06.781,3.90381,3.9019000000000004,1,1
24.08.2021 00:31:25.267,3.9039900000000003,3.9018900000000003,1,1
24.08.2021 00:32:02.868,3.9039900000000003,3.9018900000000003,1,1
24.08.2021 00:32:03.015,3.9038000000000004,3.90176,1,1
24.08.2021 00:32:03.115,3.9038000000000004,3.90166,1,1
24.08.2021 00:32:07.340,3.90384,3.90192,1,1
24.08.2021 00:32:07.391,3.9039800000000007,3.90192,1,1
24.08.2021 00:32:36.594,3.9039800000000007,3.90192,1,1
24.08.2021 00:32:45.196,3.90415,3.90192,1,1
24.08.2021 00:32:45.347,3.9041300000000003,3.9019300000000006,1,1
24.08.2021 00:33:59.275,3.9041300000000003,3.90214,1,1
24.08.2021 00:34:00.665,3.9041400000000004,3.9021300000000005,1,1
24.08.2021 00:34:00.777,3.9040900000000005,3.90197,1,1
24.08.2021 00:34:17.276,3.9039900000000003,3.9019800000000004,1,1
24.08.2021 00:34:19.460,3.9040900000000005,3.90197,1,1
24.08.2021 00:34:48.625,3.9040800000000004,3.9019800000000004,1,1
24.08.2021 00:34:48.675,3.9040800000000004,3.90214,1,1
24.08.2021 00:34:49.339,3.9040900000000005,3.9021300000000005,1,1
24.08.2021 00:35:00.373,3.9040900000000005,3.902,1,1
24.08.2021 00:35:19.027,3.90401,3.90201,1,1
24.08.2021 00:35:19.229,3.90402,3.902,1,1
24.08.2021 00:35:55.255,3.90415,3.902,1,1
24.08.2021 00:35:57.464,3.90406,3.902,1,1
24.08.2021 00:35:58.117,3.90406,3.902,1,1
24.08.2021 00:36:01.642,3.9041800000000006,3.902,1,1
24.08.2021 00:36:20.031,3.90412,3.902,1,1
24.08.2021 00:36:20.964,3.9039300000000003,3.90201,1,1
24.08.2021 00:36:22.253,3.9039400000000004,3.902,1,1
24.08.2021 00:36:43.212,3.9042000000000003,3.902,1,1
24.08.2021 00:36:49.994,3.9042000000000003,3.902,1,1
24.08.2021 00:36:50.197,3.9042000000000003,3.902,1,1
24.08.2021 00:37:14.142,3.90416,3.9017300000000006,1,1
24.08.2021 00:37:14.193,3.9039900000000003,3.9016300000000004,1,1
24.08.2021 00:37:18.468,3.90402,3.90172,1,1
24.08.2021 00:37:18.518,3.90402,3.90197,1,1
24.08.2021 00:37:26.215,3.9041900000000003,3.90197,1,1
24.08.2021 00:37:31.479,3.90404,3.9019800000000004,1,1
24.08.2021 00:37:47.762,3.90395,3.90197,1,1
24.08.2021 00:37:47.813,3.9040500000000002,3.90197,1,1
24.08.2021 00:37:47.914,3.9039400000000004,3.9019800000000004,1,1
24.08.2021 00:37:47.964,3.90404,3.9019800000000004,1,1
24.08.2021 00:37:48.205,3.9040500000000002,3.90197,1,1
24.08.2021 00:37:52.275,3.9040500000000002,3.90197,1,1
24.08.2021 00:37:56.798,3.90395,3.90197,1,1
24.08.2021 00:37:56.848,3.90404,3.9019800000000004,1,1
24.08.2021 00:37:56.991,3.90395,3.90197,1,1
24.08.2021 00:37:57.041,3.9040500000000002,3.90197,1,1
24.08.2021 00:38:01.554,3.90395,3.90197,1,1
24.08.2021 00:38:01.605,3.9040500000000002,3.90197,1,1
24.08.2021 00:38:42.900,3.90407,3.9019800000000004,1,1
24.08.2021 00:38:43.101,3.90407,3.9019800000000004,1,1
24.08.2021 00:38:43.437,3.9039400000000004,3.9019800000000004,1,1
24.08.2021 00:38:43.487,3.9040800000000004,3.90197,1,1
24.08.2021 00:38:43.538,3.90395,3.90197,1,1
24.08.2021 00:38:43.588,3.9040800000000004,3.90197,1,1
24.08.2021 00:38:43.891,3.90395,3.90197,1,1
24.08.2021 00:38:43.941,3.90407,3.9019800000000004,1,1
24.08.2021 00:38:44.281,3.90395,3.90197,1,1
24.08.2021 00:38:44.332,3.9040500000000002,3.90197,1,1
24.08.2021 00:38:47.830,3.9040300000000006,3.90197,1,1
24.08.2021 00:38:48.030,3.9040300000000006,3.90197,1,1
24.08.2021 00:38:48.476,3.9040300000000006,3.90197,1,1
24.08.2021 00:38:48.680,3.90402,3.9019800000000004,1,1
24.08.2021 00:38:49.042,3.9040300000000006,3.90197,1,1
24.08.2021 00:38:58.221,3.9040800000000004,3.90197,1,1
24.08.2021 00:38:58.454,3.9040800000000004,3.90197,1,1
24.08.2021 00:38:58.841,3.90402,3.9019800000000004,1,1
24.08.2021 00:38:59.026,3.9040300000000006,3.90197,1,1
24.08.2021 00:39:03.653,3.90407,3.9019800000000004,1,1
24.08.2021 00:39:03.854,3.9039699999999997,3.90197,1,1
24.08.2021 00:39:04.056,3.90396,3.9019800000000004,1,1
24.08.2021 00:39:09.098,3.9039900000000003,3.9018900000000003,1,1
24.08.2021 00:39:11.619,3.9039900000000003,3.9020699999999997,1,1
24.08.2021 00:39:12.261,3.9039800000000007,3.90185,1,1
24.08.2021 00:39:12.312,3.9039900000000003,3.9020300000000003,1,1
24.08.2021 00:39:12.469,3.9041400000000004,3.9020300000000003,1,1
24.08.2021 00:39:19.804,3.90416,3.9019000000000004,1,1
24.08.2021 00:39:20.716,3.9039900000000003,3.9018900000000003,1,1
24.08.2021 00:39:37.129,3.9039900000000003,3.9020699999999997,1,1
24.08.2021 00:39:37.648,3.9039800000000007,3.90201,1,1
24.08.2021 00:40:00.529,3.9039900000000003,3.9020699999999997,1,1
24.08.2021 00:40:08.109,3.9039900000000003,3.902,1,1
24.08.2021 00:40:11.401,3.9039900000000003,3.9020699999999997,1,1
24.08.2021 00:40:22.059,3.90402,3.902,1,1
24.08.2021 00:40:22.233,3.90412,3.902,1,1
24.08.2021 00:40:23.513,3.90412,3.9020699999999997,1,1
24.08.2021 00:40:23.640,3.90412,3.9020699999999997,1,1
24.08.2021 00:40:30.757,3.90412,3.90221,1,1
24.08.2021 00:40:30.902,3.90411,3.90222,1,1
24.08.2021 00:40:42.528,3.90427,3.90221,1,1
24.08.2021 00:41:02.339,3.90427,3.9021300000000005,1,1
24.08.2021 00:41:10.688,3.90426,3.90222,1,1
24.08.2021 00:41:27.284,3.9043699999999997,3.90222,1,1
24.08.2021 00:42:00.506,3.9043900000000002,3.9021300000000005,1,1
24.08.2021 00:42:18.319,3.90432,3.9021300000000005,1,1
24.08.2021 00:42:21.454,3.90431,3.90222,1,1
24.08.2021 00:42:28.737,3.90432,3.9021300000000005,1,1
24.08.2021 00:42:29.234,3.90435,3.9021300000000005,1,1
24.08.2021 00:42:29.387,3.90425,3.9021300000000005,1,1
24.08.2021 00:42:29.542,3.90425,3.90221,1,1
24.08.2021 00:42:39.168,3.90425,3.9021300000000005,1,1
24.08.2021 00:42:39.809,3.90425,3.90221,1,1
24.08.2021 00:42:43.235,3.90435,3.90221,1,1
24.08.2021 00:42:43.389,3.9042800000000004,3.90221,1,1
24.08.2021 00:42:43.836,3.90427,3.90222,1,1
24.08.2021 00:42:43.887,3.9042800000000004,3.90237,1,1
24.08.2021 00:42:50.661,3.90444,3.90251,1,1
24.08.2021 00:42:50.812,3.90451,3.90251,1,1
24.08.2021 00:42:50.915,3.90451,3.90251,1,1
24.08.2021 00:42:51.191,3.9045,3.90252,1,1
24.08.2021 00:42:51.735,3.90451,3.90251,1,1
24.08.2021 00:43:01.024,3.9045900000000002,3.90251,1,1
24.08.2021 00:43:01.074,3.9046900000000004,3.9026800000000006,1,1
24.08.2021 00:43:01.225,3.9047300000000003,3.90267,1,1
24.08.2021 00:43:01.395,3.9047300000000003,3.90267,1,1
24.08.2021 00:43:01.598,3.9047199999999997,3.9026800000000006,1,1
24.08.2021 00:43:22.937,3.9045900000000002,3.90267,1,1
24.08.2021 00:43:26.772,3.9045900000000002,3.90251,1,1
24.08.2021 00:43:26.928,3.9045900000000002,3.90251,1,1
24.08.2021 00:43:37.637,3.9045800000000006,3.90252,1,1
24.08.2021 00:43:42.521,3.90451,3.9019300000000006,1.5,1
24.08.2021 00:43:42.572,3.9045199999999998,3.9021500000000002,1.5,1
24.08.2021 00:43:47.855,3.9045199999999998,3.90192,1.5,1.25
24.08.2021 00:43:47.906,3.90451,3.90196,1.5,1
24.08.2021 00:44:02.598,3.9045199999999998,3.9019500000000003,1.5,1
24.08.2021 00:44:02.970,3.9045199999999998,3.9019500000000003,1.5,1
24.08.2021 00:44:14.248,3.90451,3.90196,1,1.12
24.08.2021 00:44:19.493,3.9045199999999998,3.9019500000000003,1.5,1
24.08.2021 00:44:21.094,3.9045199999999998,3.9019500000000003,1,1.12
24.08.2021 00:44:26.380,3.9045199999999998,3.9019500000000003,1.5,1
24.08.2021 00:44:32.249,3.9045199999999998,3.9019500000000003,1,1
24.08.2021 00:44:34.577,3.90451,3.90196,1.5,1
24.08.2021 00:44:46.789,3.9045900000000002,3.90206,1,1
24.08.2021 00:44:52.781,3.9046000000000003,3.90205,1,1
24.08.2021 00:45:04.703,3.9046000000000003,3.90205,1,1
24.08.2021 00:45:38.008,3.9045199999999998,3.90196,1.5,1.5
24.08.2021 00:45:56.602,3.9045199999999998,3.90196,1.5,1.5
24.08.2021 00:46:21.350,3.9045300000000003,3.9019500000000003,1.5,1.5
24.08.2021 00:46:26.302,3.9045300000000003,3.9019500000000003,1.5,1.5
24.08.2021 00:46:28.249,3.9045199999999998,3.90196,1,1.87
24.08.2021 00:46:28.849,3.9045300000000003,3.9019500000000003,1.5,1.5
24.08.2021 00:46:29.342,3.9045300000000003,3.9019500000000003,1,1.87
24.08.2021 00:46:42.804,3.9045199999999998,3.90196,1.5,1.5
24.08.2021 00:46:47.893,3.9045300000000003,3.9019500000000003,1.5,1.5
24.08.2021 00:46:48.835,3.9045300000000003,3.9019500000000003,1.5,1.5
24.08.2021 00:47:20.678,3.9045199999999998,3.90196,1.5,1.5
24.08.2021 00:47:31.643,3.9045199999999998,3.90196,1.5,1.5
24.08.2021 00:47:35.505,3.9045199999999998,3.90196,1.5,1.5
24.08.2021 00:47:37.430,3.9045300000000003,3.9019500000000003,1.5,1.5
24.08.2021 00:47:39.942,3.90442,3.90186,1.5,1.25
24.08.2021 00:47:40.781,3.90442,3.90186,1.5,1
24.08.2021 00:47:41.316,3.9044300000000005,3.90185,1.5,1
24.08.2021 00:47:56.210,3.90436,3.9017900000000005,1.5,1
24.08.2021 00:47:56.261,3.90435,3.90177,1.5,1
24.08.2021 00:47:56.535,3.90435,3.90177,1.5,1
24.08.2021 00:47:56.738,3.90436,3.90176,1.5,1
24.08.2021 00:47:57.175,3.90436,3.9017500000000003,1.5,1
24.08.2021 00:47:59.753,3.90436,3.9017500000000003,1.5,1
24.08.2021 00:48:08.710,3.90436,3.9017500000000003,1.5,1
24.08.2021 00:48:08.760,3.90422,3.90166,1.5,1
24.08.2021 00:48:08.811,3.9041300000000003,3.9015500000000003,1.5,1
24.08.2021 00:48:08.912,3.90412,3.90156,1,1.12
24.08.2021 00:48:09.110,3.9041300000000003,3.9015500000000003,1.5,1
24.08.2021 00:48:46.118,3.9041300000000003,3.9015500000000003,1.5,1
24.08.2021 00:48:47.983,3.9042000000000003,3.90162,1.5,1
24.08.2021 00:48:48.033,3.9042000000000003,3.90162,1.5,1
24.08.2021 00:49:01.476,3.90422,3.9016900000000003,1.5,1
24.08.2021 00:49:01.682,3.9043,3.90172,1.5,1
24.08.2021 00:49:01.733,3.9042900000000005,3.9017300000000006,1.5,1
24.08.2021 00:49:37.873,3.9043,3.90172,1.5,1.5
24.08.2021 00:49:44.883,3.9042300000000005,3.9016800000000003,1.5,1
24.08.2021 00:50:43.137,3.9042300000000005,3.90162,1.5,1.75
24.08.2021 00:50:43.238,3.9042300000000005,3.90162,1.5,1
24.08.2021 00:51:43.084,3.90422,3.9016300000000004,1,2
24.08.2021 00:52:09.252,3.90432,3.9018,1,1
24.08.2021 00:52:09.309,3.9043300000000003,3.9017900000000005,1,1.5
24.08.2021 00:52:09.369,3.90436,3.9017900000000005,1,1.5
24.08.2021 00:52:09.558,3.90435,3.9018,1.5,1
24.08.2021 00:52:46.998,3.90447,3.90192,1.5,1
24.08.2021 00:52:47.049,3.9045900000000002,3.9020300000000003,1.5,1
24.08.2021 00:52:47.182,3.90462,3.90212,1.5,1
24.08.2021 00:52:47.232,3.9047,3.90212,1.5,1
24.08.2021 00:52:52.258,3.90477,3.90225,1.5,1
24.08.2021 00:52:52.308,3.90477,3.90225,1.5,1
24.08.2021 00:52:55.102,3.90477,3.90225,1.5,1
24.08.2021 00:53:00.198,3.90482,3.9022900000000003,1.81,1
24.08.2021 00:53:00.358,3.9048300000000005,3.9022800000000006,1,1
24.08.2021 00:53:00.589,3.9049400000000003,3.9023800000000004,1.5,1
24.08.2021 00:53:02.240,3.90485,3.9022900000000003,1.5,1
24.08.2021 00:53:02.360,3.90485,3.9022900000000003,1.5,1
24.08.2021 00:53:02.410,3.90476,3.90217,1.5,1
24.08.2021 00:53:03.321,3.90476,3.9021500000000002,1.5,1
24.08.2021 00:53:17.430,3.9046600000000002,3.90212,1.5,1
24.08.2021 00:53:17.481,3.9046600000000002,3.90212,1.5,1
24.08.2021 00:53:17.612,3.90465,3.9020900000000003,1.5,1
24.08.2021 00:53:26.792,3.90464,3.9020800000000007,1,1
24.08.2021 00:53:30.082,3.9046600000000002,3.9020800000000007,1,1
24.08.2021 00:53:30.144,3.90464,3.9020800000000007,1,1
24.08.2021 00:53:30.194,3.9046600000000002,3.9020800000000007,1,1
24.08.2021 00:53:30.295,3.90461,3.9020800000000007,1,1
24.08.2021 00:53:36.239,3.90465,3.9020900000000003,1,1
24.08.2021 00:53:36.294,3.90465,3.9019900000000005,1,1
24.08.2021 00:53:36.345,3.9048000000000003,3.9019500000000003,1,1
24.08.2021 00:53:36.395,3.9048000000000003,3.9021900000000005,1,1
24.08.2021 00:53:36.674,3.9048300000000005,3.9021900000000005,1,1
24.08.2021 00:53:42.494,3.90481,3.9021900000000005,1,1
24.08.2021 00:53:50.323,3.90477,3.9021900000000005,1,1
24.08.2021 00:53:57.682,3.9048300000000005,3.9021900000000005,1,1
24.08.2021 00:53:57.732,3.9048000000000003,3.9022,1,1
24.08.2021 00:53:58.124,3.90477,3.9021900000000005,1,1
24.08.2021 00:54:01.654,3.9047300000000003,3.9021900000000005,1,1
24.08.2021 00:54:03.400,3.90471,3.9021900000000005,1,1
24.08.2021 00:54:03.516,3.9046800000000004,3.9021900000000005,1,1
24.08.2021 00:54:03.695,3.9047199999999997,3.9022,1,1
24.08.2021 00:54:03.746,3.90471,3.9021900000000005,1,1
24.08.2021 00:54:04.020,3.9046300000000005,3.9021900000000005,1,1
24.08.2021 00:54:04.239,3.90462,3.90206,1,1
24.08.2021 00:54:04.756,3.90461,3.90205,1,1
24.08.2021 00:54:04.816,3.90462,3.90206,1,1
24.08.2021 00:54:18.270,3.90461,3.90205,1,1
24.08.2021 00:54:24.285,3.90462,3.90206,1,1
24.08.2021 00:54:26.120,3.90461,3.90205,1,1
24.08.2021 00:54:26.285,3.9046300000000005,3.90205,1,1
24.08.2021 00:54:37.630,3.90461,3.90205,1,1
24.08.2021 00:54:39.232,3.9046300000000005,3.90205,1,1
24.08.2021 00:54:39.632,3.90461,3.90205,1,1
24.08.2021 00:54:41.734,3.9045800000000006,3.90205,1,1
24.08.2021 00:54:41.829,3.90462,3.90206,1,1
24.08.2021 00:54:41.885,3.90461,3.90205,1,1
24.08.2021 00:54:42.165,3.9046300000000005,3.90205,1,1
24.08.2021 00:54:42.598,3.9046000000000003,3.90206,1,1
24.08.2021 00:54:42.706,3.90462,3.90206,1,1
24.08.2021 00:54:48.801,3.90461,3.90205,1,1
24.08.2021 00:54:49.768,3.9045800000000006,3.90205,1,1
24.08.2021 00:54:49.830,3.90462,3.90206,1,1
24.08.2021 00:54:49.881,3.90461,3.90205,1,1
24.08.2021 00:54:52.399,3.9045199999999998,3.9020300000000003,1,1
24.08.2021 00:54:52.450,3.9045199999999998,3.9019300000000006,1,1.5
24.08.2021 00:54:55.161,3.90446,3.90185,1,1.75
24.08.2021 00:54:55.212,3.90446,3.90185,1,1.5
24.08.2021 00:54:55.965,3.9044300000000005,3.90186,1,1.5
24.08.2021 00:54:56.015,3.90446,3.90185,1,1.5
24.08.2021 00:54:59.246,3.9043,3.9016900000000003,1,1.25
24.08.2021 00:54:59.297,3.9043,3.9016900000000003,1,1
24.08.2021 00:55:00.334,3.9043,3.90176,1,1
24.08.2021 00:55:00.688,3.9043,3.9016900000000003,1,1.75
24.08.2021 00:55:00.789,3.9042900000000005,3.9017000000000004,1,1
24.08.2021 00:55:02.225,3.9043,3.90172,1,1
24.08.2021 00:55:07.177,3.9043,3.90172,1,1.5
24.08.2021 00:55:08.279,3.9043,3.90172,1.5,1
24.08.2021 00:55:09.125,3.9043,3.90172,1.5,1
24.08.2021 00:55:34.237,3.9042900000000005,3.9017300000000006,1,1.5
24.08.2021 00:55:34.439,3.9043,3.90172,1.5,1
24.08.2021 00:55:36.072,3.9042000000000003,3.90172,1,1
24.08.2021 00:55:36.122,3.9042000000000003,3.9015800000000005,1,1
24.08.2021 00:55:37.587,3.9042000000000003,3.9015800000000005,1,1.5
24.08.2021 00:55:39.056,3.9042900000000005,3.90166,1.5,1.12
24.08.2021 00:55:39.106,3.9042900000000005,3.90166,1,1.5
24.08.2021 00:55:41.538,3.9042900000000005,3.90166,1,1.5
24.08.2021 00:55:41.589,3.90446,3.9018400000000004,1.5,1.5
24.08.2021 00:55:41.741,3.90445,3.90185,1,1.5
24.08.2021 00:55:41.904,3.9044900000000005,3.90191,1,1.5
24.08.2021 00:55:54.644,3.90455,3.90191,1.25,1.5
24.08.2021 00:55:54.695,3.90456,3.90191,1,1.5
24.08.2021 00:55:59.956,3.90462,3.90205,1,1.12
24.08.2021 00:56:00.233,3.90462,3.90214,1,1
24.08.2021 00:56:01.435,3.90476,3.9023300000000005,1,1
24.08.2021 00:56:02.653,3.90476,3.9023300000000005,1.5,1
24.08.2021 00:56:04.250,3.9047500000000004,3.90234,1,1
24.08.2021 00:56:05.912,3.90476,3.9023300000000005,1,1.5
24.08.2021 00:56:06.687,3.9047500000000004,3.90234,1.5,1
24.08.2021 00:56:07.245,3.90476,3.9023300000000005,1,1
24.08.2021 00:56:10.587,3.90476,3.9023300000000005,1.5,1
24.08.2021 00:56:13.818,3.90476,3.9023300000000005,1,1
24.08.2021 00:56:18.204,3.90476,3.9023300000000005,1.5,1
24.08.2021 00:56:19.926,3.90476,3.9023300000000005,1.5,1
24.08.2021 00:56:55.225,3.9048400000000005,3.9023300000000005,1.5,1
24.08.2021 00:57:02.876,3.90491,3.90232,1.5,1
24.08.2021 00:57:03.346,3.9050300000000004,3.9025900000000004,1.5,1
24.08.2021 00:57:03.460,3.9050300000000004,3.9025900000000004,1.5,1
24.08.2021 00:57:06.112,3.9050800000000003,3.90252,1.5,1
24.08.2021 00:57:09.973,3.90511,3.90252,1.5,1
24.08.2021 00:57:11.675,3.90511,3.90252,1.5,1
24.08.2021 00:57:17.177,3.9051,3.9025300000000005,1.5,1
24.08.2021 00:57:21.849,3.9051300000000007,3.9025300000000005,1.5,1
24.08.2021 00:57:30.059,3.9050000000000002,3.9024800000000006,1.5,1.5
24.08.2021 00:57:33.421,3.9050000000000002,3.9024800000000006,1,2
24.08.2021 00:57:34.741,3.90501,3.90247,1.5,1
24.08.2021 00:57:36.351,3.9049500000000004,3.90247,1.5,1
24.08.2021 00:57:37.042,3.9049500000000004,3.90247,1.12,1
24.08.2021 00:57:37.199,3.9049500000000004,3.90247,1.5,1
24.08.2021 00:57:37.402,3.9049500000000004,3.90247,1.12,1
24.08.2021 00:57:38.245,3.90501,3.90247,1,1.5
24.08.2021 00:57:38.346,3.90502,3.90247,1,1.5
24.08.2021 00:57:38.742,3.90501,3.90247,1,1.5
24.08.2021 00:57:38.884,3.90501,3.9024800000000006,1,1.5
24.08.2021 00:57:40.319,3.9050400000000005,3.9024800000000006,1,1.5
24.08.2021 00:57:40.372,3.9051,3.9024800000000006,1,1.5
24.08.2021 00:57:40.422,3.90507,3.9024800000000006,1,1.5
24.08.2021 00:57:40.561,3.90505,3.90247,1,1.5
24.08.2021 00:57:41.085,3.9051,3.9024800000000006,1,1.5
24.08.2021 00:57:41.136,3.90507,3.9024800000000006,1,1.5
24.08.2021 00:57:41.283,3.90505,3.90247,1,1.5
24.08.2021 00:57:42.598,3.90501,3.90247,1,1.5
24.08.2021 00:57:42.771,3.90507,3.90247,1,1.5
24.08.2021 00:57:42.821,3.9050400000000005,3.9024800000000006,1,1.5
24.08.2021 00:57:46.602,3.90505,3.90247,1,1.5
24.08.2021 00:57:51.478,3.9051,3.9024800000000006,1,1.5
24.08.2021 00:57:51.528,3.9050800000000003,3.90247,1,1.5
24.08.2021 00:57:52.802,3.90507,3.9024800000000006,1,1.5
24.08.2021 00:57:55.299,3.9050800000000003,3.9028300000000007,1,1
24.08.2021 00:57:55.657,3.90507,3.9028400000000003,1.5,1
24.08.2021 00:58:00.498,3.90501,3.9028300000000007,1,1
24.08.2021 00:58:04.332,3.90507,3.9028300000000007,1.5,1
24.08.2021 00:58:06.064,3.90501,3.9028300000000007,1,1
24.08.2021 00:58:06.247,3.90511,3.9028300000000007,1.5,1
24.08.2021 00:58:06.578,3.90501,3.9028300000000007,1,1
24.08.2021 00:58:06.795,3.90507,3.9028300000000007,1.5,1
24.08.2021 00:58:07.075,3.9050000000000002,3.9028400000000003,1,1
24.08.2021 00:58:09.239,3.90506,3.9028400000000003,1.5,1
24.08.2021 00:58:12.256,3.90501,3.9028300000000007,1,1
24.08.2021 00:58:15.242,3.90507,3.9028300000000007,1.5,1
24.08.2021 00:58:16.260,3.90505,3.9028300000000007,1.5,1
24.08.2021 00:58:21.345,3.9051300000000007,3.9028300000000007,1.5,1
24.08.2021 00:58:21.607,3.9052300000000004,3.9028300000000007,1.5,1
24.08.2021 00:58:22.517,3.9052300000000004,3.9031300000000004,1.5,1
24.08.2021 00:58:24.732,3.90522,3.9031400000000005,1.5,1
24.08.2021 00:58:25.024,3.90522,3.9031400000000005,1.5,1
24.08.2021 00:58:25.125,3.9052300000000004,3.9028400000000003,1.5,1
24.08.2021 00:58:25.176,3.9052300000000004,3.9027800000000004,1.5,1
24.08.2021 00:58:25.226,3.9052300000000004,3.9027800000000004,1.5,1
24.08.2021 00:58:25.426,3.9052300000000004,3.9028300000000007,1.5,1
24.08.2021 00:58:30.950,3.9052300000000004,3.9028400000000003,1.5,1
24.08.2021 00:58:32.278,3.9052300000000004,3.9028400000000003,1,1
24.08.2021 00:58:32.488,3.9052000000000002,3.9028500000000004,1,1
24.08.2021 00:58:33.216,3.9051800000000005,3.9028400000000003,1,1
24.08.2021 00:58:33.297,3.9052300000000004,3.9028400000000003,1,1
24.08.2021 00:58:33.347,3.90521,3.9028400000000003,1,1
24.08.2021 00:58:33.398,3.9052000000000002,3.9028199999999997,1,1
24.08.2021 00:58:33.499,3.9051800000000005,3.90281,1,1
24.08.2021 00:58:33.819,3.9052300000000004,3.90281,1.5,1
24.08.2021 00:58:33.965,3.9052300000000004,3.9028400000000003,1.5,1
24.08.2021 00:58:34.067,3.9052300000000004,3.9028400000000003,1.5,1
24.08.2021 00:58:41.094,3.9052300000000004,3.9028500000000004,1.5,1
24.08.2021 00:58:41.470,3.9051800000000005,3.9028500000000004,1.5,1
24.08.2021 00:58:49.651,3.9052300000000004,3.9028500000000004,1.5,1
24.08.2021 00:58:52.259,3.90525,3.90287,1.5,1
24.08.2021 00:58:52.513,3.90525,3.90287,1.5,1
24.08.2021 00:58:59.767,3.9051800000000005,3.90286,1.5,1
24.08.2021 00:59:04.064,3.9051800000000005,3.9028300000000007,1.5,1
24.08.2021 00:59:05.069,3.9051800000000005,3.9028300000000007,1.5,1
24.08.2021 00:59:05.119,3.90516,3.9027900000000004,1.5,1
24.08.2021 00:59:05.170,3.90507,3.9027600000000002,1.5,1
24.08.2021 00:59:05.231,3.90507,3.9026800000000006,1.5,1
24.08.2021 00:59:05.282,3.9050800000000003,3.9026300000000003,1.5,1
24.08.2021 00:59:05.518,3.90505,3.9027000000000003,1.5,1
24.08.2021 00:59:07.272,3.90505,3.90275,1.5,1
24.08.2021 00:59:10.430,3.90505,3.9027300000000005,1.5,1
24.08.2021 00:59:11.826,3.90505,3.90272,1.5,1
24.08.2021 00:59:14.630,3.90505,3.9029300000000005,1.5,1
24.08.2021 00:59:44.199,3.9050800000000003,3.9024800000000006,1.5,1.5
24.08.2021 00:59:44.249,3.9050800000000003,3.90254,1.5,1
24.08.2021 00:59:46.407,3.90511,3.90254,1.5,1
24.08.2021 00:59:46.684,3.90516,3.90257,1.5,1
24.08.2021 00:59:46.785,3.90516,3.9026,1.5,1
24.08.2021 00:59:56.046,3.9051500000000003,3.90255,1.5,1
24.08.2021 00:59:56.489,3.90505,3.90254,1,1.5
24.08.2021 00:59:56.586,3.90501,3.90254,1,1.5
24.08.2021 00:59:56.659,3.90507,3.90254,1,1.5
24.08.2021 00:59:56.710,3.9050400000000005,3.90255,1,1.5
24.08.2021 00:59:57.014,3.90501,3.90254,1.5,1
24.08.2021 01:00:00.080,3.90505,3.9024800000000006,1.5,1
24.08.2021 01:00:01.149,3.9050000000000002,3.9024199999999998,1.5,1
24.08.2021 01:00:01.426,3.90505,3.90241,1,1.5
24.08.2021 01:00:01.614,3.90501,3.90241,1,1.5
24.08.2021 01:00:02.036,3.90505,3.9024199999999998,1,1.5
24.08.2021 01:00:02.329,3.9050400000000005,3.9024199999999998,1,1.5
24.08.2021 01:00:02.619,3.9050000000000002,3.9024199999999998,1,1.5
24.08.2021 01:00:02.750,3.90506,3.90241,1,1.5
24.08.2021 01:00:03.331,3.90505,3.90241,1,1.5
24.08.2021 01:00:04.121,3.9050000000000002,3.9024199999999998,1,1.5
24.08.2021 01:00:04.380,3.9050000000000002,3.9024199999999998,1.5,1
24.08.2021 01:00:04.431,3.90501,3.90241,1.5,1
24.08.2021 01:00:06.513,3.90501,3.90241,1,1.5
24.08.2021 01:00:10.105,3.90506,3.90241,1,1.5
24.08.2021 01:00:10.287,3.90505,3.90241,1,1.5
24.08.2021 01:00:10.404,3.90501,3.90241,1,1.5
24.08.2021 01:00:10.505,3.90506,3.90241,1,1.5
24.08.2021 01:00:11.313,3.90501,3.90241,1,1.5
24.08.2021 01:00:12.453,3.90501,3.90241,1,1.5
24.08.2021 01:00:14.302,3.90506,3.90241,1,1.5
24.08.2021 01:00:14.655,3.9050000000000002,3.9024199999999998,1,1.5
24.08.2021 01:00:14.728,3.90506,3.90241,1,1.5
24.08.2021 01:00:15.213,3.9050000000000002,3.9024199999999998,1,1.5
24.08.2021 01:00:15.294,3.90505,3.9024199999999998,1,1.5
24.08.2021 01:00:15.395,3.9050400000000005,3.9024199999999998,1,1.5
24.08.2021 01:00:15.707,3.9050000000000002,3.9024199999999998,1,1.5
24.08.2021 01:00:17.536,3.90501,3.90241,1.5,1
24.08.2021 01:00:18.819,3.9050400000000005,3.9024199999999998,1.5,1
24.08.2021 01:00:25.616,3.90511,3.90251,1.5,1
24.08.2021 01:00:32.502,3.90505,3.90251,1.5,1
24.08.2021 01:00:32.703,3.90501,3.90251,1.5,1
24.08.2021 01:00:33.583,3.90505,3.9028300000000007,1.5,1
24.08.2021 01:00:40.722,3.90511,3.9028300000000007,1.5,1
24.08.2021 01:00:43.520,3.90511,3.9028300000000007,1.5,1
24.08.2021 01:00:43.973,3.9050900000000004,3.9028300000000007,1,1
24.08.2021 01:00:45.970,3.9050800000000003,3.9028300000000007,1,1
24.08.2021 01:00:46.077,3.9050900000000004,3.9028300000000007,1,1
24.08.2021 01:00:46.273,3.9050800000000003,3.9028300000000007,1,1
24.08.2021 01:00:46.379,3.9050900000000004,3.9028300000000007,1,1
24.08.2021 01:00:47.132,3.9050800000000003,3.9028300000000007,1,1
24.08.2021 01:00:48.066,3.9050900000000004,3.9028300000000007,1,1
24.08.2021 01:00:48.855,3.9051800000000005,3.9028300000000007,1.5,1
24.08.2021 01:00:49.521,3.90519,3.9028300000000007,1,1
24.08.2021 01:00:49.906,3.90519,3.9028300000000007,1.5,1
24.08.2021 01:00:54.258,3.90519,3.9028300000000007,1,1
24.08.2021 01:00:54.483,3.9051800000000005,3.9028400000000003,1.5,1
24.08.2021 01:00:55.766,3.90527,3.9030400000000003,1.5,1
24.08.2021 01:00:57.619,3.90539,3.9030300000000007,1.5,1
24.08.2021 01:00:59.148,3.9053800000000005,3.9033300000000004,1.5,1
24.08.2021 01:01:00.619,3.90545,3.9033300000000004,1.5,1
24.08.2021 01:01:03.126,3.9054900000000004,3.9033300000000004,1,1
24.08.2021 01:01:03.177,3.9054800000000003,3.9033400000000005,1.5,1
24.08.2021 01:01:03.277,3.9054900000000004,3.90286,1.5,1
24.08.2021 01:01:14.851,3.90576,3.9029400000000005,1.75,1.5
24.08.2021 01:01:14.901,3.9057500000000003,3.9031900000000004,1.5,1
24.08.2021 01:01:22.033,3.9056100000000002,3.9032,1,1
24.08.2021 01:01:22.172,3.9055800000000005,3.90297,1.5,1
24.08.2021 01:01:26.602,3.9055400000000002,3.9029800000000003,1.5,1
24.08.2021 01:01:32.970,3.90551,3.9029000000000003,1.5,1
24.08.2021 01:01:33.178,3.9053800000000005,3.90291,1.5,1
24.08.2021 01:01:58.916,3.9052800000000003,3.9026500000000004,2,1
24.08.2021 01:02:00.936,3.90527,3.9026500000000004,1.5,1.5
24.08.2021 01:02:01.115,3.9052800000000003,3.9026500000000004,2,1
24.08.2021 01:02:01.334,3.9052900000000004,3.9026400000000003,2,1.5
24.08.2021 01:02:11.369,3.9052900000000004,3.9026400000000003,1,2
24.08.2021 01:02:11.571,3.9052900000000004,3.9026400000000003,1.5,2
24.08.2021 01:02:19.877,3.9052900000000004,3.9026400000000003,1,2
24.08.2021 01:02:20.503,3.9052900000000004,3.9026400000000003,1.5,2
24.08.2021 01:02:21.507,3.9052800000000003,3.9026500000000004,1,2
24.08.2021 01:02:21.709,3.9052900000000004,3.9026400000000003,1.5,1.5
24.08.2021 01:02:23.166,3.9052900000000004,3.9026400000000003,1.5,2
24.08.2021 01:02:53.866,3.9052800000000003,3.90269,1.5,1
24.08.2021 01:02:59.628,3.9052900000000004,3.9026800000000006,1,1.5
24.08.2021 01:03:00.299,3.9052900000000004,3.9026800000000006,1.5,1
24.08.2021 01:03:00.946,3.90536,3.9027400000000005,1.5,1
24.08.2021 01:03:13.762,3.90536,3.9027400000000005,1.5,1
24.08.2021 01:03:14.188,3.9053500000000003,3.9027400000000005,1.12,1.5
24.08.2021 01:03:26.222,3.9053500000000003,3.9027400000000005,1.12,1
24.08.2021 01:03:26.273,3.90527,3.90275,1,1
24.08.2021 01:03:26.323,3.90522,3.90269,1,1
24.08.2021 01:03:30.206,3.9052000000000002,3.90269,1,1
24.08.2021 01:03:30.389,3.9051800000000005,3.9026800000000006,1,1
24.08.2021 01:03:31.824,3.90522,3.90269,1,1
24.08.2021 01:03:31.945,3.90521,3.9026800000000006,1,1
24.08.2021 01:03:43.114,3.9051800000000005,3.9026800000000006,1,1
24.08.2021 01:03:43.180,3.9052300000000004,3.9026800000000006,1,1
24.08.2021 01:03:43.230,3.9052000000000002,3.90269,1,1
24.08.2021 01:03:43.632,3.9051800000000005,3.9026800000000006,1,1
24.08.2021 01:03:43.693,3.9052300000000004,3.9026800000000006,1,1
24.08.2021 01:03:43.743,3.9052000000000002,3.90269,1,1
24.08.2021 01:03:48.867,3.90521,3.90261,1,1.5
24.08.2021 01:03:50.130,3.9051800000000005,3.90261,1,1.5
24.08.2021 01:03:50.196,3.90517,3.9026199999999998,1.5,1
24.08.2021 01:03:50.397,3.9051800000000005,3.90261,1.5,1
24.08.2021 01:03:50.598,3.9051800000000005,3.90261,1.5,1
24.08.2021 01:03:51.119,3.90521,3.90261,1,1.5
24.08.2021 01:03:51.338,3.90521,3.90261,1.5,1
24.08.2021 01:03:52.626,3.90521,3.90261,1,1.5
24.08.2021 01:03:52.790,3.90521,3.90261,1.5,1
24.08.2021 01:04:02.713,3.90511,3.90251,1.5,1.25
24.08.2021 01:04:02.764,3.9051,3.90251,1.5,1.5
24.08.2021 01:04:27.342,3.90497,3.90252,1.5,1
24.08.2021 01:04:27.443,3.90485,3.90225,1.5,2
24.08.2021 01:04:27.545,3.90486,3.9022400000000004,1.5,1.5
24.08.2021 01:04:28.429,3.90485,3.90225,1,2
24.08.2021 01:04:29.120,3.90485,3.90225,1.5,1.5
24.08.2021 01:04:30.749,3.90486,3.9022400000000004,1.5,2
24.08.2021 01:04:30.800,3.9049199999999997,3.90232,1.5,1
24.08.2021 01:04:40.415,3.90496,3.9023300000000005,1.5,1
24.08.2021 01:04:41.278,3.90496,3.9023300000000005,1.5,1.5
24.08.2021 01:04:41.520,3.9049500000000004,3.90234,1,1.5
24.08.2021 01:04:41.722,3.90496,3.9023300000000005,1.5,1
24.08.2021 01:04:41.923,3.90496,3.9023300000000005,1.5,1.5
24.08.2021 01:04:55.275,3.90496,3.9023300000000005,1,1.5
24.08.2021 01:04:55.707,3.9050300000000004,3.90247,1,1.5
24.08.2021 01:04:56.303,3.9050300000000004,3.90247,1,1
24.08.2021 01:04:56.504,3.9050300000000004,3.90247,1.5,1
24.08.2021 01:04:58.582,3.90499,3.90237,1.5,1
24.08.2021 01:05:54.626,3.90499,3.90237,1,1
24.08.2021 01:05:55.892,3.9050900000000004,3.90247,1.5,1
24.08.2021 01:05:56.091,3.9050900000000004,3.90261,1,1
24.08.2021 01:05:56.290,3.9050900000000004,3.90261,1,1.5
24.08.2021 01:05:56.653,3.9050800000000003,3.9024800000000006,1,2
24.08.2021 01:06:04.372,3.90517,3.90261,1.5,1
24.08.2021 01:06:13.864,3.9053300000000006,3.9028300000000007,1.5,1
24.08.2021 01:06:29.638,3.90531,3.9028300000000007,1,1.5
24.08.2021 01:06:34.056,3.9053,3.9028400000000003,1.5,1.5
24.08.2021 01:06:35.339,3.90531,3.9028300000000007,1,1.5
24.08.2021 01:07:04.554,3.90541,3.9028300000000007,1.5,1.5
24.08.2021 01:07:04.682,3.9053400000000003,3.9028300000000007,1,1.5
24.08.2021 01:07:04.753,3.9053400000000003,3.9028300000000007,1.5,1.5
24.08.2021 01:07:19.349,3.9053400000000003,3.9028300000000007,1,2
24.08.2021 01:07:23.987,3.9053400000000003,3.9028300000000007,1.5,1.5
24.08.2021 01:07:25.414,3.9053300000000006,3.9028400000000003,1,1.5
24.08.2021 01:07:27.380,3.9053300000000006,3.9028400000000003,1.5,1.5
24.08.2021 01:07:27.581,3.90531,3.9028300000000007,1.5,1.5
24.08.2021 01:07:28.293,3.9053400000000003,3.9028300000000007,1,1.5
24.08.2021 01:07:28.578,3.9053,3.9028400000000003,1,1.5
24.08.2021 01:07:28.675,3.90537,3.9028300000000007,1,1.5
24.08.2021 01:07:28.725,3.9053400000000003,3.9028300000000007,1,1.5
24.08.2021 01:07:34.110,3.9053400000000003,3.9028300000000007,1.5,1.5
24.08.2021 01:08:32.959,3.90527,3.9027000000000003,1.5,1
24.08.2021 01:08:34.287,3.90526,3.90271,1,1.5
24.08.2021 01:08:36.807,3.90531,3.9027000000000003,1,1.5
24.08.2021 01:08:38.962,3.90531,3.9027000000000003,2,1
24.08.2021 01:08:39.366,3.9053,3.90271,1.5,1.5
24.08.2021 01:08:42.989,3.90527,3.9027000000000003,1,1.5
24.08.2021 01:08:43.090,3.90527,3.9027000000000003,1.5,1
24.08.2021 01:08:45.288,3.90527,3.9027000000000003,1,1.5
24.08.2021 01:08:51.499,3.9053,3.90271,1,1.5
24.08.2021 01:08:54.496,3.9053,3.9028199999999997,1,1
24.08.2021 01:08:55.809,3.9053800000000005,3.90281,1,1
24.08.2021 01:08:55.859,3.9053300000000006,3.9028199999999997,1,1
24.08.2021 01:08:57.863,3.9053300000000006,3.9028199999999997,1,1.5
24.08.2021 01:09:10.099,3.90531,3.90281,1,1.5
24.08.2021 01:09:12.813,3.90537,3.90281,1,1.5
24.08.2021 01:09:13.559,3.90537,3.90281,1.5,1
24.08.2021 01:09:14.305,3.90537,3.90281,1.5,1
24.08.2021 01:09:16.714,3.9053300000000006,3.9028199999999997,1,1
24.08.2021 01:09:16.831,3.9053400000000003,3.90281,1.5,1
24.08.2021 01:09:20.422,3.9053400000000003,3.90281,1.5,1
24.08.2021 01:09:21.290,3.90531,3.90281,1,1
24.08.2021 01:09:22.995,3.90527,3.90281,1,1
24.08.2021 01:09:23.073,3.9053800000000005,3.90281,1.5,1
24.08.2021 01:09:23.124,3.90531,3.90281,1,1
24.08.2021 01:09:29.245,3.90527,3.90281,1,1
24.08.2021 01:09:29.685,3.9053300000000006,3.90281,1,1
24.08.2021 01:09:29.735,3.90531,3.90281,1,1
24.08.2021 01:09:30.238,3.90527,3.90281,1,1
24.08.2021 01:09:33.931,3.9053300000000006,3.90281,1,1
24.08.2021 01:09:33.981,3.9053,3.9028199999999997,1,1
24.08.2021 01:09:38.070,3.90526,3.9028199999999997,1,1
24.08.2021 01:09:39.145,3.9053199999999997,3.9028199999999997,1,1
24.08.2021 01:09:39.195,3.90531,3.90281,1,1
24.08.2021 01:09:48.585,3.90526,3.9028199999999997,1,1
24.08.2021 01:09:53.934,3.9053300000000006,3.90281,1,1
24.08.2021 01:09:53.984,3.9053,3.9028199999999997,1,1
24.08.2021 01:09:59.586,3.9052800000000003,3.9027000000000003,1,1.5
24.08.2021 01:09:59.637,3.90527,3.9027000000000003,1,1
24.08.2021 01:09:59.688,3.9052400000000005,3.9027000000000003,1,1
24.08.2021 01:09:59.798,3.90521,3.9027000000000003,1.5,1
24.08.2021 01:10:00.728,3.9051400000000003,3.90257,1.5,1
24.08.2021 01:10:00.779,3.9051300000000007,3.9025800000000004,1,1
24.08.2021 01:10:00.880,3.9051,3.9025800000000004,1,1
24.08.2021 01:10:00.988,3.9051400000000003,3.90257,1.5,1
24.08.2021 01:10:04.601,3.90511,3.90257,1.5,1
24.08.2021 01:10:12.103,3.9051400000000003,3.90257,1.5,1
24.08.2021 01:12:52.326,3.90511,3.90257,1.5,1
24.08.2021 01:13:00.468,3.90505,3.90247,1.5,1.5
24.08.2021 01:13:17.336,3.90497,3.90247,1,1
24.08.2021 01:13:17.458,3.9050300000000004,3.90247,1,1
24.08.2021 01:13:17.509,3.90501,3.90247,1,1
24.08.2021 01:13:25.822,3.90496,3.9024800000000006,1,1
24.08.2021 01:13:28.199,3.90497,3.90247,1.5,1
24.08.2021 01:13:43.657,3.90497,3.90247,1.5,1
24.08.2021 01:13:48.218,3.90497,3.90247,1.5,1
24.08.2021 01:13:55.988,3.9050000000000002,3.9024800000000006,1,1
24.08.2021 01:13:56.127,3.90505,3.90247,1.12,1
24.08.2021 01:13:56.228,3.90505,3.90247,1.5,1
24.08.2021 01:14:08.879,3.9050400000000005,3.90252,1.5,1
24.08.2021 01:14:19.897,3.9051300000000007,3.9025800000000004,1.5,1
24.08.2021 01:14:32.307,3.9051300000000007,3.9025800000000004,1,1.5
24.08.2021 01:14:34.868,3.9051400000000003,3.90257,1.5,1
24.08.2021 01:14:51.864,3.9051300000000007,3.9025800000000004,1.5,1
24.08.2021 01:14:57.189,3.90511,3.90257,1.5,1
24.08.2021 01:15:05.329,3.9051400000000003,3.90257,1.5,1
24.08.2021 01:15:05.673,3.90516,3.9025800000000004,1.5,1
24.08.2021 01:15:05.969,3.9051400000000003,3.90257,1.5,1
24.08.2021 01:15:06.221,3.9051400000000003,3.90257,1.5,1
24.08.2021 01:15:07.473,3.9051400000000003,3.90257,1.5,1
24.08.2021 01:15:07.676,3.9051400000000003,3.90257,1.5,1
24.08.2021 01:15:08.422,3.90511,3.90257,1.5,1
24.08.2021 01:15:08.622,3.9051,3.9025800000000004,1.5,1
24.08.2021 01:15:29.339,3.9051400000000003,3.90257,1.5,1
24.08.2021 01:15:30.398,3.9051400000000003,3.90257,1,1
24.08.2021 01:15:31.200,3.90519,3.9025800000000004,1.5,1
24.08.2021 01:15:31.251,3.90517,3.90257,1.5,1
24.08.2021 01:15:31.449,3.90516,3.9025800000000004,1,1
24.08.2021 01:15:31.694,3.90517,3.90257,1.5,1
24.08.2021 01:15:32.037,3.90517,3.90257,1,1.5
24.08.2021 01:15:32.207,3.90516,3.9025800000000004,1.5,1
24.08.2021 01:15:32.710,3.90517,3.90257,1,1.5
24.08.2021 01:15:32.910,3.90517,3.90257,1.5,1
24.08.2021 01:15:33.111,3.9051400000000003,3.90257,1,1.5
24.08.2021 01:15:33.231,3.90511,3.90257,1,1.5
24.08.2021 01:15:33.529,3.90516,3.9025800000000004,1.5,1
24.08.2021 01:15:34.729,3.90511,3.90257,1,1
24.08.2021 01:15:35.351,3.90516,3.9025800000000004,1,1
24.08.2021 01:15:35.401,3.9051300000000007,3.9025800000000004,1,1
24.08.2021 01:15:35.503,3.9051400000000003,3.90257,1.5,1
24.08.2021 01:15:35.707,3.9051400000000003,3.90257,1,1.5
24.08.2021 01:15:35.905,3.9051400000000003,3.90257,1.5,1
24.08.2021 01:15:36.844,3.9051400000000003,3.90257,1,1.5
24.08.2021 01:15:37.045,3.9051300000000007,3.9025800000000004,1.5,1
24.08.2021 01:15:37.615,3.9051400000000003,3.90257,1,1
24.08.2021 01:15:38.019,3.9051400000000003,3.90257,1.5,1
24.08.2021 01:15:39.299,3.90507,3.90257,1,1.5
24.08.2021 01:15:39.501,3.90507,3.90257,1.5,1
24.08.2021 01:15:39.781,3.90507,3.90257,1,1
24.08.2021 01:15:39.984,3.90506,3.9025800000000004,1.5,1
24.08.2021 01:15:40.590,3.9051,3.9025800000000004,1,1
24.08.2021 01:15:40.792,3.90511,3.90257,1.5,1
24.08.2021 01:15:41.050,3.9051,3.9025800000000004,1,1.5
24.08.2021 01:15:41.253,3.9051,3.9025800000000004,1.5,1
24.08.2021 01:15:41.858,3.9051300000000007,3.9025800000000004,1,1.5
24.08.2021 01:15:41.908,3.9051,3.9025800000000004,1,1.5
24.08.2021 01:15:41.959,3.9051400000000003,3.90257,1,1.5
24.08.2021 01:15:42.060,3.9051400000000003,3.90257,1.5,1
24.08.2021 01:15:42.215,3.9051400000000003,3.90257,1,1.5
24.08.2021 01:15:42.266,3.9051400000000003,3.90257,1.5,1
24.08.2021 01:15:42.525,3.9051400000000003,3.90257,1,1.5
24.08.2021 01:15:42.726,3.9051400000000003,3.90257,1.5,1
24.08.2021 01:15:42.928,3.9051300000000007,3.9025800000000004,1,1
24.08.2021 01:15:43.173,3.9051400000000003,3.90257,1.5,1
24.08.2021 01:15:44.050,3.9051400000000003,3.90257,1,1
24.08.2021 01:15:44.250,3.9051400000000003,3.90257,1.5,1
24.08.2021 01:15:44.586,3.90511,3.90257,1,1
24.08.2021 01:15:44.637,3.9051400000000003,3.90257,1,1
24.08.2021 01:15:44.759,3.9051400000000003,3.90257,1.5,1
24.08.2021 01:15:45.044,3.9051300000000007,3.9025800000000004,1,1
24.08.2021 01:15:45.800,3.9051400000000003,3.90257,1.5,1
24.08.2021 01:15:46.000,3.9051400000000003,3.90257,1,1
24.08.2021 01:15:46.202,3.9051400000000003,3.90257,1.5,1
24.08.2021 01:15:46.485,3.9051400000000003,3.90257,1,1.5
24.08.2021 01:15:46.687,3.9051300000000007,3.9025800000000004,1.5,1
24.08.2021 01:15:47.024,3.9051400000000003,3.90257,1,1
24.08.2021 01:15:47.426,3.9051400000000003,3.90257,1.5,1
24.08.2021 01:15:47.628,3.9051400000000003,3.90257,1,1
24.08.2021 01:15:47.829,3.9051400000000003,3.90257,1.5,1
24.08.2021 01:15:48.030,3.9051400000000003,3.90257,1,1
24.08.2021 01:15:48.233,3.9051300000000007,3.9025800000000004,1.5,1
24.08.2021 01:15:48.504,3.9051300000000007,3.9025800000000004,1,1
24.08.2021 01:15:48.683,3.9051400000000003,3.90257,1.5,1
24.08.2021 01:15:49.029,3.9051400000000003,3.90257,1,1
24.08.2021 01:15:49.232,3.9051400000000003,3.90257,1.5,1
24.08.2021 01:15:49.642,3.9051400000000003,3.90257,1,1.5
24.08.2021 01:15:50.170,3.9051400000000003,3.90257,1.5,1
24.08.2021 01:15:50.469,3.9051400000000003,3.90257,1,1.5
24.08.2021 01:15:50.670,3.9051400000000003,3.90257,1.5,1
24.08.2021 01:15:51.012,3.9051400000000003,3.90257,1,1
24.08.2021 01:15:51.176,3.9051300000000007,3.9025800000000004,1.5,1
24.08.2021 01:15:51.634,3.9051300000000007,3.9025800000000004,1,1
24.08.2021 01:15:51.836,3.9051400000000003,3.90257,1.5,1
24.08.2021 01:15:52.124,3.9051300000000007,3.9025800000000004,1,1
24.08.2021 01:15:52.225,3.9051400000000003,3.90257,1.5,1
24.08.2021 01:15:52.489,3.9051300000000007,3.9025800000000004,1,1
24.08.2021 01:15:52.981,3.9051400000000003,3.90257,1.5,1
24.08.2021 01:15:53.605,3.9051300000000007,3.9025800000000004,1,1
24.08.2021 01:15:54.196,3.9051300000000007,3.9025800000000004,1.5,1
24.08.2021 01:15:54.481,3.9051300000000007,3.9025800000000004,1,1
24.08.2021 01:15:54.683,3.9051400000000003,3.90257,1.5,1
24.08.2021 01:15:54.964,3.9051400000000003,3.90257,1,1
24.08.2021 01:15:55.182,3.9051300000000007,3.9025800000000004,1.5,1
24.08.2021 01:15:55.594,3.9051400000000003,3.90257,1,1.5
24.08.2021 01:15:55.707,3.9051400000000003,3.90257,1.5,1
24.08.2021 01:15:56.113,3.9051400000000003,3.90257,1,1.5
24.08.2021 01:15:56.670,3.9051300000000007,3.9025800000000004,1.5,1
24.08.2021 01:15:56.981,3.9051400000000003,3.90257,1,1.5
24.08.2021 01:15:57.184,3.9051400000000003,3.90257,1.5,1
24.08.2021 01:15:57.468,3.9051400000000003,3.90257,1,1.5
24.08.2021 01:15:57.678,3.9051400000000003,3.90257,1.5,1
24.08.2021 01:16:02.708,3.90511,3.90252,1.5,1
24.08.2021 01:16:03.035,3.90507,3.90251,1.5,1
24.08.2021 01:16:03.085,3.90506,3.9024800000000006,1.5,1
24.08.2021 01:16:03.533,3.9050000000000002,3.9024800000000006,1,1
24.08.2021 01:16:03.728,3.90501,3.90247,1.5,1
24.08.2021 01:16:04.106,3.90496,3.9024800000000006,1.5,1
24.08.2021 01:16:09.463,3.90506,3.9024800000000006,1.5,1
24.08.2021 01:16:09.591,3.90511,3.9024900000000002,1.5,1
24.08.2021 01:16:10.374,3.9051199999999997,3.9024900000000002,1,1.5
24.08.2021 01:16:17.659,3.9051,3.9025000000000003,1,1.5
24.08.2021 01:16:18.061,3.9051199999999997,3.9024900000000002,1,1.5
24.08.2021 01:16:18.111,3.9051199999999997,3.9024900000000002,1.5,1
24.08.2021 01:16:18.504,3.90511,3.9024900000000002,1,1.5
24.08.2021 01:16:19.621,3.90511,3.9025000000000003,1,1.5
24.08.2021 01:16:21.803,3.9051800000000005,3.90257,1.5,1
24.08.2021 01:16:22.074,3.90517,3.9025800000000004,1.5,1
24.08.2021 01:16:22.442,3.90517,3.9025800000000004,1,1.5
24.08.2021 01:16:22.649,3.9051800000000005,3.90257,1.5,1
24.08.2021 01:16:23.063,3.9051800000000005,3.90257,1,1.5
24.08.2021 01:16:24.626,3.9051800000000005,3.90257,1.5,1
24.08.2021 01:16:25.120,3.9051800000000005,3.90257,1,1.5
24.08.2021 01:16:25.621,3.90517,3.9025800000000004,1.5,1
24.08.2021 01:16:26.170,3.90517,3.9025800000000004,1,1.5
24.08.2021 01:16:30.188,3.9053,3.90271,1.5,1
24.08.2021 01:16:49.444,3.9053,3.90271,1,1
24.08.2021 01:16:49.796,3.90531,3.9027000000000003,1.5,1
24.08.2021 01:16:53.707,3.9053,3.90271,2,1
24.08.2021 01:17:16.266,3.90531,3.9027000000000003,2,1
24.08.2021 01:17:18.103,3.90531,3.9027000000000003,2,1
24.08.2021 01:17:19.754,3.90527,3.9027000000000003,1.5,1
24.08.2021 01:17:32.754,3.90531,3.9027000000000003,1.5,1.5
24.08.2021 01:17:32.960,3.90531,3.9027000000000003,1.5,1
24.08.2021 01:17:57.665,3.90527,3.9027000000000003,1.5,1
24.08.2021 01:17:57.866,3.90527,3.9027000000000003,1.5,1
24.08.2021 01:17:58.465,3.90531,3.9027000000000003,2,1
24.08.2021 01:17:58.929,3.90527,3.9027000000000003,1.5,1
24.08.2021 01:17:59.584,3.90527,3.9027000000000003,1.5,1
24.08.2021 01:17:59.785,3.90527,3.9027000000000003,1.5,1
24.08.2021 01:17:59.987,3.9053,3.90271,1.5,1
24.08.2021 01:18:00.190,3.9053,3.90271,1,1.5
24.08.2021 01:18:00.463,3.90526,3.90271,1,1.5
24.08.2021 01:18:00.640,3.90527,3.9027000000000003,1.5,1
24.08.2021 01:18:00.840,3.90527,3.9027000000000003,1,1.5
24.08.2021 01:18:01.041,3.90526,3.90271,1.5,1
24.08.2021 01:18:04.824,3.9052400000000005,3.9027000000000003,1,1
24.08.2021 01:18:04.936,3.90527,3.9027000000000003,1.5,1
24.08.2021 01:18:05.014,3.90527,3.9027000000000003,1.5,1
24.08.2021 01:18:06.330,3.9052400000000005,3.9027000000000003,1,1
24.08.2021 01:18:06.380,3.90517,3.9026199999999998,1,1.5
24.08.2021 01:18:06.522,3.90517,3.9025800000000004,1.5,1
24.08.2021 01:18:06.947,3.90517,3.90257,1.5,1
24.08.2021 01:18:07.692,3.90517,3.90257,1.5,1
24.08.2021 01:18:07.894,3.90516,3.9025800000000004,1.5,1
24.08.2021 01:18:08.565,3.90517,3.90257,1.5,1
24.08.2021 01:18:08.870,3.90517,3.90257,1.5,1
24.08.2021 01:18:09.279,3.90517,3.90257,1.5,1
24.08.2021 01:18:09.508,3.9051800000000005,3.90257,1.5,1
24.08.2021 01:18:09.632,3.90527,3.9027000000000003,1.5,1
24.08.2021 01:18:09.705,3.90527,3.9027000000000003,1.5,1
24.08.2021 01:18:10.234,3.90527,3.9027000000000003,1.5,1
24.08.2021 01:18:10.476,3.90527,3.9027000000000003,1.5,1
24.08.2021 01:18:11.288,3.90527,3.9027000000000003,1,1.5
24.08.2021 01:18:11.439,3.90527,3.9027000000000003,1.5,1
24.08.2021 01:18:11.694,3.90526,3.90271,1,1.5
24.08.2021 01:18:11.894,3.90527,3.9027000000000003,1.5,1
24.08.2021 01:18:12.297,3.90527,3.9027000000000003,1,1.5
24.08.2021 01:18:12.493,3.90527,3.9027000000000003,1.5,1
24.08.2021 01:18:12.696,3.90527,3.9027000000000003,1.5,1
24.08.2021 01:18:13.417,3.90527,3.9027000000000003,1,1.5
24.08.2021 01:18:13.599,3.90527,3.9027000000000003,1.5,1
24.08.2021 01:18:13.825,3.90527,3.9027000000000003,1,1.5
24.08.2021 01:18:14.026,3.90527,3.9027000000000003,1.5,1
24.08.2021 01:18:14.369,3.90527,3.9027000000000003,1,1.5
24.08.2021 01:18:14.571,3.90527,3.9027000000000003,1.5,1
24.08.2021 01:18:14.911,3.90527,3.9027000000000003,1,1.5
24.08.2021 01:18:15.076,3.90527,3.9027000000000003,1.5,1
24.08.2021 01:18:15.405,3.90527,3.9027000000000003,1,1.5
24.08.2021 01:18:15.877,3.90527,3.9027000000000003,1.5,1
24.08.2021 01:18:16.284,3.90527,3.9027000000000003,1,1.5
24.08.2021 01:18:16.484,3.90527,3.9027000000000003,1.5,1
24.08.2021 01:18:16.834,3.90527,3.9027000000000003,1,1.5
24.08.2021 01:18:17.035,3.90527,3.9027000000000003,1.5,1
24.08.2021 01:18:17.496,3.90527,3.9027000000000003,1,1.5
24.08.2021 01:18:17.890,3.90527,3.9027000000000003,1.5,1
24.08.2021 01:18:18.225,3.90527,3.9027000000000003,1.5,1
24.08.2021 01:18:18.426,3.90527,3.9027000000000003,1.5,1
24.08.2021 01:18:18.627,3.90526,3.90271,1.5,1
24.08.2021 01:18:19.254,3.90527,3.9027000000000003,1.5,1
24.08.2021 01:18:19.881,3.90527,3.9027000000000003,1.5,1
24.08.2021 01:18:20.589,3.90527,3.9027000000000003,1.5,1
24.08.2021 01:18:21.174,3.90527,3.9027000000000003,1,1.5
24.08.2021 01:18:21.376,3.90526,3.90271,1.5,1
24.08.2021 01:18:21.805,3.90526,3.90271,1.5,1
24.08.2021 01:18:22.005,3.90527,3.9027000000000003,1.5,1
24.08.2021 01:18:22.288,3.90527,3.9027000000000003,1.5,1
24.08.2021 01:18:22.496,3.90527,3.9027000000000003,1.5,1
24.08.2021 01:18:24.597,3.90527,3.9027000000000003,1.5,1
24.08.2021 01:18:24.817,3.90527,3.9027000000000003,1.5,1
24.08.2021 01:18:27.177,3.90527,3.9027000000000003,1.5,1
24.08.2021 01:18:27.501,3.90527,3.9027000000000003,1.5,1
24.08.2021 01:18:50.914,3.9053,3.90271,2,1
24.08.2021 01:18:51.116,3.90531,3.9027000000000003,2,1
24.08.2021 01:18:52.117,3.9053,3.90271,2,1
24.08.2021 01:18:52.270,3.90531,3.9027000000000003,2,1
24.08.2021 01:18:52.869,3.90531,3.9027000000000003,2,1
24.08.2021 01:18:53.069,3.90531,3.9027000000000003,2,1
24.08.2021 01:18:54.173,3.90531,3.9027000000000003,2,1
24.08.2021 01:18:54.374,3.9053,3.90271,2,1
24.08.2021 01:18:55.234,3.90531,3.9027000000000003,2,1
24.08.2021 01:18:55.416,3.9053,3.90271,2,1
24.08.2021 01:19:39.630,3.9053,3.90271,1,1.5
24.08.2021 01:19:40.943,3.90531,3.9027000000000003,1.5,1
24.08.2021 01:19:54.103,3.9053,3.90271,1.5,1
24.08.2021 01:19:56.005,3.9053,3.90271,1.5,1
24.08.2021 01:19:56.185,3.90537,3.9028,1.5,1
24.08.2021 01:19:58.786,3.90536,3.90281,1.5,1
24.08.2021 01:20:06.982,3.90531,3.9027300000000005,1.5,1
24.08.2021 01:20:17.485,3.9052300000000004,3.9027400000000005,1,1
24.08.2021 01:20:17.549,3.9052400000000005,3.9027300000000005,1.5,1
24.08.2021 01:20:47.005,3.90517,3.9027300000000005,1.5,1
24.08.2021 01:20:51.471,3.90517,3.9026400000000003,1.5,1
24.08.2021 01:21:02.364,3.90507,3.9026400000000003,1.5,1
24.08.2021 01:21:02.617,3.90507,3.9026400000000003,1,1
24.08.2021 01:21:02.741,3.90507,3.90251,1,1.5
24.08.2021 01:21:02.792,3.9050400000000005,3.90251,1,1.5
24.08.2021 01:21:02.842,3.9050400000000005,3.90251,1,1
24.08.2021 01:21:02.908,3.9050300000000004,3.90252,1.5,1
24.08.2021 01:21:03.009,3.9050400000000005,3.90251,1.5,1
24.08.2021 01:21:03.110,3.90517,3.9026,1.5,1
24.08.2021 01:21:03.411,3.90517,3.9026,1.5,1
24.08.2021 01:21:11.375,3.9051300000000007,3.90261,1,1.5
24.08.2021 01:21:11.552,3.9051,3.90261,1,1.5
24.08.2021 01:21:11.700,3.9051800000000005,3.9026,1.5,1
24.08.2021 01:21:11.809,3.90517,3.90261,1.5,1
24.08.2021 01:21:24.339,3.90517,3.9026,1,1.5
24.08.2021 01:21:24.464,3.90517,3.90261,1,1.5
24.08.2021 01:21:24.989,3.90517,3.9026,1,1.5
24.08.2021 01:21:28.982,3.9051400000000003,3.9026,1,1.5
24.08.2021 01:21:29.067,3.9051800000000005,3.9026,1,1.5
24.08.2021 01:21:29.472,3.9051400000000003,3.9026,1,1.5
24.08.2021 01:21:30.368,3.9051800000000005,3.9026,1,1.5
24.08.2021 01:21:30.650,3.9051400000000003,3.9026,1,1.5
24.08.2021 01:21:30.938,3.9051800000000005,3.9026,1,1.5
24.08.2021 01:21:32.235,3.90517,3.9026,1,1.5
24.08.2021 01:21:34.106,3.90517,3.9026,1.5,1
24.08.2021 01:21:43.658,3.9051800000000005,3.9026,1.5,1
24.08.2021 01:21:43.712,3.90521,3.90266,2,1
24.08.2021 01:21:43.862,3.90531,3.9027000000000003,2,1
24.08.2021 01:21:49.500,3.9053300000000006,3.9028400000000003,1.5,1
24.08.2021 01:21:54.804,3.90531,3.9028300000000007,1,1
24.08.2021 01:21:54.878,3.90527,3.9028300000000007,1,1
24.08.2021 01:21:55.005,3.90526,3.9028400000000003,1.5,1
24.08.2021 01:22:12.929,3.90531,3.9028300000000007,1,1
24.08.2021 01:22:13.125,3.90527,3.9028300000000007,1,1
24.08.2021 01:22:14.063,3.90527,3.9028300000000007,1.5,1
24.08.2021 01:22:14.164,3.9052400000000005,3.9028300000000007,1,1
24.08.2021 01:22:14.986,3.9053,3.9028300000000007,1.5,1
24.08.2021 01:22:15.218,3.90531,3.9028300000000007,1.5,1
24.08.2021 01:22:31.975,3.9053,3.9028400000000003,1,1
24.08.2021 01:22:33.434,3.90531,3.9028300000000007,1.5,1
24.08.2021 01:23:23.103,3.90531,3.9028,2,1
24.08.2021 01:23:24.160,3.9053,3.90281,2,1
24.08.2021 01:23:50.039,3.90526,3.90271,1.5,1.75
24.08.2021 01:23:50.139,3.9052000000000002,3.9026500000000004,2,1
24.08.2021 01:23:50.242,3.90517,3.9026400000000003,1.5,1
24.08.2021 01:24:00.815,3.90517,3.9026,1.5,1
24.08.2021 01:24:09.944,3.90526,3.90271,1.5,1
24.08.2021 01:24:10.007,3.90527,3.9027000000000003,1.5,1
24.08.2021 01:24:19.531,3.90521,3.90267,1.5,1
24.08.2021 01:24:19.582,3.90521,3.90267,1.5,1
24.08.2021 01:24:26.234,3.9052000000000002,3.9026800000000006,1.5,1
24.08.2021 01:24:26.639,3.90527,3.9027300000000005,1.5,1
24.08.2021 01:25:40.153,3.90521,3.90267,1.5,1
24.08.2021 01:25:40.203,3.90521,3.9026300000000003,2,1
24.08.2021 01:25:52.219,3.9051400000000003,3.9026300000000003,1,1
24.08.2021 01:25:52.329,3.9051,3.9026400000000003,1,1
24.08.2021 01:25:53.568,3.90517,3.9026300000000003,1.5,1
24.08.2021 01:26:11.567,3.90516,3.9026400000000003,1.5,1
24.08.2021 01:26:15.177,3.9051,3.9026400000000003,1.5,1
24.08.2021 01:26:15.379,3.90507,3.9026300000000003,1.5,1
24.08.2021 01:26:15.621,3.90511,3.9026300000000003,1.5,1
24.08.2021 01:26:17.431,3.9051400000000003,3.9026300000000003,1,1.5
24.08.2021 01:26:17.512,3.9051400000000003,3.9026300000000003,1.5,1
24.08.2021 01:26:17.563,3.9050800000000003,3.9025000000000003,1.5,1.75
24.08.2021 01:26:17.663,3.90501,3.9025000000000003,1,1
24.08.2021 01:26:18.108,3.90507,3.9025000000000003,1.5,1
24.08.2021 01:26:18.601,3.9050400000000005,3.9025000000000003,1,1
24.08.2021 01:26:18.721,3.90506,3.90251,1.5,1
24.08.2021 01:26:19.170,3.90507,3.9025000000000003,1.5,1
24.08.2021 01:26:24.802,3.90507,3.9025000000000003,1.5,1
24.08.2021 01:26:26.364,3.90507,3.9025000000000003,1.5,1
24.08.2021 01:26:26.834,3.90506,3.90251,1.5,1
24.08.2021 01:26:27.764,3.90506,3.90251,1.5,1
24.08.2021 01:26:28.203,3.90507,3.9025000000000003,1.5,1
24.08.2021 01:26:28.911,3.90507,3.9025000000000003,1.5,1
24.08.2021 01:26:37.592,3.9050400000000005,3.9025000000000003,1,1
24.08.2021 01:26:37.736,3.9050800000000003,3.9025000000000003,1.5,1
24.08.2021 01:26:44.467,3.90506,3.90251,1.5,1
24.08.2021 01:26:52.269,3.9050300000000004,3.90251,1,1
24.08.2021 01:26:52.391,3.90507,3.9025000000000003,1.5,1
24.08.2021 01:26:52.470,3.90507,3.9025000000000003,1.5,1
24.08.2021 01:26:52.694,3.9051199999999997,3.90257,1.5,1
24.08.2021 01:27:17.497,3.9050300000000004,3.9025800000000004,1.5,1
24.08.2021 01:27:17.548,3.9050300000000004,3.90251,1.5,1
24.08.2021 01:29:40.193,3.90496,3.90241,1.5,1
24.08.2021 01:29:40.244,3.9049,3.90241,1.5,1
24.08.2021 01:29:41.246,3.90487,3.9024,1.5,1
24.08.2021 01:29:43.604,3.90487,3.9024,1.5,1
24.08.2021 01:29:49.173,3.90491,3.9024,1.5,1
24.08.2021 01:29:54.589,3.9049300000000007,3.90241,1.5,1
24.08.2021 01:30:12.487,3.90497,3.9024,1.5,1
24.08.2021 01:30:50.910,3.9050400000000005,3.9024800000000006,1.5,1
24.08.2021 01:30:52.280,3.9051400000000003,3.9026,1.5,1
24.08.2021 01:30:52.415,3.90517,3.9026,1.5,1
24.08.2021 01:30:52.732,3.90517,3.9026,1,1
24.08.2021 01:30:53.562,3.90517,3.9026,1.5,1
24.08.2021 01:30:58.326,3.90521,3.9026400000000003,2,1
24.08.2021 01:30:58.432,3.90521,3.9027300000000005,1.5,1
24.08.2021 01:31:24.950,3.9051300000000007,3.9026500000000004,1.5,1
24.08.2021 01:31:25.064,3.9051400000000003,3.9026,1.5,1
24.08.2021 01:31:32.002,3.9051400000000003,3.9026,1.5,1
24.08.2021 01:32:40.555,3.90519,3.9027000000000003,1.5,1
24.08.2021 01:32:40.730,3.9052300000000004,3.90271,1.5,1
24.08.2021 01:32:45.229,3.9052300000000004,3.90271,1.5,1
24.08.2021 01:32:53.141,3.9051400000000003,3.90257,1.5,1
24.08.2021 01:32:53.292,3.90511,3.90257,1.5,1
24.08.2021 01:32:55.634,3.9050300000000004,3.9025800000000004,1.5,1
24.08.2021 01:32:56.441,3.90497,3.90257,1.5,1
24.08.2021 01:32:56.667,3.90497,3.90257,1.5,1
24.08.2021 01:33:02.574,3.9049400000000003,3.90235,1.5,1
24.08.2021 01:33:11.396,3.9049800000000006,3.90235,1,1.5
24.08.2021 01:33:20.820,3.90496,3.90236,1,1.5
24.08.2021 01:33:21.405,3.90497,3.90236,1,1.5
24.08.2021 01:33:27.766,3.9050400000000005,3.9024400000000004,1,1.5
24.08.2021 01:33:27.922,3.9050400000000005,3.9024400000000004,1.5,1
24.08.2021 01:33:32.891,3.9050400000000005,3.90245,1.5,1
24.08.2021 01:34:08.189,3.90511,3.90254,1.5,1
24.08.2021 01:34:08.279,3.90511,3.90254,1.5,1
24.08.2021 01:34:09.431,3.9051199999999997,3.90254,1.5,1
24.08.2021 01:34:09.632,3.9051199999999997,3.90254,1.5,1
24.08.2021 01:34:10.528,3.9051199999999997,3.90254,1.5,1
24.08.2021 01:34:24.782,3.9051199999999997,3.90254,1.5,1
24.08.2021 01:34:34.605,3.9051199999999997,3.90254,1.5,1
24.08.2021 01:34:37.061,3.9051199999999997,3.90254,1.5,1
24.08.2021 01:34:37.463,3.9051199999999997,3.90254,1.5,1
24.08.2021 01:34:41.385,3.9051,3.90255,1.5,1
24.08.2021 01:34:49.368,3.9051199999999997,3.90254,1.5,1
24.08.2021 01:34:51.863,3.9051,3.90255,1.5,1
24.08.2021 01:34:54.610,3.9050400000000005,3.90254,1.5,1
24.08.2021 01:34:56.402,3.9050300000000004,3.90255,1,1
24.08.2021 01:35:00.266,3.9050300000000004,3.90255,1.5,1
24.08.2021 01:35:01.632,3.9050300000000004,3.90255,1.5,1
24.08.2021 01:35:12.232,3.90502,3.9024400000000004,1.5,1
24.08.2021 01:35:34.173,3.9050400000000005,3.90257,1.5,1
24.08.2021 01:35:34.328,3.9050400000000005,3.90257,1.5,1
24.08.2021 01:35:36.980,3.90511,3.90257,1.5,1
24.08.2021 01:36:07.405,3.9050400000000005,3.90257,1,1
24.08.2021 01:36:11.003,3.9050400000000005,3.90257,1.5,1
24.08.2021 01:36:11.685,3.90506,3.9025800000000004,1.5,1
24.08.2021 01:36:22.378,3.9051300000000007,3.9026400000000003,1.5,1
24.08.2021 01:36:22.580,3.9052300000000004,3.9026400000000003,1.5,1
24.08.2021 01:36:22.637,3.9052400000000005,3.9027300000000005,1.5,1
24.08.2021 01:36:23.515,3.90527,3.9027300000000005,1.5,1
24.08.2021 01:36:48.484,3.90527,3.9027300000000005,1.5,1
24.08.2021 01:36:51.713,3.90527,3.9027300000000005,1.5,1
24.08.2021 01:36:56.087,3.9052400000000005,3.9027300000000005,1.5,1
24.08.2021 01:36:59.086,3.9052800000000003,3.9027300000000005,1.5,1
24.08.2021 01:37:02.878,3.90527,3.9027300000000005,1.5,1
24.08.2021 01:37:09.867,3.90527,3.9027300000000005,1.5,1
24.08.2021 01:37:20.396,3.90526,3.9027400000000005,1.5,1
24.08.2021 01:37:24.366,3.90526,3.9027400000000005,1.5,1
24.08.2021 01:37:25.457,3.90527,3.9027300000000005,1.5,1
24.08.2021 01:37:25.707,3.90526,3.9027400000000005,1.5,1
24.08.2021 01:37:26.040,3.90526,3.9027400000000005,1.5,1
24.08.2021 01:37:26.242,3.90526,3.9027400000000005,1.5,1
24.08.2021 01:37:27.319,3.90527,3.9027300000000005,1.5,1
24.08.2021 01:37:27.521,3.90527,3.9027300000000005,1.5,1
24.08.2021 01:37:28.599,3.90526,3.9027400000000005,1.5,1
24.08.2021 01:37:28.800,3.90527,3.9027300000000005,1.5,1
24.08.2021 01:37:29.649,3.90527,3.9027300000000005,1.5,1
24.08.2021 01:37:29.851,3.90527,3.9027300000000005,1.5,1
24.08.2021 01:37:30.141,3.90527,3.9027300000000005,1.5,1
24.08.2021 01:37:30.342,3.90527,3.9027300000000005,1.5,1
24.08.2021 01:37:31.444,3.90527,3.9027300000000005,1.5,1
24.08.2021 01:37:31.645,3.90527,3.9027300000000005,1.5,1
24.08.2021 01:37:32.950,3.90527,3.9027300000000005,1.5,1
24.08.2021 01:37:33.149,3.90527,3.9027300000000005,1.5,1
24.08.2021 01:37:34.889,3.90527,3.9027300000000005,1.5,1
24.08.2021 01:37:35.091,3.90527,3.9027300000000005,1.5,1
24.08.2021 01:37:35.495,3.90527,3.9027300000000005,1.5,1
24.08.2021 01:37:35.707,3.90527,3.9027300000000005,1.5,1
24.08.2021 01:37:36.344,3.90527,3.9027300000000005,1.5,1
24.08.2021 01:37:36.746,3.90527,3.9027300000000005,1.5,1
24.08.2021 01:37:37.112,3.9052400000000005,3.90267,1.5,1
24.08.2021 01:37:37.162,3.9052400000000005,3.90267,1.5,1
24.08.2021 01:37:37.425,3.90516,3.9026800000000006,1.5,1
24.08.2021 01:37:38.294,3.9051400000000003,3.90267,1,1
24.08.2021 01:37:38.497,3.90516,3.9026800000000006,1.5,1
24.08.2021 01:37:38.801,3.90516,3.9026800000000006,1.5,1
24.08.2021 01:37:39.003,3.90516,3.9026800000000006,1.5,1
24.08.2021 01:37:39.203,3.90517,3.90267,1.5,1
24.08.2021 01:37:39.839,3.90517,3.90267,1.5,1
24.08.2021 01:37:40.041,3.90517,3.90267,1.5,1
24.08.2021 01:37:40.446,3.90517,3.90267,1.5,1
24.08.2021 01:37:40.649,3.90517,3.90267,1.5,1
24.08.2021 01:37:43.087,3.9051300000000007,3.9026800000000006,1,1
24.08.2021 01:37:43.253,3.90517,3.90267,1.5,1
24.08.2021 01:37:43.653,3.9051400000000003,3.90267,1.5,1
24.08.2021 01:37:44.041,3.9051199999999997,3.90257,1.5,1
24.08.2021 01:37:44.512,3.90511,3.90257,1.5,1
24.08.2021 01:37:45.325,3.90511,3.9025000000000003,1.5,1.75
24.08.2021 01:37:45.425,3.90507,3.9025000000000003,1.5,1
24.08.2021 01:37:45.476,3.9050300000000004,3.90251,1.5,1
24.08.2021 01:37:47.088,3.90501,3.90241,1.5,1
24.08.2021 01:37:57.149,3.90501,3.90241,1.5,1
24.08.2021 01:37:58.304,3.9050000000000002,3.9024199999999998,2,1
24.08.2021 01:38:00.210,3.90501,3.90241,1.5,1
24.08.2021 01:38:00.707,3.90501,3.90241,2,1
24.08.2021 01:39:13.282,3.9050400000000005,3.90251,1.5,1
24.08.2021 01:39:13.459,3.9051199999999997,3.90251,1.5,1.31
24.08.2021 01:39:15.983,3.9051199999999997,3.90251,1.5,1.31
24.08.2021 01:39:21.598,3.9051199999999997,3.90251,1.5,1.31
24.08.2021 01:39:28.404,3.90511,3.90251,1.5,1.31
24.08.2021 01:39:30.654,3.90511,3.90252,1.5,1.31
24.08.2021 01:39:38.825,3.9051400000000003,3.9026300000000003,1.5,1
24.08.2021 01:39:40.244,3.9051400000000003,3.9026300000000003,1.5,1
24.08.2021 01:39:40.427,3.90527,3.90277,1.5,1
24.08.2021 01:39:40.673,3.9053500000000003,3.90277,2,1
24.08.2021 01:39:41.304,3.9052400000000005,3.90277,1.5,1
24.08.2021 01:39:42.618,3.9052400000000005,3.90277,1,1
24.08.2021 01:39:42.933,3.9053,3.90277,1.5,1
24.08.2021 01:39:43.039,3.9052300000000004,3.9027800000000004,1,1
24.08.2021 01:39:43.772,3.9053500000000003,3.90277,2,1
24.08.2021 01:39:43.874,3.9052400000000005,3.90277,1,1
24.08.2021 01:39:44.886,3.9053500000000003,3.90277,2,1
24.08.2021 01:39:47.115,3.9052400000000005,3.90277,1,1
24.08.2021 01:39:47.290,3.9053500000000003,3.90277,2,1
24.08.2021 01:39:50.562,3.90527,3.90277,1.5,1
24.08.2021 01:39:56.720,3.90527,3.90277,1.5,1
24.08.2021 01:40:07.474,3.9052300000000004,3.9027800000000004,1,1
24.08.2021 01:40:07.569,3.9052300000000004,3.9027800000000004,1.5,1
24.08.2021 01:40:09.407,3.9052400000000005,3.90277,1,1
24.08.2021 01:40:13.306,3.9052300000000004,3.9027800000000004,1.5,1
24.08.2021 01:40:13.527,3.9052400000000005,3.90277,1,1
24.08.2021 01:40:14.125,3.90521,3.90277,1,1
24.08.2021 01:40:14.175,3.90521,3.9026300000000003,1.5,2
24.08.2021 01:40:14.227,3.90521,3.9026300000000003,2,1.5
24.08.2021 01:40:19.613,3.90507,3.9026300000000003,1.5,1
24.08.2021 01:40:19.824,3.90511,3.9026300000000003,1.5,1
24.08.2021 01:40:37.204,3.90511,3.9026300000000003,1.5,1
24.08.2021 01:40:44.268,3.9051,3.9026400000000003,1.5,1
24.08.2021 01:40:45.305,3.90511,3.9026300000000003,1.5,1
24.08.2021 01:40:45.506,3.90511,3.9026300000000003,1.5,1
24.08.2021 01:40:45.744,3.9051,3.9026400000000003,1.5,1
24.08.2021 01:40:46.157,3.90511,3.9026300000000003,1.5,1
24.08.2021 01:40:46.754,3.9051,3.9026400000000003,1.5,1
24.08.2021 01:40:46.954,3.90511,3.9026300000000003,1.5,1
24.08.2021 01:40:47.318,3.90511,3.9026300000000003,1.5,1
24.08.2021 01:40:47.521,3.90511,3.9026300000000003,1.5,1
24.08.2021 01:40:47.789,3.90511,3.9026300000000003,1.5,1
24.08.2021 01:40:47.990,3.90511,3.9026300000000003,1.5,1
24.08.2021 01:40:48.344,3.9051,3.9026400000000003,1.5,1
24.08.2021 01:40:48.547,3.90511,3.9026300000000003,1.5,1
24.08.2021 01:40:49.445,3.9051,3.9026400000000003,1.5,1
24.08.2021 01:40:49.576,3.9051,3.90255,1.5,1
24.08.2021 01:40:49.848,3.9050400000000005,3.90254,1.5,1
24.08.2021 01:40:51.964,3.90507,3.90254,1.5,1
24.08.2021 01:40:52.164,3.90506,3.90255,1.5,1
24.08.2021 01:40:53.493,3.90507,3.90254,1.5,1
24.08.2021 01:40:53.695,3.90506,3.90255,1.5,1
24.08.2021 01:40:54.120,3.90506,3.90255,1.5,1
24.08.2021 01:40:54.345,3.90507,3.90254,1.5,1
24.08.2021 01:40:55.149,3.90507,3.90254,1.5,1
24.08.2021 01:40:55.351,3.90506,3.90255,1.5,1
24.08.2021 01:40:57.398,3.90506,3.90255,1.5,1
24.08.2021 01:40:57.598,3.90507,3.90254,1.5,1
24.08.2021 01:40:58.042,3.90506,3.90255,1.5,1
24.08.2021 01:40:58.243,3.90507,3.90254,1.5,1
24.08.2021 01:40:59.054,3.90507,3.90254,1.5,1
24.08.2021 01:40:59.255,3.90506,3.90255,1.5,1
24.08.2021 01:40:59.686,3.90507,3.90254,1.5,1
24.08.2021 01:40:59.888,3.90507,3.90254,1.5,1
24.08.2021 01:41:00.400,3.90511,3.90255,1.5,1
24.08.2021 01:41:00.536,3.9051400000000003,3.9026300000000003,1.5,1
24.08.2021 01:41:05.554,3.90511,3.9026300000000003,1.5,1
24.08.2021 01:41:06.724,3.90507,3.9026300000000003,1,1
24.08.2021 01:41:06.890,3.90507,3.9026300000000003,1.5,1
24.08.2021 01:41:07.766,3.90507,3.9026300000000003,1,1
24.08.2021 01:41:07.966,3.90507,3.9026300000000003,1.5,1
24.08.2021 01:41:16.784,3.90507,3.9025300000000005,1.5,1
24.08.2021 01:41:16.943,3.9051,3.90261,1.5,1
24.08.2021 01:41:16.994,3.9051,3.90261,1.5,1
24.08.2021 01:42:06.576,3.90511,3.9026,1.5,1
24.08.2021 01:42:16.594,3.90511,3.9026,1.5,1
24.08.2021 01:42:18.592,3.90506,3.90261,1.5,1
24.08.2021 01:42:22.550,3.90507,3.9025300000000005,1.5,1
24.08.2021 01:42:22.924,3.90507,3.9025300000000005,1.5,1
24.08.2021 01:42:23.125,3.90507,3.9025300000000005,1.5,1
24.08.2021 01:42:23.549,3.90507,3.9025300000000005,1.5,1
24.08.2021 01:42:24.045,3.90507,3.9025300000000005,1.5,1
24.08.2021 01:42:24.533,3.90507,3.9025300000000005,1.5,1
24.08.2021 01:42:24.995,3.90506,3.90254,1.5,1
24.08.2021 01:42:25.443,3.90507,3.9025300000000005,1.5,1
24.08.2021 01:42:25.998,3.90507,3.9025300000000005,1.5,1
24.08.2021 01:42:26.798,3.90507,3.9025300000000005,1.5,1
24.08.2021 01:42:27.849,3.90507,3.9025300000000005,1.5,1
24.08.2021 01:42:28.641,3.90506,3.90254,1.5,1
24.08.2021 01:42:29.154,3.90506,3.90254,1.5,1
24.08.2021 01:42:30.105,3.90506,3.90254,1.5,1
24.08.2021 01:42:30.308,3.90507,3.9025300000000005,1.5,1
24.08.2021 01:42:30.597,3.90507,3.9025300000000005,1.5,1
24.08.2021 01:42:31.209,3.90507,3.9025300000000005,1.5,1
24.08.2021 01:42:31.881,3.90507,3.9025300000000005,1.5,1
24.08.2021 01:42:32.084,3.90507,3.9025300000000005,1.5,1
24.08.2021 01:42:32.681,3.90507,3.9025300000000005,1.5,1
24.08.2021 01:42:32.884,3.90506,3.90254,1.5,1
24.08.2021 01:42:33.570,3.90507,3.9025300000000005,1.5,1
24.08.2021 01:42:33.771,3.90507,3.9025300000000005,1.5,1
24.08.2021 01:42:34.057,3.90507,3.9025300000000005,1.5,1
24.08.2021 01:42:34.954,3.90507,3.9025300000000005,1.5,1
24.08.2021 01:42:35.765,3.90507,3.9025300000000005,1.5,1
24.08.2021 01:42:36.004,3.90507,3.9025300000000005,1.5,1
24.08.2021 01:42:36.244,3.90507,3.9025300000000005,1.5,1
24.08.2021 01:42:36.966,3.90507,3.9025300000000005,1.5,1
24.08.2021 01:42:37.389,3.9050400000000005,3.9025300000000005,1,1
24.08.2021 01:42:37.564,3.90507,3.9025300000000005,1.5,1
24.08.2021 01:42:37.742,3.9050400000000005,3.9025300000000005,1,1
24.08.2021 01:42:38.170,3.9050400000000005,3.9025300000000005,1.5,1
24.08.2021 01:42:38.854,3.9050400000000005,3.9025300000000005,1,1
24.08.2021 01:42:39.057,3.9050300000000004,3.90254,1.5,1
24.08.2021 01:42:39.338,3.9050300000000004,3.90254,1,1
24.08.2021 01:42:40.366,3.9050300000000004,3.90254,1.5,1
24.08.2021 01:42:42.316,3.9050800000000003,3.9025300000000005,1.5,1
24.08.2021 01:42:42.653,3.9050800000000003,3.9025300000000005,1.5,1
24.08.2021 01:42:42.811,3.90507,3.9025300000000005,1.5,1
24.08.2021 01:42:48.985,3.90507,3.9025300000000005,1.5,1
24.08.2021 01:43:21.021,3.9050800000000003,3.9025300000000005,1.5,1
24.08.2021 01:43:27.013,3.90507,3.90254,1.5,1
24.08.2021 01:43:29.492,3.90507,3.9025300000000005,1.5,1
24.08.2021 01:43:29.693,3.90501,3.9025300000000005,1.5,1
24.08.2021 01:43:30.385,3.90501,3.9025300000000005,1.5,1
24.08.2021 01:44:25.434,3.9050000000000002,3.90254,1.5,1
24.08.2021 01:44:31.858,3.90497,3.9025300000000005,1.5,1
24.08.2021 01:44:40.034,3.90497,3.9025000000000003,1.5,1
24.08.2021 01:45:01.177,3.9049400000000003,3.90241,1.5,1
24.08.2021 01:45:01.306,3.90487,3.9024,1.5,1
24.08.2021 01:45:01.878,3.90487,3.9024,1.5,1
24.08.2021 01:45:17.986,3.9049500000000004,3.9024,1.5,1
24.08.2021 01:45:34.230,3.9049500000000004,3.9024,1.5,1
24.08.2021 01:45:42.106,3.9049500000000004,3.9024,1.5,1
24.08.2021 01:45:50.305,3.9049500000000004,3.9024,1.5,1
24.08.2021 01:45:51.584,3.9049500000000004,3.9024,1.5,1
24.08.2021 01:45:52.405,3.9049500000000004,3.9024,1.5,1
24.08.2021 01:45:52.618,3.9049500000000004,3.9024,1.5,1
24.08.2021 01:46:01.768,3.9049500000000004,3.9024,1.5,1
24.08.2021 01:46:01.969,3.9049400000000003,3.90241,1.5,1
24.08.2021 01:46:08.752,3.9049500000000004,3.9024,1.5,1
24.08.2021 01:46:08.852,3.9050400000000005,3.90254,1.5,1
24.08.2021 01:46:08.959,3.90511,3.90254,1.5,1
24.08.2021 01:46:09.140,3.90517,3.90261,1.5,1
24.08.2021 01:46:26.300,3.9050800000000003,3.9025000000000003,1.5,1.5
24.08.2021 01:46:26.383,3.90507,3.90251,1.5,1.5
24.08.2021 01:46:26.865,3.9050400000000005,3.9025000000000003,1,1.5
24.08.2021 01:46:27.095,3.9050400000000005,3.9025000000000003,1.5,1.5
24.08.2021 01:46:54.508,3.9050300000000004,3.90251,1,1.5
24.08.2021 01:46:58.746,3.90507,3.90251,1,1.5
24.08.2021 01:46:59.010,3.90511,3.9026300000000003,1,1
24.08.2021 01:46:59.107,3.90517,3.9026300000000003,1.5,1
24.08.2021 01:46:59.157,3.9051400000000003,3.9026300000000003,1.5,1
24.08.2021 01:46:59.897,3.9051400000000003,3.9026300000000003,1,1.5
24.08.2021 01:47:00.081,3.9051300000000007,3.9026400000000003,1.5,1
24.08.2021 01:47:00.484,3.90516,3.9026400000000003,1,1.5
24.08.2021 01:47:00.686,3.90517,3.9026300000000003,1.5,1
24.08.2021 01:47:01.111,3.90517,3.9026300000000003,1,1.5
24.08.2021 01:47:01.313,3.90517,3.9026300000000003,1.5,1
24.08.2021 01:47:01.592,3.90517,3.9026300000000003,1,1.5
24.08.2021 01:47:01.970,3.90517,3.9026300000000003,1.5,1
24.08.2021 01:47:02.259,3.90517,3.9026300000000003,1,1.5
24.08.2021 01:47:02.577,3.90517,3.9026300000000003,1.5,1
24.08.2021 01:47:02.893,3.90517,3.9026300000000003,1,1.5
24.08.2021 01:47:03.095,3.90516,3.9026400000000003,1.5,1
24.08.2021 01:47:14.151,3.9052000000000002,3.9026400000000003,2,1
24.08.2021 01:47:30.400,3.90517,3.9026300000000003,1.5,1
24.08.2021 01:48:00.634,3.90521,3.9026300000000003,2,1
24.08.2021 01:48:00.797,3.9052000000000002,3.90271,1.5,1
24.08.2021 01:48:00.903,3.9052400000000005,3.9027000000000003,1.5,1
24.08.2021 01:48:04.018,3.90526,3.90271,1.5,1
24.08.2021 01:48:05.613,3.90531,3.9027000000000003,1.5,1
24.08.2021 01:48:06.318,3.9053,3.90271,1.5,1
24.08.2021 01:48:07.604,3.9053,3.90271,1.5,1
24.08.2021 01:48:07.806,3.90531,3.9027000000000003,1.5,1
24.08.2021 01:48:08.650,3.90531,3.9027000000000003,1.5,1
24.08.2021 01:48:08.850,3.9053,3.90271,1.5,1
24.08.2021 01:48:09.585,3.9053400000000003,3.90271,2,1
24.08.2021 01:48:10.601,3.9053300000000006,3.9028400000000003,1.5,1
24.08.2021 01:48:22.919,3.90531,3.9028300000000007,1,1
24.08.2021 01:48:23.121,3.90531,3.9028300000000007,1.5,1
24.08.2021 01:48:25.861,3.90531,3.9028300000000007,1,1
24.08.2021 01:48:26.150,3.90531,3.9028300000000007,1.5,1
24.08.2021 01:48:50.096,3.9053300000000006,3.9028400000000003,1,1
24.08.2021 01:48:50.296,3.9053400000000003,3.9028300000000007,1.5,1
24.08.2021 01:48:51.326,3.90531,3.90271,2,1
24.08.2021 01:48:58.380,3.90521,3.9026,1.5,1
24.08.2021 01:48:58.670,3.90521,3.9026,1.5,1
24.08.2021 01:49:00.063,3.9052000000000002,3.90261,1.5,1
24.08.2021 01:49:23.510,3.90521,3.9026,1.5,1
24.08.2021 01:49:25.142,3.90517,3.9026,1.5,1
24.08.2021 01:49:32.773,3.90521,3.9026,1.5,1
24.08.2021 01:49:35.839,3.90526,3.90261,1.5,1
24.08.2021 01:49:35.981,3.90527,3.9026,1.5,1
24.08.2021 01:49:36.319,3.90527,3.9026199999999998,1.5,1
24.08.2021 01:49:42.042,3.90521,3.9026199999999998,1.5,1
24.08.2021 01:50:12.903,3.9052400000000005,3.9026199999999998,1.5,1
24.08.2021 01:50:21.394,3.90527,3.90281,1.5,1
24.08.2021 01:50:21.545,3.90526,3.90329,1.5,1
24.08.2021 01:50:21.603,3.90527,3.9031000000000002,1.5,1
24.08.2021 01:50:21.704,3.90527,3.9029000000000003,1,1
24.08.2021 01:50:21.881,3.90527,3.9029000000000003,1.5,1
24.08.2021 01:50:22.002,3.90527,3.9030199999999997,1.5,1
24.08.2021 01:50:22.228,3.90527,3.9030199999999997,1,1
24.08.2021 01:50:22.279,3.90527,3.9027900000000004,1,1
24.08.2021 01:50:22.429,3.90527,3.9027900000000004,1.5,1
24.08.2021 01:50:26.006,3.9053,3.9028,1,1.5
24.08.2021 01:50:26.456,3.90537,3.9027900000000004,1.5,1.5
24.08.2021 01:50:26.832,3.9053400000000003,3.9027900000000004,1,1.5
24.08.2021 01:50:32.381,3.90531,3.9027900000000004,1,1.5
24.08.2021 01:50:37.096,3.90536,3.9028,1.5,1.5
24.08.2021 01:50:37.459,3.9053400000000003,3.9027900000000004,1,1.5
24.08.2021 01:50:37.607,3.90531,3.9027900000000004,1,1.5
24.08.2021 01:50:37.810,3.90531,3.9027900000000004,1.5,1.5
24.08.2021 01:50:38.010,3.90527,3.9027900000000004,1.5,1.5
24.08.2021 01:51:12.009,3.90525,3.9026400000000003,1.5,1.5
24.08.2021 01:51:12.059,3.90525,3.9026400000000003,1,2
24.08.2021 01:51:12.223,3.90525,3.9026400000000003,1.5,1.5
24.08.2021 01:51:12.273,3.9050300000000004,3.9024300000000003,1,1.5
24.08.2021 01:51:12.352,3.9047500000000004,3.9024300000000003,1,1.5
24.08.2021 01:51:12.402,3.90502,3.9024400000000004,1,1.5
24.08.2021 01:51:12.453,3.9050300000000004,3.9024300000000003,1.5,1
24.08.2021 01:51:12.627,3.90491,3.9024300000000003,1,1.5
24.08.2021 01:51:12.829,3.9049199999999997,3.9024199999999998,1,1
24.08.2021 01:51:12.941,3.9047199999999997,3.9024199999999998,1,1
24.08.2021 01:51:12.991,3.9049199999999997,3.9024199999999998,1,1
24.08.2021 01:51:13.146,3.9048900000000004,3.9023300000000005,1,1.75
24.08.2021 01:51:13.246,3.90464,3.9023300000000005,1,1.5
24.08.2021 01:51:13.297,3.9049,3.90232,1,1.5
24.08.2021 01:51:13.589,3.90456,3.9023300000000005,1,1.5
24.08.2021 01:51:13.640,3.9049,3.90232,1,1
24.08.2021 01:51:14.001,3.9049,3.90232,1.5,1
24.08.2021 01:51:14.201,3.9048900000000004,3.9023300000000005,1,1
24.08.2021 01:51:14.403,3.9049,3.90232,1.5,1
24.08.2021 01:51:15.200,3.9049199999999997,3.9024,1.5,1
24.08.2021 01:51:16.383,3.9050800000000003,3.9025000000000003,1.5,1
24.08.2021 01:51:16.433,3.9050800000000003,3.9025000000000003,1.5,1
24.08.2021 01:51:23.619,3.9050800000000003,3.9025000000000003,1.5,1
24.08.2021 01:51:38.934,3.9051500000000003,3.90254,1.5,1
24.08.2021 01:51:39.404,3.90517,3.9026,1.5,1
24.08.2021 01:51:39.929,3.9052900000000004,3.9026,1.5,1
24.08.2021 01:51:40.081,3.9053300000000006,3.90261,1.5,1
24.08.2021 01:51:40.271,3.9053500000000003,3.9027000000000003,1.5,1
24.08.2021 01:52:00.009,3.90539,3.9027000000000003,1.5,1
24.08.2021 01:52:00.060,3.9049,3.9027000000000003,1,1
24.08.2021 01:52:00.110,3.9053400000000003,3.90271,1,1
24.08.2021 01:52:00.211,3.9053800000000005,3.90271,1.5,1
24.08.2021 01:52:00.738,3.9048900000000004,3.90271,1,1
24.08.2021 01:52:00.788,3.90542,3.90271,1.5,1
24.08.2021 01:52:00.987,3.90539,3.9027000000000003,1.5,1
24.08.2021 01:52:12.071,3.9054300000000004,3.9028400000000003,1.5,1
24.08.2021 01:52:31.589,3.9054300000000004,3.9028400000000003,1.5,1
24.08.2021 01:52:31.798,3.9054300000000004,3.9028400000000003,1.5,1
24.08.2021 01:52:34.313,3.90542,3.90301,1.5,1
24.08.2021 01:52:34.364,3.90551,3.90301,1.5,1
24.08.2021 01:52:35.442,3.9056900000000003,3.90315,1.5,1
24.08.2021 01:53:03.737,3.90551,3.903,1.5,1
24.08.2021 01:53:08.089,3.9054,3.90295,1.5,1
24.08.2021 01:53:08.139,3.90541,3.9029400000000005,1.5,1
24.08.2021 01:53:14.081,3.9053300000000006,3.90295,1.5,1
24.08.2021 01:53:19.907,3.90531,3.9028400000000003,1.5,1
24.08.2021 01:53:22.978,3.90537,3.9028400000000003,1.5,1
24.08.2021 01:53:23.028,3.9054300000000004,3.9029800000000003,1.5,1
24.08.2021 01:53:23.114,3.9054400000000005,3.9029000000000003,1.5,1
24.08.2021 01:53:23.265,3.90541,3.90267,1.5,1
24.08.2021 01:53:23.381,3.9053,3.90255,1.5,1.5
24.08.2021 01:53:23.981,3.90479,3.90255,1,1.5
24.08.2021 01:53:24.032,3.9052000000000002,3.90254,1.5,1.5
24.08.2021 01:53:24.195,3.9052000000000002,3.90254,1.5,1
24.08.2021 01:53:27.564,3.9053199999999997,3.9026,1.5,1
24.08.2021 01:53:27.723,3.9053199999999997,3.9026,1.5,1
24.08.2021 01:53:43.234,3.90545,3.9027400000000005,1.5,1
24.08.2021 01:53:43.385,3.90559,3.9028400000000003,1.5,1
24.08.2021 01:53:43.435,3.9055800000000005,3.9028500000000004,1.5,1
24.08.2021 01:54:19.716,3.9056100000000002,3.9028500000000004,1.5,1.5
24.08.2021 01:54:19.798,3.9050900000000004,3.9028400000000003,1,1.5
24.08.2021 01:54:19.854,3.9051500000000003,3.9028400000000003,1,1.5
24.08.2021 01:54:20.018,3.90562,3.9028400000000003,1.5,1.5
24.08.2021 01:54:20.395,3.90511,3.9028400000000003,1,1.5
24.08.2021 01:54:20.445,3.9055400000000002,3.9028400000000003,1.5,1.5
24.08.2021 01:54:20.645,3.9051800000000005,3.9028400000000003,1,1.5
24.08.2021 01:54:20.696,3.9055,3.9028400000000003,1.5,1.5
24.08.2021 01:54:20.982,3.9051800000000005,3.9028500000000004,1,1.5
24.08.2021 01:54:21.033,3.9055400000000002,3.9028400000000003,1.5,1.5
24.08.2021 01:54:21.331,3.90519,3.9028400000000003,1,1.5
24.08.2021 01:54:21.382,3.9055300000000006,3.9028500000000004,1.5,1.5
24.08.2021 01:54:21.504,3.9055400000000002,3.9028400000000003,1.5,1
24.08.2021 01:54:50.310,3.9054900000000004,3.9028500000000004,1.5,1
24.08.2021 01:54:50.361,3.9054800000000003,3.9027400000000005,2,1
24.08.2021 01:54:50.523,3.90537,3.9027400000000005,1.5,1
24.08.2021 01:54:51.083,3.9053,3.9026400000000003,1.5,1
24.08.2021 01:54:51.971,3.90537,3.9026400000000003,1.5,1
24.08.2021 01:55:02.605,3.9053300000000006,3.9026500000000004,1.5,1
24.08.2021 01:55:06.499,3.9053,3.9027000000000003,1.5,1
24.08.2021 01:55:10.488,3.9052800000000003,3.90257,1.5,1
24.08.2021 01:55:16.115,3.90522,3.90254,1.5,1
24.08.2021 01:55:18.368,3.90526,3.90266,1.5,1
24.08.2021 01:56:00.915,3.90522,3.90254,1.5,1
24.08.2021 01:56:01.031,3.90481,3.90254,1,1
24.08.2021 01:56:01.082,3.90522,3.90254,1.5,1
24.08.2021 01:56:01.270,3.9048300000000005,3.90254,1,1
24.08.2021 01:56:01.333,3.9049800000000006,3.90254,1,1
24.08.2021 01:56:01.384,3.90522,3.90254,1.5,1
24.08.2021 01:56:06.805,3.90522,3.90254,1.5,1
24.08.2021 01:56:17.041,3.90521,3.90255,1.5,1
24.08.2021 01:56:18.867,3.90505,3.9024,1.5,1
24.08.2021 01:56:35.147,3.90505,3.9023800000000004,1.5,1
24.08.2021 01:56:41.710,3.9051800000000005,3.90254,1.5,1
24.08.2021 01:56:41.763,3.9051800000000005,3.90254,1.5,1
24.08.2021 01:56:43.074,3.9051800000000005,3.90254,1.5,1
24.08.2021 01:56:43.275,3.90517,3.90255,1.5,1
24.08.2021 01:56:43.495,3.9049,3.90254,1,1
24.08.2021 01:56:43.545,3.90517,3.90255,1.5,1
24.08.2021 01:56:43.935,3.90521,3.90272,1.5,1
24.08.2021 01:56:43.986,3.90531,3.90271,1.5,1
24.08.2021 01:56:44.657,3.9048000000000003,3.90271,1,1
24.08.2021 01:56:44.708,3.90531,3.90271,1.5,1
24.08.2021 01:56:51.697,3.90525,3.90261,1.5,1
24.08.2021 01:56:53.646,3.90536,3.90272,1.5,1
24.08.2021 01:56:54.049,3.9053300000000006,3.90272,1.5,1
24.08.2021 01:57:12.641,3.9053300000000006,3.90272,1.5,1
24.08.2021 01:57:13.879,3.90536,3.90272,1.5,1
24.08.2021 01:57:26.040,3.90537,3.90271,1.5,1
24.08.2021 01:57:36.553,3.90497,3.90271,1,1
24.08.2021 01:57:36.603,3.9053500000000003,3.90271,1,1
24.08.2021 01:57:37.373,3.90537,3.90271,1.5,1
24.08.2021 01:57:39.900,3.90545,3.90277,1.5,1
24.08.2021 01:57:40.052,3.9054699999999998,3.9028400000000003,1.5,1
24.08.2021 01:57:53.474,3.90551,3.9028500000000004,1.5,1
24.08.2021 01:57:53.525,3.90556,3.9029800000000003,1.5,1
24.08.2021 01:57:54.811,3.90562,3.90297,1.5,1
24.08.2021 01:58:16.004,3.9053,3.90297,1,1
24.08.2021 01:58:16.055,3.90562,3.90297,1.5,1
24.08.2021 01:58:16.571,3.9052900000000004,3.9029800000000003,1,1
24.08.2021 01:58:16.621,3.9053500000000003,3.9029800000000003,1,1
24.08.2021 01:58:16.877,3.90516,3.90297,1,1
24.08.2021 01:58:16.978,3.9056100000000002,3.9029800000000003,1.5,1
24.08.2021 01:58:18.282,3.9056699999999998,3.90311,1.5,1
24.08.2021 01:58:49.951,3.9056699999999998,3.90311,1.5,1
24.08.2021 01:58:50.107,3.90582,3.9032199999999997,1.5,1
24.08.2021 01:58:51.592,3.9058300000000004,3.90321,1.5,1
24.08.2021 01:58:59.033,3.90582,3.90332,1.5,1
24.08.2021 01:58:59.134,3.90596,3.90332,1.5,1
24.08.2021 01:59:01.992,3.90594,3.90332,1.5,1
24.08.2021 01:59:02.903,3.90585,3.90321,1.5,1
24.08.2021 01:59:03.076,3.90585,3.90321,1.5,1
24.08.2021 01:59:11.107,3.9058400000000004,3.90321,1.5,1
24.08.2021 01:59:14.080,3.9058300000000004,3.9032199999999997,1.5,1
24.08.2021 01:59:14.577,3.9054800000000003,3.90321,1,1
24.08.2021 01:59:14.707,3.9058300000000004,3.9032199999999997,1.5,1
24.08.2021 01:59:14.991,3.9053500000000003,3.90321,1,1
24.08.2021 01:59:15.042,3.9058400000000004,3.90321,1.5,1
24.08.2021 01:59:15.324,3.90546,3.90321,1,1
24.08.2021 01:59:15.375,3.9058400000000004,3.90321,1.5,1
24.08.2021 01:59:15.707,3.9053199999999997,3.9032199999999997,1,1
24.08.2021 01:59:15.757,3.9058400000000004,3.90321,1.5,1
24.08.2021 01:59:16.041,3.9054800000000003,3.90321,1,1
24.08.2021 01:59:16.092,3.9058400000000004,3.90321,1.5,1
24.08.2021 01:59:16.344,3.90536,3.90321,1,1
24.08.2021 01:59:16.394,3.90542,3.90321,1,1
24.08.2021 01:59:16.445,3.9058400000000004,3.90321,1.5,1
24.08.2021 01:59:17.239,3.9058400000000004,3.90321,1.5,1
24.08.2021 01:59:33.432,3.90591,3.9032400000000003,1.5,1
24.08.2021 01:59:33.533,3.90596,3.90337,1.5,1
24.08.2021 01:59:41.904,3.9060400000000004,3.90337,1.5,1
24.08.2021 01:59:41.954,3.9061000000000003,3.90347,1.5,1
24.08.2021 01:59:42.106,3.90617,3.9035400000000005,1.5,1
24.08.2021 01:59:48.720,3.90622,3.9035400000000005,1.5,1
24.08.2021 01:59:49.058,3.90626,3.9036000000000004,1.5,1
24.08.2021 01:59:52.513,3.90582,3.9036000000000004,1,1
24.08.2021 01:59:52.564,3.90625,3.90361,1.5,1
24.08.2021 01:59:53.201,3.9058400000000004,3.9036000000000004,1,1
24.08.2021 01:59:53.252,3.90626,3.9036000000000004,1.5,1
24.08.2021 01:59:53.466,3.9059500000000003,3.9036000000000004,1,1
24.08.2021 01:59:53.516,3.90626,3.9036000000000004,1.5,1
24.08.2021 01:59:54.045,3.9058400000000004,3.90361,1,1
24.08.2021 01:59:54.095,3.9062400000000004,3.90361,1,1
24.08.2021 01:59:55.560,3.9062,3.90361,1.5,1
24.08.2021 02:00:00.614,3.9062,3.9035800000000003,1.5,1
24.08.2021 02:00:03.803,3.90612,3.9035,1.5,1
24.08.2021 02:00:32.292,3.90617,3.90361,1.5,1
24.08.2021 02:00:32.343,3.9061800000000004,3.9036000000000004,1.5,1
24.08.2021 02:00:33.413,3.9061800000000004,3.9036000000000004,1.5,1
24.08.2021 02:00:37.500,3.9061800000000004,3.9036000000000004,1.5,1
24.08.2021 02:00:49.935,3.9063300000000005,3.90376,1.5,1
24.08.2021 02:00:50.057,3.90625,3.90364,1.5,1
24.08.2021 02:00:50.226,3.9063300000000005,3.9039,1.5,1
24.08.2021 02:00:50.276,3.90642,3.9039,1.5,1
24.08.2021 02:00:50.427,3.9063300000000005,3.90372,1.5,1
24.08.2021 02:00:50.478,3.90632,3.9037300000000004,1.5,1
24.08.2021 02:00:50.623,3.90642,3.90392,1.5,1
24.08.2021 02:00:50.674,3.90642,3.90392,1.5,1
24.08.2021 02:00:50.725,3.9063900000000005,3.90387,1.5,1
24.08.2021 02:00:51.470,3.90635,3.90395,1.5,1
24.08.2021 02:00:51.577,3.90641,3.90384,1.5,1
24.08.2021 02:00:51.699,3.9063000000000003,3.9039699999999997,1.5,1
24.08.2021 02:00:51.833,3.90642,3.90384,1.5,1
24.08.2021 02:00:52.571,3.9062699999999997,3.90366,1.5,1
24.08.2021 02:01:00.680,3.9062699999999997,3.90366,1.5,1
24.08.2021 02:01:00.731,3.90616,3.9036000000000004,1.5,1
24.08.2021 02:01:12.940,3.90617,3.9035900000000003,1.5,1
24.08.2021 02:01:28.475,3.90617,3.9035900000000003,1.5,1
24.08.2021 02:01:30.436,3.9062699999999997,3.90366,1.5,1
24.08.2021 02:01:30.514,3.9062699999999997,3.90366,1.5,1
24.08.2021 02:01:31.188,3.9062699999999997,3.90366,1.5,1
24.08.2021 02:01:40.380,3.90614,3.9035800000000003,1.5,1
24.08.2021 02:01:43.745,3.9061300000000005,3.9035900000000003,1.5,1
24.08.2021 02:02:01.224,3.9061300000000005,3.9035900000000003,1.5,1
24.08.2021 02:02:01.281,3.9063000000000003,3.9036900000000005,1.5,1
24.08.2021 02:02:01.431,3.9063000000000003,3.9036900000000005,1.5,1
24.08.2021 02:02:14.105,3.90637,3.9037900000000003,1.5,1
24.08.2021 02:02:14.947,3.90636,3.9038000000000004,1.5,1
24.08.2021 02:02:14.997,3.90636,3.9038300000000006,1.5,1
24.08.2021 02:02:15.483,3.9065000000000003,3.90386,1.5,1
24.08.2021 02:02:15.539,3.9065000000000003,3.90386,1.5,1
24.08.2021 02:02:18.305,3.9064900000000002,3.9039699999999997,1.5,1
24.08.2021 02:02:42.074,3.9066,3.9039900000000003,1.5,1
24.08.2021 02:02:42.125,3.9065000000000003,3.90396,1.5,1
24.08.2021 02:02:51.680,3.9064300000000003,3.9037400000000004,1.5,1
24.08.2021 02:02:52.531,3.90652,3.90386,1.5,1
24.08.2021 02:02:52.619,3.9065300000000005,3.9038500000000003,1.5,1
24.08.2021 02:02:52.778,3.90652,3.90386,1.5,1
24.08.2021 02:02:52.995,3.90652,3.90386,1.5,1
24.08.2021 02:02:53.185,3.90652,3.90386,1.5,1
24.08.2021 02:02:53.440,3.90652,3.90386,1.5,1
24.08.2021 02:03:17.690,3.9067400000000005,3.9040800000000004,1.5,1
24.08.2021 02:03:17.740,3.9067400000000005,3.9040800000000004,1.5,1
24.08.2021 02:03:17.855,3.9065300000000005,3.90395,1,1.5
24.08.2021 02:03:18.258,3.9066800000000006,3.9040000000000004,1.5,1
24.08.2021 02:03:18.368,3.90681,3.9041300000000003,1.5,1
24.08.2021 02:03:18.419,3.9066,3.9039900000000003,1.5,1
24.08.2021 02:03:18.996,3.9066,3.9039300000000003,1.5,1.5
24.08.2021 02:03:26.142,3.9067000000000003,3.9040300000000006,1.5,1
24.08.2021 02:03:26.192,3.90669,3.90404,1.5,1.5
24.08.2021 02:03:26.243,3.9068,3.90412,1.5,1
24.08.2021 02:03:26.548,3.9068,3.90412,1.5,1.5
24.08.2021 02:03:38.308,3.9068,3.90412,1.5,1
24.08.2021 02:03:38.358,3.90666,3.9040300000000006,1.5,1
24.08.2021 02:03:38.419,3.90667,3.90402,1.5,1.5
24.08.2021 02:03:38.624,3.90667,3.90402,1.5,1
24.08.2021 02:03:39.071,3.90667,3.90402,1.5,1
24.08.2021 02:03:53.012,3.90667,3.90402,1.5,1
24.08.2021 02:03:53.414,3.90666,3.9040300000000006,1.5,1
24.08.2021 02:04:00.255,3.90667,3.90402,1.5,1
24.08.2021 02:04:08.027,3.9066,3.9039300000000003,1.5,1
24.08.2021 02:04:11.178,3.90647,3.90386,1.5,1
24.08.2021 02:04:12.172,3.90647,3.90386,1.5,1
24.08.2021 02:04:12.374,3.90647,3.90386,1,1.5
24.08.2021 02:04:12.829,3.9066,3.90395,1.5,1.12
24.08.2021 02:04:13.050,3.9064,3.90387,1,1.5
24.08.2021 02:04:13.468,3.9065000000000003,3.90387,1,1.5
24.08.2021 02:04:29.622,3.90651,3.90386,1.5,1
24.08.2021 02:04:55.973,3.90651,3.90386,1.5,1
24.08.2021 02:04:56.823,3.9065000000000003,3.90387,1.5,1
24.08.2021 02:05:19.960,3.90651,3.90386,1.5,1
24.08.2021 02:05:24.152,3.9064,3.9037400000000004,1.5,1.25
24.08.2021 02:05:24.289,3.9064,3.9037400000000004,1.5,1
24.08.2021 02:05:25.646,3.90641,3.9037300000000004,1.5,1
24.08.2021 02:06:09.835,3.90641,3.9037300000000004,1.5,1
24.08.2021 02:06:09.956,3.90647,3.90384,1.5,1
24.08.2021 02:06:10.057,3.9064800000000006,3.9038500000000003,1.5,1
24.08.2021 02:06:57.240,3.9064800000000006,3.9038300000000006,1.5,1
24.08.2021 02:06:57.390,3.90647,3.90384,1.5,1
24.08.2021 02:06:57.763,3.9063800000000004,3.90376,1.5,1
24.08.2021 02:06:58.358,3.9063800000000004,3.90376,1.5,1
24.08.2021 02:07:28.113,3.9063800000000004,3.90376,1.5,1
24.08.2021 02:07:30.376,3.9062400000000004,3.90376,1,1
24.08.2021 02:07:30.434,3.9062400000000004,3.90376,1.5,1
24.08.2021 02:07:31.286,3.9062400000000004,3.90376,1.5,1
24.08.2021 02:07:31.336,3.9062400000000004,3.9035699999999998,1.5,1.5
24.08.2021 02:07:53.761,3.9062400000000004,3.9035699999999998,1.5,1.5
24.08.2021 02:07:53.908,3.90634,3.9036900000000005,1.5,1
24.08.2021 02:07:54.009,3.90634,3.90375,1.5,1
24.08.2021 02:08:15.379,3.9063300000000005,3.90376,1.5,1
24.08.2021 02:08:28.415,3.9063300000000005,3.90376,1.5,1
24.08.2021 02:08:54.365,3.90634,3.9036900000000005,1.5,1
24.08.2021 02:09:12.873,3.90634,3.9036900000000005,1.5,1
24.08.2021 02:09:15.065,3.90634,3.9036900000000005,1.5,1
24.08.2021 02:09:34.758,3.90634,3.9036900000000005,1.5,1
24.08.2021 02:09:39.820,3.90634,3.9036900000000005,1.5,1
24.08.2021 02:10:11.331,3.9063300000000005,3.90376,1.5,1
24.08.2021 02:10:11.890,3.9064800000000006,3.9038300000000006,1.5,1
24.08.2021 02:10:25.606,3.90647,3.9038300000000006,1.5,1
24.08.2021 02:10:52.496,3.90641,3.90375,1.5,1
24.08.2021 02:11:01.512,3.90637,3.90375,1.5,1
24.08.2021 02:11:02.405,3.9062800000000006,3.9036300000000006,1.5,1
24.08.2021 02:11:26.567,3.9062800000000006,3.9036300000000006,1.5,1
24.08.2021 02:11:39.756,3.9062800000000006,3.9036300000000006,1.5,1
24.08.2021 02:12:07.559,3.9061800000000004,3.90362,1.5,1
24.08.2021 02:12:18.953,3.90617,3.9036300000000006,1.5,1
24.08.2021 02:12:19.101,3.90617,3.9035400000000005,1.5,1.75
24.08.2021 02:12:19.152,3.9060800000000007,3.9034800000000005,1.5,1
24.08.2021 02:12:19.879,3.9060800000000007,3.9034800000000005,1.5,1
24.08.2021 02:12:26.171,3.9060699999999997,3.90349,1.5,1
24.08.2021 02:12:52.491,3.9060800000000007,3.9034800000000005,1.5,1
24.08.2021 02:12:55.444,3.90621,3.90356,1.5,1
24.08.2021 02:14:02.140,3.9062699999999997,3.9035900000000003,1.5,1
24.08.2021 02:14:40.933,3.90621,3.9035,1.5,1
24.08.2021 02:14:41.083,3.90621,3.9035,2,1
24.08.2021 02:14:42.835,3.9062,3.9035,2,1
24.08.2021 02:14:43.438,3.90617,3.90349,1.5,1
24.08.2021 02:15:52.340,3.90616,3.90347,1.5,1
24.08.2021 02:16:03.336,3.9061800000000004,3.90346,1.5,1
24.08.2021 02:16:03.408,3.90621,3.90356,1.5,1
24.08.2021 02:16:03.559,3.9062699999999997,3.9035699999999998,1.5,1
24.08.2021 02:16:23.371,3.9062699999999997,3.90356,1.5,1
24.08.2021 02:16:35.111,3.9062699999999997,3.90356,1.5,1
24.08.2021 02:17:06.732,3.9062800000000006,3.9035900000000003,1.5,1
24.08.2021 02:17:22.630,3.90614,3.9035,1.5,1
24.08.2021 02:17:22.730,3.9061300000000005,3.9034800000000005,1.5,1
24.08.2021 02:17:22.781,3.9061300000000005,3.9034800000000005,1.5,1
24.08.2021 02:17:23.886,3.9061300000000005,3.9034800000000005,1.5,1
24.08.2021 02:17:24.119,3.9060400000000004,3.90346,1.5,1
24.08.2021 02:17:55.615,3.9060400000000004,3.90336,1.5,1.25
24.08.2021 02:17:55.666,3.9059800000000005,3.9033300000000004,1.5,1
24.08.2021 02:17:55.716,3.9059800000000005,3.9033300000000004,1.5,1
24.08.2021 02:18:54.394,3.90586,3.9031400000000005,1.5,1.5
24.08.2021 02:19:05.193,3.90585,3.90315,1.5,1
24.08.2021 02:19:05.294,3.90571,3.90307,1,1
24.08.2021 02:19:05.396,3.90571,3.90307,1.5,1
24.08.2021 02:19:06.855,3.90562,3.90306,1,1
24.08.2021 02:19:06.955,3.90562,3.90291,1,1.5
24.08.2021 02:19:22.011,3.9056100000000002,3.90292,1.5,1.5
24.08.2021 02:21:13.089,3.9056100000000002,3.90292,1,1.5
24.08.2021 02:21:13.490,3.90562,3.90291,1.5,1.5
