Gmt time,Ask,Bid,AskVolume,BidVolume
03.08.2021 00:00:00.018,3.84165,3.8377000000000003,1,1.5
03.08.2021 00:00:00.068,3.84165,3.8377000000000003,1,1.5
03.08.2021 00:00:03.643,3.8416400000000004,3.83741,1,1
03.08.2021 00:00:03.694,3.84161,3.83741,1,1
03.08.2021 00:00:04.182,3.8415500000000002,3.8374,1,1
03.08.2021 00:00:07.490,3.84152,3.8373300000000006,1,1.5
03.08.2021 00:00:07.625,3.84157,3.83734,1,1.5
03.08.2021 00:00:07.675,3.8415500000000002,3.8373300000000006,1,1.5
03.08.2021 00:00:11.294,3.8415500000000002,3.83791,1,1
03.08.2021 00:00:11.944,3.84152,3.83791,1,1
03.08.2021 00:00:15.250,3.84151,3.83762,1,1
03.08.2021 00:00:15.974,3.84152,3.83801,1,1
03.08.2021 00:00:16.291,3.84157,3.8380199999999998,1,1
03.08.2021 00:00:16.341,3.8415500000000002,3.83801,1,1
03.08.2021 00:00:16.855,3.8415500000000002,3.83752,1,1
03.08.2021 00:00:17.218,3.8415500000000002,3.83795,1,1
03.08.2021 00:00:17.660,3.84154,3.8379900000000005,1,1
03.08.2021 00:00:19.218,3.84154,3.838,1,1
03.08.2021 00:00:19.873,3.84151,3.8380500000000004,1,1
03.08.2021 00:00:20.005,3.84152,3.8378900000000002,1,1
03.08.2021 00:00:20.792,3.8414900000000003,3.8378900000000002,1,1
03.08.2021 00:00:21.332,3.84154,3.8379000000000003,1,1
03.08.2021 00:00:21.383,3.84152,3.8379900000000005,1,1
03.08.2021 00:00:21.942,3.84152,3.83801,1.5,1
03.08.2021 00:00:22.101,3.84152,3.83801,1,1
03.08.2021 00:00:22.566,3.8414900000000003,3.8379600000000003,1,1
03.08.2021 00:00:22.666,3.84152,3.8378900000000002,1,1
03.08.2021 00:00:24.781,3.8415800000000004,3.8378900000000002,1,1
03.08.2021 00:00:24.891,3.84161,3.8379800000000004,1,1
03.08.2021 00:00:25.043,3.8415800000000004,3.8379800000000004,1,1
03.08.2021 00:00:25.397,3.8415800000000004,3.83771,1.5,1
03.08.2021 00:00:25.619,3.8415800000000004,3.8380900000000002,1,1
03.08.2021 00:00:25.800,3.8415900000000005,3.8381800000000004,1.5,1
03.08.2021 00:00:26.012,3.8415900000000005,3.8377300000000005,1.5,1.5
03.08.2021 00:00:27.260,3.8415900000000005,3.8377800000000004,1.5,1
03.08.2021 00:00:27.464,3.8415900000000005,3.8377800000000004,1.5,1
03.08.2021 00:00:28.383,3.8415800000000004,3.8381600000000002,1.5,1
03.08.2021 00:00:28.493,3.8415900000000005,3.83821,1.5,1
03.08.2021 00:00:32.426,3.84165,3.83827,1.5,1
03.08.2021 00:00:51.562,3.84165,3.83827,1.5,1
03.08.2021 00:00:51.723,3.84162,3.8382,1.5,1
03.08.2021 00:01:00.343,3.84151,3.8381300000000005,1.5,1
03.08.2021 00:01:25.685,3.84146,3.8379900000000005,1.5,1
03.08.2021 00:01:25.915,3.8414900000000003,3.8380800000000006,1.5,1
03.08.2021 00:01:26.291,3.8413900000000005,3.83801,1.5,1
03.08.2021 00:01:30.122,3.84132,3.8380199999999998,1.5,1
03.08.2021 00:01:31.244,3.84136,3.8379300000000005,1.5,1
03.08.2021 00:01:32.123,3.84132,3.83794,1.5,1
03.08.2021 00:01:33.286,3.8413300000000006,3.8379300000000005,1.5,1
03.08.2021 00:01:51.742,3.84136,3.8379900000000005,1.5,1
03.08.2021 00:01:52.035,3.84136,3.8379900000000005,1.5,1
03.08.2021 00:01:52.236,3.84151,3.8380500000000004,1,1
03.08.2021 00:01:52.437,3.8413300000000006,3.8378900000000002,1.5,1
03.08.2021 00:02:06.272,3.8414300000000003,3.8379600000000003,1,1
03.08.2021 00:02:07.264,3.84157,3.8381800000000004,1.5,1
03.08.2021 00:02:10.917,3.84157,3.8382,1.5,1
03.08.2021 00:02:16.370,3.84175,3.83836,1.5,1
03.08.2021 00:02:18.162,3.8418400000000004,3.83836,1,1
03.08.2021 00:02:23.646,3.8419000000000003,3.83841,1,1
03.08.2021 00:02:25.066,3.8419000000000003,3.83841,1,1
03.08.2021 00:02:25.267,3.8418,3.83832,1,1.5
03.08.2021 00:02:25.938,3.8418900000000002,3.8384,1,1
03.08.2021 00:02:38.747,3.84194,3.83847,1.5,1
03.08.2021 00:02:43.607,3.8419300000000005,3.8384800000000006,1.5,1
03.08.2021 00:02:44.257,3.84194,3.83847,1.5,1
03.08.2021 00:03:02.035,3.8418,3.8383300000000005,1,1
03.08.2021 00:03:17.769,3.84181,3.83832,1,1
03.08.2021 00:03:18.038,3.84181,3.83832,1,1
03.08.2021 00:03:20.359,3.84181,3.83832,1,1
03.08.2021 00:04:13.134,3.8416699999999997,3.8382,1,1
03.08.2021 00:04:24.626,3.8416699999999997,3.8382,1,1
03.08.2021 00:04:28.263,3.84182,3.83836,1,1
03.08.2021 00:04:31.683,3.8418300000000003,3.83835,1,1
03.08.2021 00:04:47.637,3.84182,3.8383400000000005,1,1
03.08.2021 00:04:48.253,3.8418800000000006,3.8383900000000004,1,1
03.08.2021 00:05:02.644,3.8419300000000005,3.83846,1.62,1
03.08.2021 00:05:08.779,3.8419300000000005,3.83846,1.62,1
03.08.2021 00:05:29.870,3.8417900000000005,3.83832,1,1
03.08.2021 00:05:34.115,3.84191,3.8384500000000004,1,1
03.08.2021 00:05:35.779,3.8419000000000003,3.83846,1,1
03.08.2021 00:05:38.242,3.8419000000000003,3.83846,1,1
03.08.2021 00:05:39.871,3.84191,3.8384500000000004,1,1
03.08.2021 00:05:40.275,3.84194,3.8385000000000002,1.5,1
03.08.2021 00:05:40.476,3.8419300000000005,3.8384400000000003,1,1
03.08.2021 00:05:40.677,3.84192,3.8384500000000004,1,1
03.08.2021 00:05:41.613,3.8419300000000005,3.8384400000000003,1,1
03.08.2021 00:05:45.015,3.8419300000000005,3.83852,1.5,1
03.08.2021 00:05:52.501,3.84186,3.8383900000000004,1,1
03.08.2021 00:06:43.445,3.8418699999999997,3.8383800000000003,1,1
03.08.2021 00:06:47.119,3.8418699999999997,3.8383800000000003,1,1
03.08.2021 00:07:47.120,3.84194,3.8376699999999997,1,1
03.08.2021 00:07:47.170,3.8419300000000005,3.8376800000000006,1.5,1.5
03.08.2021 00:08:31.535,3.84194,3.83866,1.5,1
03.08.2021 00:08:31.742,3.84214,3.83866,1.5,1
03.08.2021 00:08:33.873,3.84214,3.83875,1.5,1
03.08.2021 00:09:10.542,3.84211,3.8386300000000007,1,1
03.08.2021 00:09:31.737,3.8422199999999997,3.83871,1,1
03.08.2021 00:09:31.890,3.84221,3.83872,1,1
03.08.2021 00:09:31.991,3.84229,3.8388500000000003,1.5,1
03.08.2021 00:09:32.498,3.84212,3.83861,1,1
03.08.2021 00:09:32.742,3.84227,3.8387800000000003,1,1
03.08.2021 00:09:39.541,3.8422800000000006,3.8388400000000003,1.5,1
03.08.2021 00:09:45.813,3.84229,3.8388300000000006,1.5,1
03.08.2021 00:09:46.014,3.8422500000000004,3.8387400000000005,1,1
03.08.2021 00:09:47.383,3.8422400000000003,3.83875,1,1
03.08.2021 00:09:51.231,3.8422400000000003,3.83875,1,1
03.08.2021 00:09:51.430,3.8422500000000004,3.8387400000000005,1,1
03.08.2021 00:10:48.196,3.84206,3.83861,1.5,1
03.08.2021 00:10:48.871,3.84205,3.8385400000000005,1,1
03.08.2021 00:10:50.745,3.84177,3.83826,1,1
03.08.2021 00:10:53.310,3.84177,3.83826,1,1
03.08.2021 00:10:53.535,3.84182,3.8383300000000005,1,1
03.08.2021 00:10:59.117,3.84176,3.8382500000000004,1,1
03.08.2021 00:10:59.321,3.84176,3.8382500000000004,1,1
03.08.2021 00:10:59.724,3.84176,3.8382500000000004,1,1
03.08.2021 00:11:09.252,3.84176,3.8382500000000004,1,1
03.08.2021 00:11:21.302,3.84172,3.83831,1.5,1
03.08.2021 00:11:22.949,3.84172,3.8382400000000003,1.5,1
03.08.2021 00:11:48.368,3.84152,3.83806,1,1
03.08.2021 00:11:48.529,3.8415900000000005,3.83812,1,1
03.08.2021 00:11:54.114,3.8416400000000004,3.83815,1,1
03.08.2021 00:11:54.472,3.84172,3.8382199999999997,1.5,1
03.08.2021 00:11:59.293,3.84172,3.8382199999999997,1.5,1
03.08.2021 00:12:08.242,3.84172,3.8382199999999997,1.5,1
03.08.2021 00:12:15.739,3.84172,3.8382199999999997,1.5,1
03.08.2021 00:12:31.862,3.84172,3.8382199999999997,1.5,1
03.08.2021 00:12:38.081,3.84166,3.83817,1,1
03.08.2021 00:12:38.564,3.84151,3.83827,1.5,1
03.08.2021 00:12:42.794,3.84152,3.83811,1.5,1
03.08.2021 00:12:44.494,3.84151,3.8381600000000002,1.5,1
03.08.2021 00:12:44.695,3.8415500000000002,3.8380400000000003,1,1
03.08.2021 00:12:46.677,3.84154,3.8380500000000004,1,1
03.08.2021 00:12:47.102,3.84156,3.8380500000000004,1,1
03.08.2021 00:12:50.448,3.84156,3.8380500000000004,1,1
03.08.2021 00:12:50.649,3.84145,3.8379600000000003,1,1
03.08.2021 00:12:51.664,3.84161,3.83811,1,1
03.08.2021 00:12:59.186,3.84136,3.83785,1,1
03.08.2021 00:13:04.363,3.8412900000000003,3.8377800000000004,1,1
03.08.2021 00:13:06.341,3.84142,3.83791,1,1
03.08.2021 00:13:24.212,3.84141,3.83792,1,1
03.08.2021 00:13:24.386,3.8414699999999997,3.8379800000000004,1,1
03.08.2021 00:13:48.310,3.84142,3.83791,1,1
03.08.2021 00:13:53.824,3.84132,3.8378400000000004,1.5,1
03.08.2021 00:13:57.500,3.8411300000000006,3.83762,1,1
03.08.2021 00:14:01.282,3.8412100000000002,3.8377000000000003,1,1
03.08.2021 00:14:41.015,3.8412,3.83771,1,1
03.08.2021 00:14:43.360,3.8412,3.83771,1,1
03.08.2021 00:14:43.985,3.84111,3.83762,1,1.5
03.08.2021 00:14:45.107,3.84126,3.8377900000000005,1,1
03.08.2021 00:15:00.546,3.84126,3.8377900000000005,1,1
03.08.2021 00:15:11.010,3.8411000000000004,3.8376400000000004,1.5,1
03.08.2021 00:15:19.307,3.8411000000000004,3.8376699999999997,1.5,1
03.08.2021 00:15:19.464,3.8411000000000004,3.8376699999999997,1.5,1
03.08.2021 00:15:23.125,3.8411000000000004,3.8376699999999997,1.5,1
03.08.2021 00:15:28.808,3.8411000000000004,3.8376900000000003,1.5,1
03.08.2021 00:15:36.123,3.8410900000000003,3.8377000000000003,1.5,1
03.08.2021 00:15:49.325,3.8410900000000003,3.83761,1,1
03.08.2021 00:16:09.115,3.84131,3.83782,1,1
03.08.2021 00:16:09.743,3.8413000000000004,3.8378300000000003,1,1
03.08.2021 00:16:11.821,3.84131,3.83782,1,1
03.08.2021 00:16:12.022,3.8412400000000004,3.83775,1,1
03.08.2021 00:16:52.611,3.8411300000000006,3.83775,1.5,1
03.08.2021 00:17:03.418,3.84102,3.8375300000000006,1,1
03.08.2021 00:17:10.799,3.84102,3.8375300000000006,1,1
03.08.2021 00:17:11.019,3.8410900000000003,3.8375800000000004,1,1
03.08.2021 00:17:25.027,3.8410800000000003,3.8375900000000005,1,1
03.08.2021 00:17:25.246,3.8410900000000003,3.8375800000000004,1,1
03.08.2021 00:17:25.447,3.8410800000000003,3.8375900000000005,1,1
03.08.2021 00:17:30.713,3.8410800000000003,3.8375900000000005,1,1
03.08.2021 00:17:31.358,3.8410900000000003,3.8375800000000004,1,1
03.08.2021 00:17:33.713,3.8410800000000003,3.8375900000000005,1,1
03.08.2021 00:17:34.607,3.8410800000000003,3.8375900000000005,1,1
03.08.2021 00:17:40.696,3.84096,3.8375500000000002,1.5,1
03.08.2021 00:17:41.635,3.84097,3.83754,1.5,1
03.08.2021 00:18:05.964,3.84081,3.8374699999999997,1.5,1
03.08.2021 00:18:06.187,3.84081,3.8374699999999997,1.5,1
03.08.2021 00:18:13.462,3.84097,3.8375300000000006,1.5,1
03.08.2021 00:18:13.625,3.84096,3.83754,1.5,1
03.08.2021 00:18:14.743,3.84096,3.83754,1.5,1
03.08.2021 00:18:21.368,3.8409400000000002,3.8375300000000006,1.5,1
03.08.2021 00:18:21.571,3.8409400000000002,3.8375300000000006,1.5,1
03.08.2021 00:18:21.998,3.84096,3.83754,1.5,1
03.08.2021 00:18:23.249,3.84097,3.8375300000000006,1.5,1
03.08.2021 00:18:27.368,3.8408400000000005,3.83742,1.5,1
03.08.2021 00:18:27.814,3.8407400000000003,3.8376,1.5,1
03.08.2021 00:18:32.112,3.8407500000000003,3.8374400000000004,1.5,1
03.08.2021 00:18:36.729,3.84077,3.83745,1.5,1
03.08.2021 00:18:44.785,3.84077,3.83745,1.5,1
03.08.2021 00:18:50.500,3.8406800000000003,3.83737,1.5,1
03.08.2021 00:18:51.139,3.8406800000000003,3.83737,1.5,1
03.08.2021 00:19:03.921,3.8405199999999997,3.8372100000000002,1.5,1
03.08.2021 00:19:07.251,3.84051,3.83722,1.5,1
03.08.2021 00:19:09.243,3.84045,3.8372100000000002,1.5,1
03.08.2021 00:20:04.010,3.84045,3.8370800000000003,1.5,1
03.08.2021 00:20:04.406,3.8405400000000003,3.8372300000000004,1.5,1
03.08.2021 00:20:06.155,3.84061,3.8373000000000004,1.5,1
03.08.2021 00:20:06.357,3.84071,3.8372300000000004,1.5,1
03.08.2021 00:20:07.364,3.8406800000000003,3.8372300000000004,1.5,1
03.08.2021 00:20:07.464,3.84062,3.83716,1.5,1
03.08.2021 00:20:07.662,3.84067,3.83725,1.5,1
03.08.2021 00:20:07.844,3.8406800000000003,3.8374,1.5,1
03.08.2021 00:20:26.377,3.8408300000000004,3.8374800000000007,2,1
03.08.2021 00:20:26.818,3.84077,3.8374800000000007,1.5,1
03.08.2021 00:20:30.838,3.8407800000000005,3.8374699999999997,1.5,1
03.08.2021 00:20:33.746,3.8408400000000005,3.83756,1.5,1
03.08.2021 00:20:33.969,3.8408400000000005,3.83756,1.5,1
03.08.2021 00:20:44.664,3.8408400000000005,3.83771,2,1
03.08.2021 00:20:51.121,3.8408400000000005,3.83756,2,1.5
03.08.2021 00:20:55.549,3.8408400000000005,3.83756,2,1.5
03.08.2021 00:20:56.772,3.84081,3.83756,1.5,1.5
03.08.2021 00:20:56.973,3.8407500000000003,3.8374900000000003,1.5,1
03.08.2021 00:20:57.074,3.8407,3.8374400000000004,1.5,1
03.08.2021 00:21:00.487,3.8408400000000005,3.83752,2,1
03.08.2021 00:21:03.275,3.8408400000000005,3.83752,2,1
03.08.2021 00:21:03.543,3.8408400000000005,3.83752,2,1
03.08.2021 00:21:05.275,3.8408400000000005,3.83752,2,1
03.08.2021 00:21:07.849,3.84086,3.83776,1.5,1
03.08.2021 00:21:08.574,3.84087,3.83775,1.5,1
03.08.2021 00:21:09.118,3.84087,3.8376,1.5,1
03.08.2021 00:21:11.711,3.8408400000000005,3.83754,1.5,1
03.08.2021 00:21:14.244,3.8408,3.8375500000000002,1.5,1
03.08.2021 00:21:15.069,3.8408,3.8375500000000002,1.5,1
03.08.2021 00:21:22.145,3.8408,3.8375500000000002,1.5,1
03.08.2021 00:21:23.455,3.84081,3.83754,1.5,1
03.08.2021 00:21:24.393,3.8408,3.8375500000000002,1.5,1
03.08.2021 00:21:25.244,3.84081,3.83754,1.5,1
03.08.2021 00:21:29.747,3.84081,3.83754,1.5,1
03.08.2021 00:21:34.382,3.84081,3.83754,1.5,1
03.08.2021 00:21:35.621,3.84081,3.83754,1.5,1
03.08.2021 00:21:49.185,3.8408,3.8375500000000002,1.5,1
03.08.2021 00:21:49.388,3.8408,3.8374900000000003,1.5,1
03.08.2021 00:22:00.744,3.8408400000000005,3.8374800000000007,1.5,1
03.08.2021 00:22:06.008,3.8408300000000004,3.83756,1.5,1
03.08.2021 00:22:06.416,3.8407400000000003,3.8374400000000004,1.5,1
03.08.2021 00:22:14.653,3.84062,3.8373000000000004,1.5,1
03.08.2021 00:22:21.101,3.8405500000000004,3.8373000000000004,1.5,1
03.08.2021 00:22:34.465,3.8405199999999997,3.8372400000000004,1.5,1
03.08.2021 00:22:47.992,3.8405199999999997,3.8372400000000004,1.5,1
03.08.2021 00:22:54.057,3.8403500000000004,3.8371000000000004,1.5,1
03.08.2021 00:22:55.787,3.84036,3.83702,1.5,1
03.08.2021 00:22:56.225,3.84025,3.83697,1.5,1
03.08.2021 00:22:58.748,3.8402300000000005,3.83696,1.5,1
03.08.2021 00:23:03.750,3.8402300000000005,3.8368900000000004,1.5,1
03.08.2021 00:23:06.506,3.8402300000000005,3.8368900000000004,1.5,1
03.08.2021 00:23:07.730,3.8402000000000003,3.8368900000000004,1.5,1
03.08.2021 00:23:08.411,3.8402300000000005,3.8368900000000004,1.5,1
03.08.2021 00:23:08.649,3.8402300000000005,3.83676,1.5,1.5
03.08.2021 00:23:22.480,3.84025,3.83677,1.5,1.5
03.08.2021 00:23:23.794,3.84025,3.83677,1.5,1.5
03.08.2021 00:23:26.667,3.8402600000000002,3.83676,1.5,1.5
03.08.2021 00:23:28.374,3.84025,3.83677,1.5,1.5
03.08.2021 00:23:30.232,3.8402600000000002,3.83676,1.5,1.5
03.08.2021 00:23:42.243,3.8402600000000002,3.83676,1.5,1.5
03.08.2021 00:23:44.162,3.8402600000000002,3.83677,1,1.5
03.08.2021 00:23:44.357,3.8403500000000004,3.8368800000000003,1.5,1
03.08.2021 00:24:27.597,3.84041,3.8372300000000004,2,1
03.08.2021 00:24:27.768,3.8404400000000005,3.83702,1.5,1
03.08.2021 00:24:33.547,3.8405199999999997,3.8370100000000003,1.5,1
03.08.2021 00:24:39.387,3.84051,3.8371000000000004,1.5,1
03.08.2021 00:24:39.583,3.8405800000000005,3.8373900000000005,1.5,1
03.08.2021 00:24:41.427,3.84065,3.8372900000000003,1.5,1
03.08.2021 00:24:41.595,3.84065,3.8372900000000003,1.5,1
03.08.2021 00:24:54.443,3.8407,3.8373500000000003,1.5,1
03.08.2021 00:24:56.714,3.84071,3.83734,1.5,1
03.08.2021 00:25:03.305,3.84065,3.8372100000000002,1.5,1
03.08.2021 00:25:03.902,3.84057,3.8371500000000003,1.5,1
03.08.2021 00:25:08.244,3.8405500000000004,3.83714,1.5,1
03.08.2021 00:25:13.281,3.8405500000000004,3.83714,1.5,1
03.08.2021 00:25:24.710,3.8405500000000004,3.83714,1.5,1
03.08.2021 00:25:24.873,3.8405199999999997,3.83714,1.5,1
03.08.2021 00:25:35.845,3.8405400000000003,3.8371500000000003,1.5,1
03.08.2021 00:25:36.269,3.84041,3.83706,1.5,1
03.08.2021 00:25:38.627,3.8405500000000004,3.83706,1,1
03.08.2021 00:25:44.097,3.84057,3.8370400000000005,1.5,1
03.08.2021 00:25:45.303,3.84042,3.8370400000000005,1.5,1
03.08.2021 00:25:45.922,3.8404800000000003,3.83699,1.5,1
03.08.2021 00:25:50.321,3.8404900000000004,3.8371300000000006,1.5,1
03.08.2021 00:25:51.176,3.8405400000000003,3.83714,1.5,1
03.08.2021 00:25:51.920,3.8405800000000005,3.8372300000000004,1.5,1.5
03.08.2021 00:25:54.742,3.84059,3.83722,1.5,1.5
03.08.2021 00:25:57.096,3.84059,3.83722,1.5,1.5
03.08.2021 00:26:09.328,3.8405800000000005,3.8372,1.5,1
03.08.2021 00:26:21.823,3.8405500000000004,3.8372,1.5,1
03.08.2021 00:26:26.046,3.84051,3.83714,1.5,1
03.08.2021 00:26:26.247,3.8405199999999997,3.8371300000000006,1.5,1
03.08.2021 00:26:32.264,3.8405500000000004,3.8371300000000006,1.5,1
03.08.2021 00:27:18.172,3.84062,3.8372,1.5,1
03.08.2021 00:27:27.054,3.8406900000000004,3.8372,1.5,1
03.08.2021 00:27:28.910,3.8406400000000005,3.8372900000000003,1.5,1
03.08.2021 00:27:29.630,3.8406800000000003,3.8372800000000007,1.5,1
03.08.2021 00:27:48.501,3.84062,3.8372100000000002,1.5,1
03.08.2021 00:27:48.712,3.84062,3.8372100000000002,1.5,1
03.08.2021 00:27:52.954,3.84062,3.8372100000000002,1.5,1
03.08.2021 00:27:56.159,3.84067,3.8372800000000007,1.5,1
03.08.2021 00:28:19.302,3.8405500000000004,3.8372,1.5,1
03.08.2021 00:28:28.309,3.8405800000000005,3.8372,1.5,1
03.08.2021 00:28:28.700,3.84067,3.83726,1.5,1
03.08.2021 00:28:56.361,3.8407800000000005,3.83737,2,1
03.08.2021 00:29:02.675,3.8408400000000005,3.83741,1.5,1
03.08.2021 00:29:09.753,3.84097,3.83762,1.5,1
03.08.2021 00:29:11.124,3.84096,3.8376300000000003,1.5,1
03.08.2021 00:29:12.256,3.8410699999999998,3.83762,1.5,1
03.08.2021 00:29:12.457,3.8409400000000002,3.83752,1.5,1
03.08.2021 00:29:24.950,3.8409400000000002,3.8375300000000006,1.5,1
03.08.2021 00:29:42.565,3.841,3.8376,1.5,1
03.08.2021 00:29:43.146,3.84112,3.8376900000000003,1.5,1
03.08.2021 00:29:43.346,3.8410699999999998,3.8376800000000006,1.5,1
03.08.2021 00:29:48.933,3.8410699999999998,3.8377900000000005,1.5,1
03.08.2021 00:29:59.119,3.84106,3.83765,1.5,1
03.08.2021 00:30:03.037,3.8409400000000002,3.8375000000000004,1.5,1
03.08.2021 00:30:03.600,3.84097,3.83756,1.5,1
03.08.2021 00:30:50.437,3.8410300000000004,3.8376,1.5,1
03.08.2021 00:31:30.814,3.8410300000000004,3.83762,1.5,1
03.08.2021 00:31:31.558,3.8410300000000004,3.8377800000000004,1.5,1
03.08.2021 00:31:36.035,3.8410300000000004,3.83765,1.5,1
03.08.2021 00:31:36.282,3.8410400000000005,3.8376400000000004,1.5,1
03.08.2021 00:31:36.483,3.8410400000000005,3.83761,1.5,1
03.08.2021 00:31:39.327,3.8411300000000006,3.8377000000000003,1.5,1
03.08.2021 00:31:42.788,3.8411300000000006,3.83771,1.5,1
03.08.2021 00:32:09.790,3.8411900000000005,3.8377800000000004,2,1
03.08.2021 00:32:09.991,3.8412,3.83777,2,1
03.08.2021 00:32:10.298,3.84125,3.83787,1.5,1
03.08.2021 00:32:10.398,3.8412300000000004,3.83786,1.5,1
03.08.2021 00:32:16.671,3.8413300000000006,3.8379300000000005,1.5,1
03.08.2021 00:32:17.122,3.84136,3.83794,1.5,1
03.08.2021 00:32:45.350,3.8414800000000007,3.8380900000000002,1.5,1
03.08.2021 00:32:49.061,3.84145,3.8380900000000002,1.5,1
03.08.2021 00:32:49.545,3.84152,3.8380900000000002,1.5,1
03.08.2021 00:33:00.096,3.84161,3.83815,1.5,1
03.08.2021 00:33:00.279,3.8415500000000002,3.83815,1.5,1
03.08.2021 00:33:16.653,3.8416,3.8380900000000002,1,1
03.08.2021 00:33:16.856,3.84152,3.8381600000000002,1.5,1
03.08.2021 00:33:27.245,3.84154,3.83817,1.5,1
03.08.2021 00:33:29.121,3.8416699999999997,3.8381600000000002,1,1
03.08.2021 00:33:29.932,3.8416800000000006,3.8382199999999997,1.5,1
03.08.2021 00:33:32.385,3.84171,3.83826,1.5,1
03.08.2021 00:33:32.595,3.84177,3.83831,1.5,1
03.08.2021 00:33:33.838,3.84165,3.83831,1.5,1
03.08.2021 00:33:34.079,3.8418699999999997,3.8385000000000002,1.5,1
03.08.2021 00:33:34.245,3.84185,3.83866,1.5,1
03.08.2021 00:33:38.048,3.8419900000000005,3.8385000000000002,1,1
03.08.2021 00:33:44.440,3.84191,3.8383900000000004,1,1
03.08.2021 00:33:44.627,3.8418400000000004,3.8383300000000005,1,1.5
03.08.2021 00:33:44.903,3.8418800000000006,3.8385400000000005,1.5,1
03.08.2021 00:33:46.544,3.8418800000000006,3.83855,1.5,1
03.08.2021 00:33:47.238,3.8418800000000006,3.8385400000000005,1.5,1
03.08.2021 00:33:48.595,3.84201,3.8385400000000005,1.5,1
03.08.2021 00:33:57.819,3.84197,3.83861,1.5,1
03.08.2021 00:33:58.095,3.84212,3.83861,1,1
03.08.2021 00:33:59.545,3.84212,3.83861,1,1
03.08.2021 00:34:06.948,3.84197,3.83851,1.5,1
03.08.2021 00:34:15.944,3.84197,3.83851,1.5,1
03.08.2021 00:34:19.372,3.8418800000000006,3.8384400000000003,1.5,1
03.08.2021 00:34:20.229,3.8418,3.83837,1.5,1
03.08.2021 00:34:24.341,3.8418400000000004,3.8385400000000005,1.5,1
03.08.2021 00:34:28.095,3.8420400000000003,3.83855,1,1
03.08.2021 00:34:33.095,3.8418900000000002,3.83855,1.5,1
03.08.2021 00:34:34.852,3.84185,3.83855,1.5,1
03.08.2021 00:34:37.413,3.84185,3.83855,1.5,1
03.08.2021 00:34:37.648,3.8418900000000002,3.83855,1.5,1
03.08.2021 00:34:40.595,3.8418900000000002,3.83855,1.5,1
03.08.2021 00:34:42.041,3.8418900000000002,3.83855,1.5,1
03.08.2021 00:34:42.214,3.8418900000000002,3.83855,1.5,1
03.08.2021 00:34:42.415,3.8418400000000004,3.83856,1.5,1
03.08.2021 00:34:48.326,3.8418400000000004,3.83856,1.5,1
03.08.2021 00:34:48.513,3.84201,3.83855,1.5,1
03.08.2021 00:34:52.420,3.8418699999999997,3.83856,1.5,1
03.08.2021 00:34:53.096,3.84201,3.83855,1.5,1
03.08.2021 00:35:01.589,3.84185,3.83846,1.5,1
03.08.2021 00:35:02.469,3.8418400000000004,3.8384,1.5,1
03.08.2021 00:35:06.437,3.84176,3.83829,1,1
03.08.2021 00:35:06.661,3.84175,3.8382800000000006,1.5,1
03.08.2021 00:35:06.840,3.84175,3.8382800000000006,1.5,1
03.08.2021 00:35:07.042,3.8418300000000003,3.8384300000000007,1.5,1
03.08.2021 00:35:12.396,3.84175,3.8384300000000007,1.5,1
03.08.2021 00:35:13.309,3.84177,3.8384400000000003,1.5,1
03.08.2021 00:35:15.222,3.84175,3.8385000000000002,1.5,1
03.08.2021 00:35:18.418,3.84175,3.8385000000000002,1.5,1
03.08.2021 00:35:21.682,3.84174,3.83851,1.5,1
03.08.2021 00:35:29.879,3.8417300000000005,3.8382400000000003,1,1
03.08.2021 00:35:30.274,3.84172,3.8382500000000004,1,1
03.08.2021 00:35:49.321,3.84185,3.83837,2,1
03.08.2021 00:35:58.148,3.8418400000000004,3.8383800000000003,1.62,1
03.08.2021 00:35:58.818,3.84185,3.83837,2,1
03.08.2021 00:36:01.370,3.84185,3.83837,2,1
03.08.2021 00:36:01.593,3.8417300000000005,3.8382400000000003,1,1
03.08.2021 00:36:01.771,3.84171,3.8382500000000004,1.5,1
03.08.2021 00:36:02.769,3.84162,3.83836,1.5,1
03.08.2021 00:36:03.186,3.8417300000000005,3.83836,1.5,1
03.08.2021 00:36:05.333,3.84152,3.83829,1.5,1
03.08.2021 00:36:14.891,3.8414800000000007,3.8382300000000007,1.5,1
03.08.2021 00:36:15.094,3.8416400000000004,3.8382300000000007,1.5,1
03.08.2021 00:36:15.755,3.8414800000000007,3.8380199999999998,1.5,1
03.08.2021 00:36:20.946,3.8413800000000005,3.83811,1.5,1
03.08.2021 00:36:21.119,3.8415800000000004,3.8381000000000003,1,1
03.08.2021 00:36:32.847,3.84142,3.8381600000000002,1.5,1
03.08.2021 00:36:33.771,3.84141,3.83817,1.5,1
03.08.2021 00:36:40.145,3.84152,3.8381600000000002,1.5,1
03.08.2021 00:36:40.311,3.8414800000000007,3.838,1,1
03.08.2021 00:36:40.702,3.8414900000000003,3.8381900000000004,1.5,1
03.08.2021 00:36:43.716,3.84142,3.8381900000000004,1.5,1
03.08.2021 00:36:51.303,3.8413900000000005,3.8380500000000004,1.5,1
03.08.2021 00:36:53.794,3.84132,3.83806,1.5,1
03.08.2021 00:37:05.524,3.8414800000000007,3.8381300000000005,1.5,1
03.08.2021 00:37:05.882,3.84152,3.8380500000000004,2,1
03.08.2021 00:37:07.015,3.84152,3.8380500000000004,1.5,1
03.08.2021 00:37:07.514,3.84151,3.83806,1.5,1
03.08.2021 00:37:13.451,3.84161,3.8381400000000006,1.5,1
03.08.2021 00:37:13.648,3.84162,3.8381300000000005,1,1
03.08.2021 00:37:18.140,3.84162,3.8381300000000005,1,1
03.08.2021 00:37:22.440,3.84162,3.8381300000000005,1,1
03.08.2021 00:37:31.821,3.8415900000000005,3.8381300000000005,1.5,1
03.08.2021 00:37:32.025,3.8415800000000004,3.8381400000000006,1.5,1
03.08.2021 00:37:33.893,3.84165,3.8381900000000004,1.5,1
03.08.2021 00:38:21.432,3.8416800000000006,3.83831,1.5,1
03.08.2021 00:38:22.054,3.84185,3.8384500000000004,1.5,1
03.08.2021 00:38:22.226,3.84185,3.8384500000000004,1.5,1
03.08.2021 00:38:31.067,3.84176,3.8383000000000003,1,1
03.08.2021 00:38:32.533,3.84175,3.83831,1,1
03.08.2021 00:38:32.732,3.84175,3.83831,1,1
03.08.2021 00:38:36.388,3.84176,3.8383000000000003,1,1
03.08.2021 00:38:39.121,3.84185,3.83847,1.5,1
03.08.2021 00:38:39.273,3.84185,3.83847,1.5,1
03.08.2021 00:38:42.748,3.84185,3.83847,1.5,1
03.08.2021 00:38:53.974,3.8418,3.83832,1,1.5
03.08.2021 00:39:01.043,3.8418,3.83832,1,1.5
03.08.2021 00:39:14.234,3.842,3.83851,1,1
03.08.2021 00:39:16.885,3.8418900000000002,3.8384,1,1
03.08.2021 00:39:21.132,3.8418900000000002,3.8384,1,1
03.08.2021 00:39:23.948,3.84206,3.83872,1.5,1
03.08.2021 00:39:57.245,3.84207,3.83871,1.5,1
03.08.2021 00:40:03.302,3.84207,3.83871,1.5,1
03.08.2021 00:40:05.189,3.84207,3.83871,1.5,1
03.08.2021 00:40:08.747,3.84207,3.83875,1.5,1
03.08.2021 00:40:09.496,3.84207,3.83875,1.5,1
03.08.2021 00:40:28.244,3.84207,3.83875,1.5,1
03.08.2021 00:40:37.946,3.84206,3.83876,1.5,1
03.08.2021 00:40:43.224,3.84207,3.83875,1.5,1
03.08.2021 00:41:02.807,3.84207,3.83861,1.5,1
03.08.2021 00:41:07.245,3.84207,3.83861,1.5,1
03.08.2021 00:41:08.457,3.84206,3.8386199999999997,1.5,1
03.08.2021 00:41:11.807,3.84207,3.83871,1.5,1
03.08.2021 00:41:30.015,3.84207,3.83871,1.5,1
03.08.2021 00:41:45.830,3.84207,3.83871,1.5,1
03.08.2021 00:42:09.744,3.84207,3.83871,1.5,1
03.08.2021 00:42:10.907,3.84207,3.83887,1.5,1
03.08.2021 00:42:11.671,3.84207,3.83887,1.5,1
03.08.2021 00:42:21.932,3.84207,3.83881,1.5,1
03.08.2021 00:42:22.134,3.84207,3.83866,1.5,1
03.08.2021 00:42:28.578,3.84206,3.83867,1.5,1
03.08.2021 00:42:44.548,3.84206,3.83872,1.5,1
03.08.2021 00:42:44.750,3.84206,3.83872,1.5,1
03.08.2021 00:42:48.744,3.84207,3.83871,1.5,1
03.08.2021 00:43:22.217,3.84206,3.83872,1.5,1
03.08.2021 00:43:46.026,3.84207,3.8378,1.5,1.5
03.08.2021 00:43:46.263,3.84207,3.83877,1.5,1
03.08.2021 00:44:08.891,3.84207,3.83877,1.5,1
03.08.2021 00:44:15.202,3.84206,3.8387800000000003,1.5,1
03.08.2021 00:44:20.443,3.84207,3.83877,1.5,1
03.08.2021 00:44:30.245,3.84207,3.83877,1.5,1
03.08.2021 00:44:43.797,3.84207,3.83877,1.5,1
03.08.2021 00:44:43.997,3.84207,3.83877,1.5,1
03.08.2021 00:44:45.037,3.84207,3.83877,1.5,1
03.08.2021 00:44:46.260,3.84207,3.8378,1.5,1.5
03.08.2021 00:44:59.936,3.84207,3.8378,1.5,1.5
03.08.2021 00:45:10.681,3.8421000000000003,3.8386400000000003,1,1
03.08.2021 00:45:39.715,3.8420199999999998,3.8385800000000003,1.5,1
03.08.2021 00:45:42.740,3.8419800000000004,3.8385000000000002,1,1
03.08.2021 00:45:43.929,3.8419800000000004,3.8385000000000002,1,1
03.08.2021 00:45:51.737,3.84191,3.8384500000000004,1,1
03.08.2021 00:46:02.179,3.84192,3.8384400000000003,1,1
03.08.2021 00:46:05.793,3.84192,3.8384400000000003,1,1
03.08.2021 00:46:06.303,3.84192,3.8384400000000003,1,1
03.08.2021 00:46:42.479,3.84191,3.8384500000000004,1,1
03.08.2021 00:46:43.921,3.84191,3.8384500000000004,1,1
03.08.2021 00:46:58.381,3.84201,3.83797,1.5,1.5
03.08.2021 00:47:02.777,3.84201,3.83797,1.5,1.5
03.08.2021 00:47:06.479,3.84201,3.83797,1.5,1.5
03.08.2021 00:47:11.290,3.8420199999999998,3.8379600000000003,1.5,1.5
03.08.2021 00:47:12.749,3.8420199999999998,3.8379600000000003,1.5,1.5
03.08.2021 00:47:21.744,3.8420199999999998,3.8379600000000003,1.5,1.5
03.08.2021 00:47:28.194,3.842,3.83851,1,1
03.08.2021 00:47:29.326,3.84201,3.8385800000000003,1.5,1
03.08.2021 00:47:31.598,3.8419900000000005,3.83852,1,1
03.08.2021 00:47:32.373,3.842,3.83851,1,1
03.08.2021 00:47:50.655,3.842,3.83851,1,1
03.08.2021 00:47:57.975,3.84194,3.8384500000000004,1,1
03.08.2021 00:47:58.176,3.8419300000000005,3.83846,1,1
03.08.2021 00:48:12.486,3.8420199999999998,3.8386,1.5,1
03.08.2021 00:48:28.621,3.8420199999999998,3.8385400000000005,1.62,1
03.08.2021 00:48:28.868,3.8420199999999998,3.8385400000000005,1.62,1
03.08.2021 00:48:31.943,3.84201,3.83855,1.62,1
03.08.2021 00:48:35.788,3.8420199999999998,3.8385400000000005,1.62,1
03.08.2021 00:48:36.471,3.84201,3.83855,1.62,1
03.08.2021 00:49:07.964,3.84201,3.8386199999999997,1.5,1
03.08.2021 00:49:08.240,3.84201,3.8386800000000005,1.5,1
03.08.2021 00:49:20.452,3.8420199999999998,3.83867,1.5,1
03.08.2021 00:49:29.086,3.8420199999999998,3.8386800000000005,1.5,1
03.08.2021 00:49:41.122,3.84201,3.83869,1.5,1
03.08.2021 00:49:59.446,3.8420199999999998,3.8386800000000005,1.5,1
03.08.2021 00:50:00.442,3.84215,3.83866,1,1
03.08.2021 00:50:08.189,3.84221,3.8387800000000003,1.5,1
03.08.2021 00:50:50.150,3.8420300000000003,3.83855,1,1
03.08.2021 00:50:50.607,3.84217,3.8387300000000004,1,1
03.08.2021 00:50:52.366,3.8419900000000005,3.8385000000000002,1,1
03.08.2021 00:50:57.085,3.84211,3.8386400000000003,1,1
03.08.2021 00:51:00.777,3.84211,3.8386400000000003,1,1
03.08.2021 00:51:01.061,3.84211,3.8386400000000003,1,1
03.08.2021 00:51:23.744,3.84205,3.8386199999999997,1.5,1
03.08.2021 00:51:25.235,3.84205,3.8386199999999997,1.5,1
03.08.2021 00:51:38.515,3.84205,3.8386199999999997,1.5,1
03.08.2021 00:51:38.716,3.8420400000000003,3.8386300000000007,1.5,1
03.08.2021 00:51:40.216,3.84205,3.8386199999999997,1.5,1
03.08.2021 00:51:49.260,3.84205,3.8386199999999997,1.5,1
03.08.2021 00:52:40.921,3.8420400000000003,3.8386400000000003,1.5,1
03.08.2021 00:52:41.108,3.84205,3.8386300000000007,1.5,1
03.08.2021 00:52:41.308,3.8420400000000003,3.8386400000000003,1.5,1
03.08.2021 00:52:41.508,3.84205,3.8386300000000007,1.5,1
03.08.2021 00:52:44.248,3.84205,3.8386300000000007,1.5,1
03.08.2021 00:52:45.708,3.84205,3.8386300000000007,1.5,1
03.08.2021 00:52:46.712,3.84205,3.8386300000000007,1.5,1
03.08.2021 00:53:03.809,3.84205,3.8386300000000007,1.5,1
03.08.2021 00:53:10.651,3.8420400000000003,3.8386400000000003,1.5,1
03.08.2021 00:53:19.676,3.84205,3.8386300000000007,1.5,1
03.08.2021 00:53:20.762,3.84205,3.8386400000000003,1.5,1
03.08.2021 00:53:20.813,3.84217,3.8382300000000007,1,1.5
03.08.2021 00:53:20.983,3.84217,3.8381000000000003,1,1.62
03.08.2021 00:53:21.330,3.84217,3.8382400000000003,1,1.5
03.08.2021 00:53:33.809,3.8421800000000004,3.83817,1,1.5
03.08.2021 00:53:34.010,3.84217,3.8381800000000004,1,1.5
03.08.2021 00:53:36.246,3.84217,3.83817,1,1
03.08.2021 00:53:41.441,3.8421800000000004,3.8381600000000002,1,1
03.08.2021 00:53:49.886,3.8421800000000004,3.8380900000000002,1,1.5
03.08.2021 00:53:59.777,3.8421800000000004,3.8382800000000006,1,1
03.08.2021 00:53:59.981,3.8421800000000004,3.8382800000000006,1,1
03.08.2021 00:54:01.031,3.8421800000000004,3.8381300000000005,1,1.5
03.08.2021 00:54:01.345,3.8421800000000004,3.83832,1,1
03.08.2021 00:54:01.547,3.8421800000000004,3.83832,1,1
03.08.2021 00:54:01.748,3.8421800000000004,3.83832,1,1
03.08.2021 00:54:02.366,3.8421800000000004,3.83817,1,1
03.08.2021 00:54:03.038,3.8424,3.8385300000000004,1,1
03.08.2021 00:54:03.088,3.8424,3.8385300000000004,1,1
03.08.2021 00:54:03.272,3.8423900000000004,3.8385400000000005,1,1
03.08.2021 00:54:03.560,3.8423900000000004,3.8385400000000005,1,1
03.08.2021 00:54:03.761,3.8423900000000004,3.8385400000000005,1,1
03.08.2021 00:54:05.103,3.8424,3.83857,1,1
03.08.2021 00:54:05.514,3.8424,3.83857,1,1
03.08.2021 00:54:12.449,3.8423900000000004,3.83857,1,1
03.08.2021 00:54:12.651,3.8423900000000004,3.83857,1,1
03.08.2021 00:54:12.821,3.8424,3.83856,1,1
03.08.2021 00:54:12.956,3.8423900000000004,3.83857,1,1
03.08.2021 00:54:13.570,3.8423900000000004,3.8385300000000004,1,1
03.08.2021 00:54:14.076,3.8424,3.83852,1,1
03.08.2021 00:54:14.332,3.8424,3.83852,1,1
03.08.2021 00:54:16.732,3.8423900000000004,3.8383300000000005,1,1.5
03.08.2021 00:54:16.932,3.8424,3.83832,1,1.5
03.08.2021 00:54:18.206,3.8424,3.83832,1,1.5
03.08.2021 00:54:21.133,3.8424,3.8383300000000005,1,1.5
03.08.2021 00:54:23.816,3.8424,3.8384199999999997,1,1.5
03.08.2021 00:54:27.264,3.8425300000000004,3.83872,1,1
03.08.2021 00:54:27.419,3.8425300000000004,3.83872,1,1
03.08.2021 00:54:27.993,3.8425400000000005,3.83871,1,1
03.08.2021 00:54:38.164,3.8425300000000004,3.8386500000000003,1,1
03.08.2021 00:54:38.376,3.8425300000000004,3.8386500000000003,1,1
03.08.2021 00:54:49.681,3.8425400000000005,3.83847,1,1
03.08.2021 00:54:49.896,3.8425400000000005,3.83847,1,1
03.08.2021 00:54:50.378,3.8425400000000005,3.83847,1,1
03.08.2021 00:54:52.168,3.8425300000000004,3.8386300000000007,1,1
03.08.2021 00:54:52.529,3.8425400000000005,3.8386199999999997,1,1
03.08.2021 00:54:52.725,3.8424,3.8386199999999997,1,1
03.08.2021 00:54:52.856,3.8423900000000004,3.8386300000000007,1,1
03.08.2021 00:54:54.632,3.8423900000000004,3.8384800000000006,1,1
03.08.2021 00:55:00.233,3.84257,3.83852,1,1
03.08.2021 00:55:00.284,3.84257,3.83852,1,1
03.08.2021 00:55:00.334,3.8427000000000002,3.83877,1,1
03.08.2021 00:55:00.385,3.8427000000000002,3.83875,1,1
03.08.2021 00:55:06.107,3.8427000000000002,3.83944,1.5,1
03.08.2021 00:55:06.262,3.8427000000000002,3.8392000000000004,1.5,1
03.08.2021 00:55:06.588,3.84269,3.83921,1.5,1
03.08.2021 00:55:09.158,3.84269,3.8394000000000004,1.5,1
03.08.2021 00:55:09.827,3.8427000000000002,3.8393100000000002,1.5,1
03.08.2021 00:55:13.796,3.84269,3.8394300000000006,1.5,1
03.08.2021 00:55:45.666,3.8429,3.8395699999999997,1.5,1
03.08.2021 00:55:46.200,3.8429,3.8395699999999997,1.5,1
03.08.2021 00:55:47.332,3.8427000000000002,3.83926,1.5,1
03.08.2021 00:55:48.285,3.8427000000000002,3.8391900000000003,1.62,1
03.08.2021 00:55:48.546,3.8427000000000002,3.8391900000000003,1.62,1
03.08.2021 00:56:14.064,3.84257,3.83906,1.62,1
03.08.2021 00:56:19.184,3.84256,3.83907,1.62,1
03.08.2021 00:56:29.049,3.84256,3.83915,1.5,1
03.08.2021 00:56:29.260,3.84257,3.8384199999999997,1.5,1.9
03.08.2021 00:56:29.602,3.84257,3.8384199999999997,1.5,1.9
03.08.2021 00:56:33.707,3.84256,3.8384300000000007,1.5,1.9
03.08.2021 00:56:34.219,3.84256,3.8384300000000007,1.5,1.9
03.08.2021 00:56:41.535,3.84256,3.8391900000000003,1.5,1
03.08.2021 00:56:41.627,3.84257,3.8391800000000003,1.5,1
03.08.2021 00:56:42.732,3.84256,3.8391900000000003,1.5,1
03.08.2021 00:56:48.943,3.84257,3.8391100000000002,1.5,1
03.08.2021 00:56:49.144,3.84257,3.8391800000000003,1.5,1
03.08.2021 00:57:05.149,3.84256,3.8391900000000003,1.5,1
03.08.2021 00:57:14.299,3.84256,3.83916,1.5,1
03.08.2021 00:57:14.679,3.84257,3.83924,1.5,1
03.08.2021 00:57:26.523,3.84277,3.83961,1.5,1
03.08.2021 00:57:27.473,3.84276,3.83962,1.5,1
03.08.2021 00:57:28.016,3.84277,3.8396800000000004,1.5,1
03.08.2021 00:57:28.174,3.84277,3.8396800000000004,1.5,1
03.08.2021 00:57:29.732,3.84277,3.83962,1.5,1
03.08.2021 00:57:44.778,3.84277,3.83962,1.5,1
03.08.2021 00:57:45.752,3.84276,3.8396300000000005,1.5,1
03.08.2021 00:57:46.605,3.84277,3.83962,1.5,1
03.08.2021 00:57:46.962,3.84277,3.83952,1.5,1
03.08.2021 00:57:54.610,3.84276,3.8394500000000003,1.5,1
03.08.2021 00:58:02.110,3.84277,3.8393699999999997,1.5,1
03.08.2021 00:58:02.578,3.84277,3.8393699999999997,1.5,1
03.08.2021 00:58:33.878,3.84276,3.8393800000000007,1.5,1
03.08.2021 00:58:36.838,3.84277,3.8393699999999997,1.5,1
03.08.2021 00:58:38.297,3.84276,3.8393800000000007,1.5,1
03.08.2021 00:58:44.278,3.8426,3.8393,1.5,1
03.08.2021 00:58:44.480,3.84261,3.8392900000000005,1.5,1
03.08.2021 00:58:59.604,3.84261,3.8392300000000006,1.5,1
03.08.2021 00:59:01.197,3.84261,3.8392300000000006,1.5,1
03.08.2021 00:59:01.402,3.84261,3.8392300000000006,1.5,1
03.08.2021 00:59:02.023,3.8426,3.83924,1.5,1
03.08.2021 00:59:02.428,3.84261,3.8392300000000006,1.5,1
03.08.2021 00:59:02.629,3.8426,3.83924,1.5,1
03.08.2021 00:59:02.831,3.84261,3.8392300000000006,1.5,1
03.08.2021 00:59:21.458,3.84261,3.83915,1.5,1
03.08.2021 00:59:33.897,3.8426,3.8391400000000004,1.62,1
03.08.2021 00:59:34.097,3.84261,3.8391800000000003,1.5,1
03.08.2021 00:59:38.198,3.84261,3.8391800000000003,1.5,1
03.08.2021 01:00:00.583,3.8423900000000004,3.83906,1.5,1
03.08.2021 01:00:06.571,3.8422300000000003,3.83891,1.5,1
03.08.2021 01:00:07.562,3.8422300000000003,3.83895,1.5,1
03.08.2021 01:00:08.249,3.8422400000000003,3.8389400000000005,1.5,1
03.08.2021 01:00:11.770,3.8422400000000003,3.8389800000000003,1.5,1
03.08.2021 01:00:13.256,3.8422400000000003,3.83886,1.5,1
03.08.2021 01:00:13.458,3.8422400000000003,3.8390300000000006,1.5,1
03.08.2021 01:00:15.529,3.8422300000000003,3.8388199999999997,1.5,1
03.08.2021 01:00:16.616,3.8422300000000003,3.8388199999999997,1.5,1
03.08.2021 01:00:20.277,3.8422300000000003,3.8388199999999997,1.5,1
03.08.2021 01:00:21.776,3.8422400000000003,3.83881,1.5,1
03.08.2021 01:00:22.023,3.8422300000000003,3.8388199999999997,1.5,1
03.08.2021 01:00:22.425,3.8422300000000003,3.83887,1.5,1
03.08.2021 01:00:34.352,3.8422400000000003,3.83886,1.5,1
03.08.2021 01:00:36.231,3.8422400000000003,3.83886,1.5,1
03.08.2021 01:00:44.200,3.8422400000000003,3.8387900000000004,1.5,1
03.08.2021 01:00:50.582,3.8422400000000003,3.8387900000000004,1.5,1
03.08.2021 01:00:53.935,3.8422400000000003,3.83902,1.5,1
03.08.2021 01:01:02.003,3.8422400000000003,3.83902,1.5,1
03.08.2021 01:01:02.204,3.8422400000000003,3.83902,1.5,1
03.08.2021 01:01:02.878,3.8422400000000003,3.83902,1.5,1
03.08.2021 01:01:03.079,3.8422400000000003,3.8390800000000005,1.5,1
03.08.2021 01:01:03.280,3.8422400000000003,3.8390800000000005,1.5,1
03.08.2021 01:01:03.738,3.8422400000000003,3.8388800000000005,1.5,1
03.08.2021 01:01:06.972,3.8422400000000003,3.8388800000000005,1.5,1
03.08.2021 01:01:08.073,3.8422400000000003,3.8388800000000005,1.5,1
03.08.2021 01:01:08.277,3.8422300000000003,3.8388199999999997,1.5,1
03.08.2021 01:01:11.037,3.8422400000000003,3.8388800000000005,1.5,1
03.08.2021 01:01:12.903,3.8422400000000003,3.83906,1.5,1
03.08.2021 01:01:13.551,3.8422400000000003,3.83891,1.5,1
03.08.2021 01:01:17.331,3.8422300000000003,3.83892,1.5,1
03.08.2021 01:01:17.531,3.8422400000000003,3.8388500000000003,1.5,1
03.08.2021 01:01:40.719,3.8422400000000003,3.8389699999999998,1.5,1
03.08.2021 01:01:45.692,3.84241,3.83906,1.5,1
03.08.2021 01:01:45.841,3.8424,3.8393,1.5,1
03.08.2021 01:01:46.051,3.84241,3.8391400000000004,1.5,1
03.08.2021 01:01:50.970,3.84241,3.8391400000000004,1.5,1
03.08.2021 01:01:53.190,3.84256,3.8391400000000004,1.5,1
03.08.2021 01:01:55.406,3.84256,3.8393,1.5,1
03.08.2021 01:02:00.758,3.84257,3.83915,1.5,1
03.08.2021 01:02:00.910,3.84257,3.8393300000000004,1.5,1
03.08.2021 01:02:12.796,3.84256,3.83926,1.5,1
03.08.2021 01:02:13.074,3.84257,3.8390800000000005,1.5,1
03.08.2021 01:02:14.311,3.84257,3.8390800000000005,1.5,1
03.08.2021 01:02:16.164,3.84256,3.83909,1.5,1
03.08.2021 01:02:16.591,3.84257,3.8390800000000005,1.5,1
03.08.2021 01:02:17.441,3.84257,3.8390800000000005,1.5,1
03.08.2021 01:02:21.150,3.84255,3.83902,1,1
03.08.2021 01:02:24.627,3.84241,3.83902,1.5,1
03.08.2021 01:02:26.277,3.84241,3.83902,1.5,1
03.08.2021 01:02:32.971,3.84241,3.83902,1.5,1
03.08.2021 01:02:33.262,3.84241,3.83902,1.5,1
03.08.2021 01:02:36.890,3.84241,3.83902,1.5,1
03.08.2021 01:02:37.090,3.84241,3.83902,1.5,1
03.08.2021 01:02:37.292,3.8424,3.8390300000000006,1.5,1
03.08.2021 01:02:51.076,3.84257,3.8391,1.5,1
03.08.2021 01:02:55.995,3.84257,3.8392000000000004,1.5,1
03.08.2021 01:02:56.194,3.84256,3.8391400000000004,1.5,1
03.08.2021 01:03:00.951,3.84256,3.8391400000000004,1.5,1
03.08.2021 01:03:02.170,3.84256,3.8391400000000004,1.5,1
03.08.2021 01:03:02.372,3.84257,3.8391699999999997,1.5,1
03.08.2021 01:03:03.596,3.84257,3.8391699999999997,1.5,1
03.08.2021 01:03:05.696,3.84257,3.8390400000000002,1.5,1
03.08.2021 01:03:26.390,3.8423800000000004,3.83902,1.5,1
03.08.2021 01:03:26.617,3.8423800000000004,3.83902,1.5,1
03.08.2021 01:03:26.792,3.84237,3.8390300000000006,1.5,1
03.08.2021 01:03:31.863,3.8423800000000004,3.83902,1.5,1
03.08.2021 01:03:32.064,3.84237,3.8390300000000006,1.5,1
03.08.2021 01:03:32.267,3.84237,3.8390300000000006,1.5,1
03.08.2021 01:03:34.081,3.8423800000000004,3.83902,1.5,1
03.08.2021 01:03:36.169,3.8423800000000004,3.83902,1.5,1
03.08.2021 01:03:40.301,3.84237,3.8390300000000006,1.5,1
03.08.2021 01:03:42.491,3.84237,3.8390300000000006,1.5,1
03.08.2021 01:03:43.818,3.8423800000000004,3.83902,1.5,1
03.08.2021 01:03:45.489,3.84255,3.83902,1,1
03.08.2021 01:03:45.698,3.84257,3.8392300000000006,1.5,1
03.08.2021 01:03:50.510,3.84257,3.8392300000000006,1.5,1
03.08.2021 01:03:52.245,3.84256,3.83924,1.5,1
03.08.2021 01:04:02.205,3.84256,3.8391800000000003,1.5,1
03.08.2021 01:04:11.761,3.8427400000000005,3.8393800000000007,1.5,1
03.08.2021 01:04:15.194,3.8427400000000005,3.8393800000000007,1.5,1
03.08.2021 01:04:18.045,3.8427400000000005,3.8392900000000005,1.5,1
03.08.2021 01:04:18.247,3.8427400000000005,3.83936,1.5,1
03.08.2021 01:04:19.056,3.8427300000000004,3.8393699999999997,1.5,1
03.08.2021 01:04:21.774,3.8427300000000004,3.8393699999999997,1.5,1
03.08.2021 01:04:26.807,3.8427400000000005,3.8393400000000004,1.5,1
03.08.2021 01:04:30.230,3.8427400000000005,3.8393900000000003,1.5,1
03.08.2021 01:04:31.245,3.8427400000000005,3.8393900000000003,1.5,1
03.08.2021 01:04:33.220,3.8427300000000004,3.8394000000000004,1.5,1
03.08.2021 01:05:09.557,3.8427400000000005,3.8393900000000003,1.5,1
03.08.2021 01:05:12.689,3.8429,3.8395300000000003,1.5,1
03.08.2021 01:05:15.468,3.8429,3.8395300000000003,1.5,1
03.08.2021 01:05:16.565,3.8429,3.83941,1.5,1
03.08.2021 01:05:31.560,3.8427400000000005,3.83941,1.5,1
03.08.2021 01:05:31.695,3.8427400000000005,3.83932,1.5,1
03.08.2021 01:05:31.954,3.84257,3.8392500000000003,1.5,1
03.08.2021 01:05:37.551,3.84256,3.83924,1.5,1
03.08.2021 01:05:46.193,3.84257,3.8392300000000006,1.5,1
03.08.2021 01:05:46.294,3.84257,3.83915,1.5,1
03.08.2021 01:05:48.885,3.84256,3.83922,1.5,1
03.08.2021 01:05:56.357,3.8427400000000005,3.83927,1.5,1
03.08.2021 01:05:57.809,3.8427400000000005,3.83927,1.5,1
03.08.2021 01:05:58.010,3.8427400000000005,3.83927,1.5,1
03.08.2021 01:06:03.208,3.84257,3.83926,1.5,1
03.08.2021 01:06:03.410,3.84257,3.83926,1.5,1
03.08.2021 01:06:03.692,3.84257,3.83932,1.5,1
03.08.2021 01:06:03.937,3.84256,3.8393300000000004,1.5,1
03.08.2021 01:06:10.606,3.84256,3.8393300000000004,1.5,1
03.08.2021 01:06:12.746,3.84257,3.83932,1.5,1
03.08.2021 01:06:13.665,3.84257,3.83932,1.5,1
03.08.2021 01:06:14.561,3.84257,3.83932,1.5,1
03.08.2021 01:06:25.092,3.84257,3.83932,1.5,1
03.08.2021 01:06:25.343,3.84275,3.8393300000000004,1.5,1
03.08.2021 01:06:25.501,3.84275,3.8393300000000004,1.5,1
03.08.2021 01:06:30.210,3.84276,3.83932,1.5,1
03.08.2021 01:06:40.593,3.84276,3.83932,1.5,1
03.08.2021 01:06:47.962,3.84276,3.8393800000000007,1.5,1
03.08.2021 01:06:50.951,3.84276,3.8393800000000007,1.5,1
03.08.2021 01:06:51.255,3.84275,3.8393900000000003,1.5,1
03.08.2021 01:06:51.600,3.84276,3.8393800000000007,1.5,1
03.08.2021 01:06:58.304,3.84276,3.8393800000000007,1.5,1
03.08.2021 01:06:58.545,3.84275,3.83932,1.5,1
03.08.2021 01:07:01.610,3.84275,3.8393800000000007,1.5,1
03.08.2021 01:07:09.441,3.84276,3.8394300000000006,1.5,1
03.08.2021 01:07:09.642,3.84276,3.8394300000000006,1.5,1
03.08.2021 01:07:11.117,3.84275,3.8392900000000005,1.5,1
03.08.2021 01:07:12.055,3.84276,3.8394300000000006,1.5,1
03.08.2021 01:07:12.324,3.84276,3.8394300000000006,1.5,1
03.08.2021 01:07:21.152,3.84292,3.83956,1.5,1
03.08.2021 01:07:25.868,3.8429300000000004,3.83955,1.5,1
03.08.2021 01:07:32.691,3.8429300000000004,3.83955,1.5,1
03.08.2021 01:07:37.811,3.8429300000000004,3.8396300000000005,1.5,1
03.08.2021 01:07:42.801,3.8429300000000004,3.8396300000000005,1.5,1
03.08.2021 01:07:59.057,3.84292,3.83971,1.5,1
03.08.2021 01:07:59.260,3.84316,3.8397400000000004,1.5,1.5
03.08.2021 01:08:13.594,3.84316,3.8396800000000004,1.5,1
03.08.2021 01:08:13.752,3.8429900000000004,3.8395699999999997,1.5,1
03.08.2021 01:08:13.956,3.8429800000000003,3.83951,1.5,1
03.08.2021 01:08:15.111,3.84295,3.8395699999999997,1,1
03.08.2021 01:08:15.266,3.84296,3.8394800000000004,1,1
03.08.2021 01:08:17.947,3.84296,3.8394800000000004,1,1
03.08.2021 01:08:21.050,3.8428,3.8394000000000004,1.5,1
03.08.2021 01:08:24.226,3.8428,3.8393400000000004,1.5,1
03.08.2021 01:08:24.948,3.8428,3.8393400000000004,1.5,1
03.08.2021 01:08:25.226,3.8428,3.8393400000000004,1.5,1
03.08.2021 01:08:26.267,3.8428,3.8395,1.5,1
03.08.2021 01:08:26.908,3.8428,3.8393100000000002,1.62,1
03.08.2021 01:08:27.070,3.84267,3.8393100000000002,1.5,1
03.08.2021 01:08:28.990,3.84267,3.8393100000000002,1.5,1
03.08.2021 01:08:31.903,3.84266,3.83924,1.5,1
03.08.2021 01:08:32.306,3.84267,3.83936,1.5,1
03.08.2021 01:08:32.870,3.84267,3.83936,1.5,1
03.08.2021 01:08:33.071,3.84267,3.83936,1.5,1
03.08.2021 01:08:35.874,3.84266,3.8393699999999997,1.5,1
03.08.2021 01:08:37.124,3.84267,3.83936,1.5,1
03.08.2021 01:08:37.982,3.84266,3.8393699999999997,1.5,1
03.08.2021 01:08:38.848,3.84267,3.83936,1.5,1
03.08.2021 01:08:42.866,3.84256,3.83907,1,1
03.08.2021 01:08:43.014,3.84255,3.8390800000000005,1,1
03.08.2021 01:08:43.482,3.84267,3.83927,1.5,1
03.08.2021 01:08:45.244,3.84267,3.83927,1.5,1
03.08.2021 01:08:48.449,3.84266,3.8392800000000005,1.5,1
03.08.2021 01:08:55.909,3.8425400000000005,3.83927,1.5,1
03.08.2021 01:08:56.625,3.8425400000000005,3.83915,1.5,1
03.08.2021 01:08:56.780,3.8425400000000005,3.83915,1.5,1
03.08.2021 01:08:57.018,3.8425300000000004,3.8392900000000005,1.5,1
03.08.2021 01:09:01.015,3.8425400000000005,3.8392800000000005,1.5,1
03.08.2021 01:09:11.247,3.8425300000000004,3.8392300000000006,1.5,1
03.08.2021 01:09:11.449,3.8425400000000005,3.83922,1.5,1
03.08.2021 01:09:24.967,3.8425400000000005,3.8391300000000004,1.5,1
03.08.2021 01:09:44.480,3.84236,3.8391400000000004,1.5,1
03.08.2021 01:09:44.638,3.84236,3.8391400000000004,1.5,1
03.08.2021 01:09:52.544,3.84241,3.8391400000000004,1.5,1
03.08.2021 01:09:52.934,3.84241,3.8392300000000006,1.5,1
03.08.2021 01:10:02.303,3.84241,3.8392900000000005,1.5,1
03.08.2021 01:10:04.366,3.84241,3.8392900000000005,1.5,1
03.08.2021 01:10:07.310,3.84241,3.8392800000000005,1.5,1
03.08.2021 01:10:07.733,3.84241,3.8392800000000005,1.5,1
03.08.2021 01:10:09.290,3.8424,3.8392900000000005,1.5,1
03.08.2021 01:10:09.675,3.8425400000000005,3.8392000000000004,1.5,1
03.08.2021 01:10:09.875,3.84251,3.83921,1.5,1
03.08.2021 01:10:10.244,3.84252,3.8392000000000004,1.5,1
03.08.2021 01:10:10.396,3.8425300000000004,3.83926,1.5,1
03.08.2021 01:10:12.945,3.8426500000000003,3.8393100000000002,1.5,1
03.08.2021 01:10:19.346,3.8426800000000005,3.83932,1.5,1
03.08.2021 01:10:19.548,3.84261,3.8392500000000003,1.5,1
03.08.2021 01:10:19.746,3.8426500000000003,3.83924,1.5,1
03.08.2021 01:10:19.951,3.8426500000000003,3.83924,1.5,1
03.08.2021 01:10:20.920,3.84272,3.8392500000000003,1,1
03.08.2021 01:10:21.095,3.84272,3.8392500000000003,1,1
03.08.2021 01:10:24.676,3.8426199999999997,3.83924,1.5,1
03.08.2021 01:10:26.490,3.84261,3.8392500000000003,1.5,1
03.08.2021 01:10:26.693,3.8426800000000005,3.83932,1.5,1
03.08.2021 01:10:29.329,3.84269,3.8393100000000002,1.5,1
03.08.2021 01:10:31.104,3.8427300000000004,3.83932,1.5,1
03.08.2021 01:10:33.549,3.8426199999999997,3.8392500000000003,1.5,1
03.08.2021 01:10:34.044,3.84267,3.8392500000000003,1.5,1
03.08.2021 01:10:38.246,3.8426199999999997,3.8392500000000003,1.5,1
03.08.2021 01:11:20.317,3.84261,3.8393100000000002,1.5,1
03.08.2021 01:11:20.656,3.8427300000000004,3.8393100000000002,1.5,1
03.08.2021 01:11:38.717,3.8426500000000003,3.8393,1.5,1
03.08.2021 01:11:39.048,3.84271,3.83922,1,1
03.08.2021 01:11:39.449,3.8426500000000003,3.8392800000000005,1.5,1
03.08.2021 01:12:15.889,3.8426400000000003,3.8392900000000005,1.5,1
03.08.2021 01:12:16.267,3.8425900000000004,3.8392800000000005,1.5,1
03.08.2021 01:12:21.085,3.8427400000000005,3.8392800000000005,1.5,1
03.08.2021 01:12:21.485,3.8425900000000004,3.8392800000000005,1.5,1
03.08.2021 01:12:46.596,3.8427400000000005,3.8393699999999997,1.5,1
03.08.2021 01:13:04.346,3.8427300000000004,3.8394500000000003,1.5,1
03.08.2021 01:13:07.975,3.8427400000000005,3.83944,1.5,1
03.08.2021 01:13:47.574,3.8429,3.83944,1.5,1
03.08.2021 01:13:47.989,3.8427900000000004,3.83944,1.5,1
03.08.2021 01:14:00.742,3.8428199999999997,3.83944,1.5,1
03.08.2021 01:14:03.059,3.84289,3.8394500000000003,1.5,1
03.08.2021 01:14:06.733,3.8428199999999997,3.83944,1.5,1
03.08.2021 01:14:14.992,3.84301,3.8396500000000002,1.5,1
03.08.2021 01:14:15.917,3.84306,3.8396500000000002,1.5,1
03.08.2021 01:14:18.182,3.8429800000000003,3.8396500000000002,1.5,1
03.08.2021 01:14:18.357,3.8429800000000003,3.8396500000000002,1.5,1
03.08.2021 01:14:19.992,3.84306,3.8396500000000002,1.5,1
03.08.2021 01:14:25.497,3.84306,3.8396800000000004,1.5,1
03.08.2021 01:14:29.124,3.8429800000000003,3.8396800000000004,1.5,1
03.08.2021 01:14:33.003,3.84306,3.8396800000000004,1.5,1
03.08.2021 01:14:33.213,3.84295,3.8396800000000004,1.5,1
03.08.2021 01:14:56.121,3.8430400000000002,3.83955,1,1
03.08.2021 01:15:00.257,3.8429,3.83955,1.5,1
03.08.2021 01:15:02.226,3.8429,3.83962,1.5,1
03.08.2021 01:15:05.236,3.8429,3.83962,1.5,1
03.08.2021 01:15:06.159,3.8429,3.83962,1.5,1
03.08.2021 01:15:06.824,3.8429,3.83962,1.5,1
03.08.2021 01:15:11.247,3.8429,3.83962,1.5,1
03.08.2021 01:15:11.483,3.8429,3.83962,1.5,1
03.08.2021 01:15:12.461,3.8429,3.83962,1.5,1
03.08.2021 01:15:16.535,3.8429,3.83962,1.5,1
03.08.2021 01:15:17.266,3.8430800000000005,3.8397800000000006,1.5,1
03.08.2021 01:15:18.988,3.8431699999999998,3.83987,1.5,1
03.08.2021 01:15:19.143,3.84316,3.8398800000000004,1.5,1
03.08.2021 01:15:20.867,3.84316,3.8398800000000004,1.5,1.5
03.08.2021 01:15:28.645,3.8431699999999998,3.84005,1.5,1
03.08.2021 01:15:29.989,3.8431699999999998,3.84005,1.5,1
03.08.2021 01:15:32.368,3.8432500000000003,3.83997,1.5,1
03.08.2021 01:15:40.123,3.8431900000000003,3.83985,1.5,1
03.08.2021 01:15:40.786,3.8431699999999998,3.83985,1.5,1
03.08.2021 01:15:41.101,3.8432500000000003,3.83985,1.5,1
03.08.2021 01:15:41.299,3.84316,3.83986,1.5,1
03.08.2021 01:15:45.098,3.8432500000000003,3.83985,1.5,1
03.08.2021 01:15:47.496,3.8432500000000003,3.83984,1.5,1
03.08.2021 01:15:49.987,3.8431699999999998,3.83984,1.5,1
03.08.2021 01:15:59.268,3.8431699999999998,3.83984,1.5,1
03.08.2021 01:16:01.688,3.84316,3.83985,1.5,1
03.08.2021 01:16:07.644,3.8431300000000004,3.83987,1.5,1
03.08.2021 01:16:21.245,3.84301,3.83976,1.5,1
03.08.2021 01:16:30.644,3.84315,3.83985,1.5,1
03.08.2021 01:16:32.182,3.8430300000000006,3.83984,1.5,1
03.08.2021 01:16:34.227,3.8431400000000004,3.8397,1,1
03.08.2021 01:16:52.673,3.8429800000000003,3.8397300000000003,1.5,1
03.08.2021 01:16:52.895,3.8430300000000006,3.83982,1.5,1
03.08.2021 01:17:05.784,3.8429699999999998,3.83985,1.5,1
03.08.2021 01:17:06.239,3.84301,3.83984,1.5,1
03.08.2021 01:17:07.486,3.84295,3.8397699999999997,1.5,1
03.08.2021 01:17:07.649,3.8428500000000003,3.83971,1.5,1
03.08.2021 01:17:12.094,3.84296,3.8396000000000003,1.5,1
03.08.2021 01:17:12.263,3.84295,3.8396000000000003,1.5,1
03.08.2021 01:17:16.163,3.8428500000000003,3.8396000000000003,1.5,1
03.08.2021 01:17:16.467,3.8429,3.8395400000000004,1.5,1
03.08.2021 01:17:19.714,3.84277,3.8394500000000003,1.5,1
03.08.2021 01:17:20.968,3.8427800000000003,3.8396300000000005,1.5,1
03.08.2021 01:17:21.124,3.8427800000000003,3.8394800000000004,1.5,1
03.08.2021 01:17:28.408,3.84277,3.8394900000000005,1.5,1
03.08.2021 01:17:28.609,3.8427300000000004,3.83932,1.5,1
03.08.2021 01:17:31.246,3.84269,3.8393100000000002,1.5,1
03.08.2021 01:17:35.940,3.8427400000000005,3.83941,1.5,1
03.08.2021 01:17:36.109,3.8427400000000005,3.83947,1.5,1
03.08.2021 01:17:36.296,3.8427300000000004,3.8394800000000004,1.5,1
03.08.2021 01:17:36.543,3.8427300000000004,3.8394800000000004,1.5,1
03.08.2021 01:17:37.300,3.8427400000000005,3.83947,1.5,1
03.08.2021 01:17:37.838,3.8427400000000005,3.83947,1.5,1
03.08.2021 01:17:38.039,3.8427400000000005,3.83947,1.5,1
03.08.2021 01:17:38.717,3.8427400000000005,3.83947,1.5,1
03.08.2021 01:17:39.450,3.8427400000000005,3.83947,1.5,1
03.08.2021 01:17:39.662,3.8427400000000005,3.83947,1.5,1
03.08.2021 01:17:41.244,3.8427300000000004,3.8394800000000004,1.5,1
03.08.2021 01:17:41.437,3.8427300000000004,3.8394800000000004,1.5,1
03.08.2021 01:17:43.083,3.8427400000000005,3.83947,1.5,1
03.08.2021 01:17:46.761,3.84269,3.83941,1.5,1
03.08.2021 01:17:47.249,3.84269,3.83941,1.5,1
03.08.2021 01:17:53.970,3.8427400000000005,3.8393400000000004,1.5,1
03.08.2021 01:17:54.514,3.84269,3.8393400000000004,1.5,1
03.08.2021 01:17:55.158,3.84269,3.8393400000000004,1.5,1
03.08.2021 01:17:56.053,3.8427400000000005,3.8393400000000004,1.5,1
03.08.2021 01:17:56.452,3.8427300000000004,3.83935,1.5,1
03.08.2021 01:17:56.649,3.8427300000000004,3.83935,1.5,1
03.08.2021 01:17:57.132,3.8426800000000005,3.83935,1.5,1
03.08.2021 01:17:57.333,3.84271,3.83935,1.5,1
03.08.2021 01:17:57.758,3.8426400000000003,3.8393699999999997,1.5,1
03.08.2021 01:17:59.751,3.84269,3.83936,1.5,1
03.08.2021 01:17:59.952,3.84269,3.83936,1.5,1
03.08.2021 01:18:02.746,3.8426800000000005,3.8393699999999997,1.5,1
03.08.2021 01:18:02.955,3.8427400000000005,3.8394300000000006,1.5,1
03.08.2021 01:18:03.156,3.8427400000000005,3.8394300000000006,1.5,1
03.08.2021 01:18:03.391,3.8428400000000003,3.83966,1.5,1
03.08.2021 01:18:03.545,3.8427900000000004,3.83956,1.5,1
03.08.2021 01:18:03.722,3.8427900000000004,3.8394300000000006,1.5,1
03.08.2021 01:18:04.000,3.8427900000000004,3.8394300000000006,1.5,1
03.08.2021 01:18:04.252,3.84272,3.83946,1.5,1
03.08.2021 01:18:37.649,3.8426800000000005,3.8395900000000003,1.5,1
03.08.2021 01:18:38.803,3.8426800000000005,3.8395800000000007,1.5,1
03.08.2021 01:18:41.051,3.8426800000000005,3.83936,1.5,1
03.08.2021 01:18:41.746,3.8426800000000005,3.83936,1.5,1
03.08.2021 01:18:57.102,3.8426800000000005,3.8394300000000006,1.5,1
03.08.2021 01:18:58.282,3.8426800000000005,3.83936,1.5,1
03.08.2021 01:19:01.075,3.8426800000000005,3.83936,1.5,1
03.08.2021 01:19:02.745,3.8426800000000005,3.83936,1.5,1
03.08.2021 01:19:06.788,3.8426800000000005,3.83936,1.5,1
03.08.2021 01:19:06.967,3.84267,3.8393699999999997,1.5,1
03.08.2021 01:19:08.012,3.84267,3.8393699999999997,1.5,1
03.08.2021 01:19:10.635,3.8426800000000005,3.83936,1.5,1
03.08.2021 01:19:10.836,3.8426800000000005,3.83936,1.5,1
03.08.2021 01:19:14.032,3.8426800000000005,3.8393,1.5,1
03.08.2021 01:19:32.201,3.84286,3.8394800000000004,1.5,1
03.08.2021 01:19:43.968,3.84287,3.8395400000000004,1.5,1
03.08.2021 01:19:44.053,3.84287,3.8395400000000004,1.5,1
03.08.2021 01:19:44.305,3.84287,3.8397800000000006,1.5,1
03.08.2021 01:19:44.929,3.84286,3.83967,1.5,1
03.08.2021 01:19:47.818,3.84287,3.83966,1.5,1
03.08.2021 01:19:51.746,3.84287,3.83966,1.5,1
03.08.2021 01:19:53.560,3.84287,3.83967,1.5,1
03.08.2021 01:20:03.930,3.84306,3.8397800000000006,1.5,1
03.08.2021 01:20:04.808,3.84306,3.8397800000000006,1.5,1
03.08.2021 01:20:05.261,3.84306,3.8397800000000006,1.5,1
03.08.2021 01:20:07.247,3.84306,3.8397800000000006,1.5,1
03.08.2021 01:20:08.628,3.8430500000000003,3.8397900000000003,1.5,1
03.08.2021 01:20:09.027,3.8430500000000003,3.8397900000000003,1.5,1
03.08.2021 01:20:17.147,3.843,3.83972,1.5,1
03.08.2021 01:20:19.946,3.843,3.83972,1.5,1
03.08.2021 01:20:22.922,3.8429900000000004,3.8397300000000003,1.5,1
03.08.2021 01:20:23.122,3.8429800000000003,3.8395699999999997,1.5,1
03.08.2021 01:20:23.636,3.8429800000000003,3.8395699999999997,1.5,1
03.08.2021 01:20:23.848,3.843,3.8395699999999997,1.5,1
03.08.2021 01:20:25.607,3.84295,3.83951,1.5,1
03.08.2021 01:20:36.502,3.8429800000000003,3.83951,1.5,1
03.08.2021 01:20:36.705,3.8429800000000003,3.83951,1.5,1
03.08.2021 01:20:42.685,3.84295,3.83951,1.5,1
03.08.2021 01:20:42.886,3.84295,3.83951,1.5,1
03.08.2021 01:21:01.636,3.8428400000000003,3.83967,1.5,1
03.08.2021 01:21:01.807,3.8428199999999997,3.83967,1.5,1
03.08.2021 01:21:02.246,3.8428199999999997,3.83967,1.5,1
03.08.2021 01:21:02.724,3.8428400000000003,3.83967,1.5,1
03.08.2021 01:21:03.088,3.8428199999999997,3.83967,1.5,1
03.08.2021 01:21:03.491,3.8428199999999997,3.83947,1.5,1
03.08.2021 01:21:16.489,3.8428199999999997,3.83947,1.5,1
03.08.2021 01:21:17.744,3.8427800000000003,3.83947,1.5,1
03.08.2021 01:21:18.031,3.8427800000000003,3.83947,1.5,1
03.08.2021 01:21:37.911,3.84281,3.8394800000000004,1.5,1
03.08.2021 01:21:39.848,3.84281,3.8394800000000004,1.5,1
03.08.2021 01:21:43.728,3.8428400000000003,3.8395400000000004,1.5,1
03.08.2021 01:21:47.427,3.8428400000000003,3.8395400000000004,1.5,1
03.08.2021 01:21:58.476,3.8428199999999997,3.83947,1.5,1
03.08.2021 01:21:58.717,3.8427800000000003,3.8394800000000004,1.5,1
03.08.2021 01:21:59.314,3.8428199999999997,3.8394800000000004,1.5,1
03.08.2021 01:21:59.799,3.8428199999999997,3.8394800000000004,1.5,1
03.08.2021 01:22:00.001,3.8428199999999997,3.8394800000000004,1.5,1
03.08.2021 01:22:00.480,3.8428199999999997,3.8394800000000004,1.5,1
03.08.2021 01:22:21.110,3.8428199999999997,3.8394800000000004,1.5,1
03.08.2021 01:22:23.253,3.8428199999999997,3.83946,1.5,1
03.08.2021 01:22:33.237,3.8428199999999997,3.83946,1.5,1
03.08.2021 01:22:36.670,3.8428199999999997,3.8394500000000003,1.5,1
03.08.2021 01:22:39.885,3.8428400000000003,3.8394500000000003,1.5,1
03.08.2021 01:22:43.244,3.8428199999999997,3.8394500000000003,1.5,1
03.08.2021 01:22:43.735,3.8428300000000006,3.83946,1.5,1
03.08.2021 01:22:46.464,3.8428400000000003,3.83944,1.5,1
03.08.2021 01:22:48.927,3.8428400000000003,3.83944,1.5,1
03.08.2021 01:23:01.308,3.8427800000000003,3.8394800000000004,1.5,1
03.08.2021 01:23:01.422,3.8427800000000003,3.8394800000000004,1.5,1
03.08.2021 01:23:16.750,3.8428300000000006,3.8394900000000005,1.5,1
03.08.2021 01:23:16.979,3.8428300000000006,3.83951,1,1
03.08.2021 01:23:17.136,3.8428400000000003,3.8395,1.5,1
03.08.2021 01:23:31.132,3.84276,3.83951,1.5,1
03.08.2021 01:23:31.699,3.84287,3.8397800000000006,1.5,1
03.08.2021 01:23:35.461,3.84287,3.8396300000000005,1.5,1
03.08.2021 01:23:35.647,3.8428500000000003,3.83955,1.5,1
03.08.2021 01:23:40.184,3.8428199999999997,3.83964,1.5,1
03.08.2021 01:23:40.340,3.84281,3.83944,1.5,1
03.08.2021 01:23:45.772,3.8428400000000003,3.83944,1.5,1
03.08.2021 01:23:53.126,3.84286,3.83951,1.5,1
03.08.2021 01:23:53.358,3.84286,3.8396900000000005,1.5,1
03.08.2021 01:24:07.864,3.8429900000000004,3.8398000000000003,1.5,1
03.08.2021 01:24:08.039,3.843,3.83991,1.5,1
03.08.2021 01:24:13.179,3.843,3.8396900000000005,1.5,1
03.08.2021 01:24:13.975,3.843,3.83991,1.5,1
03.08.2021 01:24:16.024,3.843,3.83991,1.5,1
03.08.2021 01:24:16.248,3.843,3.83991,1.5,1
03.08.2021 01:24:42.910,3.8429900000000004,3.83991,1.5,1
03.08.2021 01:24:43.212,3.843,3.8398300000000005,1.5,1
03.08.2021 01:24:44.487,3.843,3.8398300000000005,1.5,1
03.08.2021 01:24:50.380,3.8429900000000004,3.8398300000000005,1.5,1
03.08.2021 01:25:07.012,3.843,3.83982,1.5,1
03.08.2021 01:25:07.195,3.8429900000000004,3.8398300000000005,1.5,1
03.08.2021 01:25:07.423,3.843,3.83975,1.5,1
03.08.2021 01:25:19.923,3.843,3.8398300000000005,1.5,1
03.08.2021 01:25:20.721,3.8429900000000004,3.83984,1.5,1
03.08.2021 01:25:20.968,3.8429900000000004,3.8398300000000005,1.5,1
03.08.2021 01:25:25.473,3.843,3.83982,1.5,1
03.08.2021 01:25:25.944,3.84291,3.83967,1.5,1
03.08.2021 01:25:36.803,3.8428400000000003,3.8397,1.5,1
03.08.2021 01:25:37.487,3.8428400000000003,3.8397,1.5,1
03.08.2021 01:25:37.967,3.8428400000000003,3.8397,1.5,1
03.08.2021 01:25:38.067,3.8428400000000003,3.8397,1,1
03.08.2021 01:25:39.691,3.8430300000000006,3.83991,1.5,1
03.08.2021 01:25:40.091,3.8430300000000006,3.8396900000000005,1.5,1
03.08.2021 01:25:44.786,3.8430300000000006,3.83975,1.5,1
03.08.2021 01:25:46.149,3.8430300000000006,3.83975,1.5,1
03.08.2021 01:26:00.665,3.84302,3.83975,1.5,1
03.08.2021 01:26:00.833,3.84302,3.83975,1.5,1
03.08.2021 01:26:01.034,3.8430300000000006,3.8397400000000004,1.5,1
03.08.2021 01:26:03.511,3.8429800000000003,3.83984,1.5,1
03.08.2021 01:26:07.986,3.8429800000000003,3.8396300000000005,1.5,1
03.08.2021 01:26:08.461,3.8429699999999998,3.83985,1.5,1
03.08.2021 01:26:10.097,3.8429800000000003,3.83984,1.5,1
03.08.2021 01:26:10.998,3.8428400000000003,3.83984,1,1
03.08.2021 01:26:12.712,3.8428400000000003,3.83976,1.5,1
03.08.2021 01:26:13.816,3.8428300000000006,3.8397699999999997,1,1
03.08.2021 01:26:15.447,3.8428400000000003,3.83962,1.5,1
03.08.2021 01:26:18.266,3.8428300000000006,3.83975,1,1
03.08.2021 01:26:28.024,3.8428300000000006,3.83972,1.5,1
03.08.2021 01:26:32.010,3.8428199999999997,3.8396500000000002,1.5,1
03.08.2021 01:26:34.128,3.8427800000000003,3.8396500000000002,1.5,1
03.08.2021 01:26:34.329,3.8427800000000003,3.8394000000000004,1.5,1
03.08.2021 01:26:55.026,3.8428400000000003,3.83971,1,1
03.08.2021 01:26:59.475,3.8428300000000006,3.83955,1.5,1
03.08.2021 01:27:00.016,3.8428400000000003,3.83947,1.5,1
03.08.2021 01:27:07.666,3.8428300000000006,3.83964,1.5,1
03.08.2021 01:27:16.090,3.8428300000000006,3.83964,1.5,1
03.08.2021 01:27:17.235,3.8428400000000003,3.8396300000000005,1.5,1
03.08.2021 01:27:17.336,3.8428400000000003,3.8396300000000005,1.5,1
03.08.2021 01:27:17.735,3.8428400000000003,3.8393699999999997,1.5,1
03.08.2021 01:27:19.508,3.8428300000000006,3.8393800000000007,1.5,1
03.08.2021 01:27:31.519,3.8428400000000003,3.8395800000000007,1.5,1
03.08.2021 01:27:34.231,3.8428400000000003,3.8395800000000007,1.5,1
03.08.2021 01:27:38.956,3.8428400000000003,3.8397400000000004,1.5,1
03.08.2021 01:27:54.713,3.8428300000000006,3.83975,1,1
03.08.2021 01:27:54.814,3.843,3.84002,1.5,1
03.08.2021 01:27:54.915,3.8429900000000004,3.8398800000000004,1.5,1
03.08.2021 01:28:00.690,3.843,3.83987,1.5,1
03.08.2021 01:28:05.561,3.843,3.83981,1.5,1
03.08.2021 01:28:05.715,3.8429900000000004,3.83982,1.5,1
03.08.2021 01:28:15.374,3.843,3.8396800000000004,1.5,1
03.08.2021 01:28:19.911,3.8429900000000004,3.83986,1.5,1
03.08.2021 01:28:32.148,3.8429900000000004,3.83986,1.5,1
03.08.2021 01:28:33.060,3.843,3.83962,1.5,1
03.08.2021 01:28:33.215,3.843,3.8397800000000006,1.5,1
03.08.2021 01:28:41.908,3.8429900000000004,3.8397900000000003,1.5,1
03.08.2021 01:28:42.093,3.843,3.8399,1.5,1
03.08.2021 01:28:44.523,3.8429900000000004,3.83976,1.5,1
03.08.2021 01:28:48.152,3.8429900000000004,3.8396900000000005,1.5,1
03.08.2021 01:29:00.405,3.843,3.83962,1.5,1
03.08.2021 01:29:00.617,3.843,3.8397400000000004,1.5,1
03.08.2021 01:29:04.342,3.843,3.8397400000000004,1.5,1
03.08.2021 01:29:12.523,3.8427900000000004,3.83961,1.5,1
03.08.2021 01:29:12.700,3.8428,3.8396000000000003,1.5,1
03.08.2021 01:29:13.247,3.8427900000000004,3.83961,1.5,1
03.08.2021 01:29:16.069,3.8428,3.83956,1.5,1
03.08.2021 01:29:16.223,3.8428,3.83956,1.5,1
03.08.2021 01:29:18.930,3.8427900000000004,3.8396300000000005,1.5,1
03.08.2021 01:29:19.950,3.8427900000000004,3.8396300000000005,1.5,1
03.08.2021 01:29:21.626,3.8428,3.83962,1.5,1
03.08.2021 01:29:30.334,3.8428,3.83967,1.5,1
03.08.2021 01:29:31.500,3.8428,3.8395,1.5,1
03.08.2021 01:30:00.338,3.8427900000000004,3.83947,1.5,1
03.08.2021 01:30:00.886,3.8428,3.8394000000000004,1.5,1
03.08.2021 01:30:01.026,3.8427900000000004,3.83941,1.5,1
03.08.2021 01:30:01.127,3.8428,3.8394000000000004,1.5,1
03.08.2021 01:30:01.323,3.8427900000000004,3.83941,1.5,1
03.08.2021 01:30:03.507,3.8427900000000004,3.83941,1.5,1
03.08.2021 01:30:06.793,3.8427900000000004,3.83941,1.5,1
03.08.2021 01:30:10.463,3.8428,3.8394000000000004,1.5,1
03.08.2021 01:30:10.710,3.8428,3.8396900000000005,1,1
03.08.2021 01:30:18.132,3.8429900000000004,3.8399199999999998,1.5,1
03.08.2021 01:30:22.311,3.8429800000000003,3.8397800000000006,1.5,1
03.08.2021 01:30:23.367,3.8429800000000003,3.8399400000000004,1.5,1
03.08.2021 01:30:27.383,3.8429900000000004,3.8397800000000006,1.5,1
03.08.2021 01:30:28.917,3.8429800000000003,3.83985,1.5,1
03.08.2021 01:30:32.712,3.8429900000000004,3.83984,1.5,1
03.08.2021 01:30:32.953,3.8429900000000004,3.83984,1.5,1
03.08.2021 01:30:33.113,3.8429900000000004,3.83984,1.5,1
03.08.2021 01:30:37.358,3.84316,3.8400800000000004,1.5,1
03.08.2021 01:30:38.789,3.84316,3.8400800000000004,1,1
03.08.2021 01:30:40.292,3.84315,3.8402000000000003,1,1
03.08.2021 01:30:45.501,3.8433100000000002,3.8401199999999998,1,1
03.08.2021 01:30:45.659,3.84332,3.84011,1.5,1
03.08.2021 01:30:47.151,3.84332,3.84011,1.5,1
03.08.2021 01:30:47.553,3.8433100000000002,3.8401199999999998,1.5,1
03.08.2021 01:30:47.753,3.84332,3.84011,1.5,1
03.08.2021 01:30:48.801,3.84332,3.84002,1.5,1
03.08.2021 01:30:49.491,3.8433100000000002,3.8400300000000005,1.5,1
03.08.2021 01:31:20.375,3.84332,3.8401500000000004,1.5,1
03.08.2021 01:31:38.071,3.8435300000000003,3.8402900000000004,1.5,1
03.08.2021 01:31:41.067,3.84355,3.8402900000000004,1.5,1
03.08.2021 01:31:41.123,3.84355,3.8402900000000004,1.5,1
03.08.2021 01:31:42.518,3.8435400000000004,3.8402400000000005,1.5,1.5
03.08.2021 01:31:42.899,3.84355,3.84037,1.5,1
03.08.2021 01:31:43.435,3.8435400000000004,3.8402300000000005,1.5,1
03.08.2021 01:31:52.683,3.8435400000000004,3.84031,1.5,1
03.08.2021 01:31:52.884,3.8435,3.8401500000000004,1.5,1
03.08.2021 01:32:08.504,3.8433900000000003,3.8400900000000004,1.5,1
03.08.2021 01:32:08.721,3.84332,3.8399400000000004,1.5,1
03.08.2021 01:32:08.910,3.84322,3.8399300000000003,1.5,1
03.08.2021 01:32:09.112,3.84322,3.8399300000000003,1.5,1
03.08.2021 01:32:12.224,3.84322,3.8399300000000003,1.5,1
03.08.2021 01:32:14.748,3.84321,3.8400300000000005,1.5,1
03.08.2021 01:32:15.704,3.84322,3.84007,1.5,1
03.08.2021 01:33:02.909,3.84322,3.8401300000000003,1.5,1
03.08.2021 01:33:03.024,3.84322,3.8399800000000006,1.5,1
03.08.2021 01:33:03.748,3.84321,3.8399300000000003,1.5,1
03.08.2021 01:33:05.345,3.84322,3.8400900000000004,1.5,1
03.08.2021 01:33:07.986,3.84321,3.8398300000000005,1.5,1
03.08.2021 01:33:08.212,3.84321,3.8399800000000006,1.5,1
03.08.2021 01:33:20.124,3.84321,3.8399800000000006,1.5,1
03.08.2021 01:33:20.480,3.84322,3.83991,1.5,1
03.08.2021 01:33:27.049,3.84321,3.8399199999999998,1.5,1
03.08.2021 01:33:28.590,3.84322,3.8399800000000006,1.5,1
03.08.2021 01:33:31.358,3.84322,3.83991,1.5,1
03.08.2021 01:34:03.447,3.84322,3.8399199999999998,1.5,1
03.08.2021 01:34:15.764,3.8431300000000004,3.83984,1.5,1
03.08.2021 01:34:16.758,3.8431300000000004,3.83984,1.5,1
03.08.2021 01:34:18.949,3.8431300000000004,3.83984,1.5,1
03.08.2021 01:34:22.040,3.8431300000000004,3.83984,1.5,1
03.08.2021 01:34:25.154,3.8431300000000004,3.83984,1.5,1
03.08.2021 01:34:33.248,3.84312,3.83985,1.5,1
03.08.2021 01:34:46.282,3.8431300000000004,3.83984,1.5,1
03.08.2021 01:34:51.734,3.8431300000000004,3.8398300000000005,1.5,1
03.08.2021 01:34:52.377,3.8431300000000004,3.8398300000000005,1.5,1
03.08.2021 01:34:52.810,3.8431300000000004,3.8398300000000005,1.5,1
03.08.2021 01:34:56.830,3.8431300000000004,3.8398300000000005,1.5,1
03.08.2021 01:34:57.968,3.84312,3.8399400000000004,1.5,1
03.08.2021 01:35:00.109,3.8431300000000004,3.8398000000000003,1.5,1
03.08.2021 01:35:02.817,3.8431300000000004,3.83997,1.5,1
03.08.2021 01:35:02.972,3.8431300000000004,3.8398300000000005,1.5,1.5
03.08.2021 01:35:03.208,3.8431300000000004,3.8399800000000006,1.5,1
03.08.2021 01:35:04.720,3.8431300000000004,3.84004,1.5,1
03.08.2021 01:35:05.587,3.84312,3.84005,1.5,1
03.08.2021 01:35:06.482,3.84312,3.8399800000000006,1.5,1
03.08.2021 01:35:06.882,3.8431300000000004,3.83997,1.5,1
03.08.2021 01:35:08.703,3.8431300000000004,3.83997,1.5,1
03.08.2021 01:35:11.563,3.8431300000000004,3.8398900000000005,1.5,1
03.08.2021 01:35:13.015,3.84296,3.83961,1.5,1
03.08.2021 01:35:15.988,3.84296,3.83961,1.5,1
03.08.2021 01:35:18.235,3.84296,3.83961,1.5,1
03.08.2021 01:35:21.364,3.84295,3.8399400000000004,1.5,1
03.08.2021 01:35:24.979,3.84296,3.8399300000000003,1,1
03.08.2021 01:35:25.130,3.8431300000000004,3.83981,1.5,1
03.08.2021 01:35:25.181,3.84312,3.83982,1.5,1
03.08.2021 01:35:33.643,3.8431300000000004,3.83975,1.5,1
03.08.2021 01:35:41.645,3.84312,3.8398300000000005,1.5,1
03.08.2021 01:35:41.801,3.8431300000000004,3.83976,1.5,1
03.08.2021 01:35:51.243,3.8431300000000004,3.8399800000000006,1.5,1
03.08.2021 01:35:52.717,3.8431300000000004,3.8398300000000005,1.5,1.5
03.08.2021 01:36:00.448,3.84312,3.8397699999999997,1.5,1
03.08.2021 01:36:10.965,3.84296,3.8397,1.5,1
03.08.2021 01:36:11.165,3.84296,3.8397,1.5,1
03.08.2021 01:36:16.014,3.84296,3.8397,1.5,1
03.08.2021 01:36:24.449,3.84296,3.8397800000000006,1.5,1
03.08.2021 01:36:24.656,3.84295,3.8397900000000003,1.5,1
03.08.2021 01:36:25.770,3.84277,3.8394300000000006,1.5,1
03.08.2021 01:36:32.489,3.84277,3.83946,1.5,1
03.08.2021 01:36:33.565,3.84277,3.8396900000000005,1.5,1
03.08.2021 01:36:39.451,3.84277,3.8396500000000002,1.5,1
03.08.2021 01:36:50.407,3.84277,3.8394500000000003,1.5,1
03.08.2021 01:36:52.422,3.84277,3.8394500000000003,1.5,1
03.08.2021 01:38:01.383,3.84277,3.8393400000000004,1.5,1
03.08.2021 01:38:09.520,3.84277,3.8393400000000004,1.5,1
03.08.2021 01:38:09.722,3.84277,3.8393400000000004,1.5,1
03.08.2021 01:38:40.030,3.84277,3.83936,1.5,1
03.08.2021 01:38:40.330,3.84277,3.83936,1.5,1
03.08.2021 01:38:56.358,3.84276,3.83942,1.5,1
03.08.2021 01:38:56.612,3.84276,3.83942,1.5,1
03.08.2021 01:39:18.803,3.84277,3.83941,1.5,1
03.08.2021 01:39:24.322,3.84277,3.83941,1.5,1
03.08.2021 01:39:27.973,3.84277,3.83956,1.5,1
03.08.2021 01:39:28.174,3.84277,3.83956,1.5,1
03.08.2021 01:39:29.117,3.84277,3.8397,1.5,1
03.08.2021 01:39:29.445,3.84277,3.83955,1.5,1
03.08.2021 01:39:30.211,3.84276,3.8394000000000004,1.5,1
03.08.2021 01:39:41.246,3.84277,3.8393900000000003,1.5,1
03.08.2021 01:39:43.174,3.84277,3.8394500000000003,1.5,1
03.08.2021 01:39:49.811,3.84276,3.83946,1.5,1
03.08.2021 01:39:59.557,3.84277,3.8394500000000003,1.5,1
03.08.2021 01:40:16.248,3.84276,3.83946,1.5,1
03.08.2021 01:40:17.251,3.84277,3.8394500000000003,1.5,1
03.08.2021 01:40:21.555,3.84277,3.8394500000000003,1.5,1
03.08.2021 01:40:23.342,3.84277,3.8394500000000003,1.5,1
03.08.2021 01:40:29.767,3.84277,3.83975,1.5,1
03.08.2021 01:40:32.485,3.84277,3.83975,1,1
03.08.2021 01:40:42.071,3.84277,3.83975,1.5,1
03.08.2021 01:40:44.197,3.84277,3.83975,1,1
03.08.2021 01:40:44.398,3.84277,3.83975,1.5,1
03.08.2021 01:40:45.861,3.84276,3.83976,1,1
03.08.2021 01:41:04.368,3.84277,3.83975,1.5,1
03.08.2021 01:41:08.255,3.84277,3.8396800000000004,1.5,1
03.08.2021 01:41:16.426,3.84277,3.8395300000000003,1.5,1
03.08.2021 01:41:19.877,3.84277,3.83944,1.5,1
03.08.2021 01:41:19.978,3.84276,3.83944,1.5,1
03.08.2021 01:41:20.183,3.84277,3.83946,1.5,1
03.08.2021 01:41:22.542,3.84276,3.8397400000000004,1.5,1
03.08.2021 01:41:22.711,3.84277,3.8397300000000003,1,1
03.08.2021 01:41:27.057,3.84277,3.8397300000000003,1.5,1
03.08.2021 01:41:34.248,3.84276,3.8397400000000004,1.5,1
03.08.2021 01:41:40.364,3.84277,3.8397300000000003,1,1
03.08.2021 01:41:46.787,3.84277,3.8397800000000006,1.5,1
03.08.2021 01:41:48.628,3.84277,3.83972,1.5,1
03.08.2021 01:41:49.080,3.84277,3.83964,1.5,1
03.08.2021 01:41:50.250,3.84277,3.83964,1.5,1
03.08.2021 01:41:50.406,3.84277,3.83964,1.5,1
03.08.2021 01:41:53.622,3.84276,3.8396500000000002,1.5,1
03.08.2021 01:42:05.748,3.84277,3.83964,1.5,1
03.08.2021 01:42:15.722,3.84276,3.8396500000000002,1.5,1
03.08.2021 01:42:18.428,3.84277,3.8394900000000005,1.5,1
03.08.2021 01:42:21.732,3.84277,3.83966,1.5,1
03.08.2021 01:42:31.358,3.84276,3.83967,1.5,1
03.08.2021 01:42:31.527,3.84277,3.83966,1.5,1
03.08.2021 01:42:40.561,3.84277,3.8396800000000004,1.5,1
03.08.2021 01:42:42.157,3.84276,3.8396900000000005,1.5,1
03.08.2021 01:42:44.802,3.84277,3.8396800000000004,1.5,1
03.08.2021 01:42:54.932,3.84277,3.83972,1,1
03.08.2021 01:42:56.557,3.84277,3.83972,1.5,1
03.08.2021 01:43:00.451,3.84277,3.83972,1.5,1
03.08.2021 01:43:02.504,3.84277,3.83972,1.5,1
03.08.2021 01:43:10.846,3.84276,3.8397300000000003,1.5,1
03.08.2021 01:43:11.047,3.84276,3.8397300000000003,1.5,1
03.08.2021 01:43:12.413,3.84277,3.83972,1,1
03.08.2021 01:43:15.126,3.84276,3.8397300000000003,1.5,1
03.08.2021 01:43:18.655,3.84277,3.83972,1.5,1
03.08.2021 01:43:31.245,3.84277,3.83972,1.5,1
03.08.2021 01:43:47.450,3.84277,3.83902,1.5,1.5
03.08.2021 01:43:53.831,3.84277,3.83902,1.5,1.5
03.08.2021 01:43:56.442,3.84277,3.83966,1.5,1
03.08.2021 01:43:57.462,3.84276,3.83967,1.5,1
03.08.2021 01:43:57.789,3.84277,3.8394500000000003,1.5,1
03.08.2021 01:44:10.248,3.84277,3.83944,1.5,1
03.08.2021 01:44:12.104,3.84277,3.83944,1.5,1
03.08.2021 01:44:12.305,3.84277,3.8397,1.5,1
03.08.2021 01:44:24.312,3.84277,3.8397,1.5,1
03.08.2021 01:44:26.248,3.84277,3.8397,1.5,1
03.08.2021 01:44:43.827,3.84277,3.8397,1.5,1
03.08.2021 01:44:43.881,3.84277,3.8397,1.5,1
03.08.2021 01:44:45.328,3.84276,3.83971,1.5,1
03.08.2021 01:44:45.728,3.84276,3.83971,1.5,1
03.08.2021 01:44:57.018,3.84277,3.83976,1,1
03.08.2021 01:44:58.371,3.84296,3.83984,1.5,1
03.08.2021 01:44:58.887,3.84296,3.83984,1.5,1
03.08.2021 01:45:03.163,3.84296,3.83997,1,1
03.08.2021 01:45:03.314,3.84296,3.83997,1.5,1
03.08.2021 01:45:12.867,3.84296,3.83991,1.5,1
03.08.2021 01:45:18.475,3.84296,3.83991,1.5,1
03.08.2021 01:45:21.637,3.84295,3.83976,1.5,1
03.08.2021 01:45:27.564,3.84296,3.83964,1.5,1
03.08.2021 01:45:31.596,3.84295,3.83982,1.5,1
03.08.2021 01:45:33.723,3.84296,3.83981,1.5,1
03.08.2021 01:45:33.950,3.84296,3.83975,1.5,1
03.08.2021 01:45:34.315,3.84295,3.83976,1.5,1
03.08.2021 01:45:34.516,3.84296,3.83975,1.5,1
03.08.2021 01:45:35.862,3.84295,3.83976,1.5,1
03.08.2021 01:45:36.062,3.84296,3.8397800000000006,1.5,1
03.08.2021 01:45:38.005,3.84295,3.8397900000000003,1.5,1
03.08.2021 01:46:13.003,3.8428,3.8397800000000006,1,1
03.08.2021 01:46:13.238,3.8428,3.83972,1.5,1
03.08.2021 01:46:24.168,3.8426400000000003,3.83946,1,1
03.08.2021 01:46:24.330,3.8426300000000007,3.83947,1.5,1
03.08.2021 01:46:33.793,3.8426400000000003,3.83946,1.5,1
03.08.2021 01:46:33.932,3.8426400000000003,3.83946,1.5,1
03.08.2021 01:47:00.378,3.8426400000000003,3.8393100000000002,1.5,1
03.08.2021 01:47:10.572,3.8426400000000003,3.8391800000000003,1.5,1
03.08.2021 01:47:10.774,3.8426300000000007,3.83946,1.5,1
03.08.2021 01:47:10.974,3.8426400000000003,3.8393,1.5,1
03.08.2021 01:47:40.173,3.8424800000000006,3.8392900000000005,1.5,1
03.08.2021 01:47:40.328,3.8424800000000006,3.83922,1.5,1
03.08.2021 01:48:00.351,3.8424800000000006,3.83922,1.5,1
03.08.2021 01:48:04.244,3.8424800000000006,3.83915,1.5,1
03.08.2021 01:48:04.446,3.84229,3.8389900000000003,1.5,1
03.08.2021 01:48:09.937,3.84229,3.8389900000000003,1.5,1
03.08.2021 01:48:10.152,3.84229,3.83907,1.5,1
03.08.2021 01:48:16.865,3.84211,3.839,1.5,1
03.08.2021 01:48:20.100,3.84212,3.83881,1.5,1
03.08.2021 01:48:25.295,3.84196,3.8387000000000002,1.5,1
03.08.2021 01:48:25.447,3.84195,3.8386300000000007,1.5,1
03.08.2021 01:48:27.318,3.84195,3.8386300000000007,1.5,1
03.08.2021 01:48:31.378,3.84196,3.8387400000000005,1.5,1
03.08.2021 01:48:31.861,3.84196,3.8387400000000005,1.5,1
03.08.2021 01:48:33.233,3.84195,3.83875,1.5,1
03.08.2021 01:48:33.410,3.84196,3.8387400000000005,1.5,1
03.08.2021 01:48:33.611,3.84196,3.83867,1.5,1
03.08.2021 01:48:33.903,3.84196,3.83867,1.5,1
03.08.2021 01:48:35.652,3.84196,3.83867,1.5,1
03.08.2021 01:48:44.557,3.84196,3.8386500000000003,1.5,1
03.08.2021 01:48:44.757,3.84196,3.8386500000000003,1.5,1
03.08.2021 01:48:45.842,3.84196,3.8386500000000003,1.5,1
03.08.2021 01:48:47.100,3.84196,3.8387300000000004,1.5,1
03.08.2021 01:48:50.329,3.84195,3.8387400000000005,1.5,1
03.08.2021 01:48:51.161,3.84196,3.83867,1.5,1
03.08.2021 01:48:56.169,3.84195,3.8386800000000005,1.5,1
03.08.2021 01:49:00.557,3.84196,3.83867,1.5,1
03.08.2021 01:49:01.066,3.84196,3.83867,1.5,1
03.08.2021 01:49:01.475,3.84195,3.8386800000000005,1.5,1
03.08.2021 01:49:02.938,3.84196,3.83867,1.5,1
03.08.2021 01:49:06.750,3.84196,3.8387300000000004,1.5,1
03.08.2021 01:49:07.996,3.84195,3.8387400000000005,1.5,1
03.08.2021 01:49:20.164,3.84196,3.8387300000000004,1.5,1
03.08.2021 01:49:20.757,3.84196,3.8387300000000004,1.5,1
03.08.2021 01:49:20.958,3.84195,3.8387400000000005,1.5,1
03.08.2021 01:49:21.364,3.84196,3.8387800000000003,1.5,1
03.08.2021 01:49:30.447,3.84196,3.8387800000000003,1.5,1
03.08.2021 01:49:32.541,3.84195,3.8387900000000004,1.5,1
03.08.2021 01:50:04.291,3.8420900000000002,3.8388400000000003,1.5,1
03.08.2021 01:50:04.490,3.8420900000000002,3.8388300000000006,1.5,1
03.08.2021 01:50:17.149,3.8420900000000002,3.8390400000000002,1.5,1
03.08.2021 01:50:18.894,3.8422199999999997,3.8389400000000005,1.5,1
03.08.2021 01:50:24.312,3.84221,3.83895,1.5,1
03.08.2021 01:50:26.631,3.8422199999999997,3.8388500000000003,1.5,1
03.08.2021 01:50:27.182,3.84221,3.83886,1.5,1
03.08.2021 01:50:27.431,3.8422199999999997,3.8388500000000003,1.5,1
03.08.2021 01:50:27.632,3.8422199999999997,3.8388500000000003,1.5,1
03.08.2021 01:50:43.770,3.8420300000000003,3.83877,1.5,1
03.08.2021 01:50:47.014,3.8420199999999998,3.83869,1.5,1
03.08.2021 01:51:04.038,3.8420300000000003,3.8386800000000005,1.5,1
03.08.2021 01:51:04.247,3.8420199999999998,3.83869,1.5,1
03.08.2021 01:51:05.449,3.8420300000000003,3.8386800000000005,1.5,1
03.08.2021 01:51:07.375,3.8420300000000003,3.8386800000000005,1.5,1
03.08.2021 01:51:07.576,3.8420300000000003,3.8386800000000005,1.5,1
03.08.2021 01:51:10.281,3.8420300000000003,3.8386800000000005,1.5,1
03.08.2021 01:51:12.505,3.8420199999999998,3.83869,1.5,1
03.08.2021 01:51:12.956,3.8418400000000004,3.8385400000000005,1.5,1
03.08.2021 01:51:23.494,3.8418300000000003,3.83849,1.5,1
03.08.2021 01:51:33.427,3.8418300000000003,3.83849,1.5,1
03.08.2021 01:51:35.413,3.8418300000000003,3.83849,1.5,1
03.08.2021 01:51:38.920,3.8418400000000004,3.8386199999999997,1.5,1
03.08.2021 01:51:49.164,3.8418400000000004,3.8386400000000003,1.5,1
03.08.2021 01:51:52.055,3.8418300000000003,3.8386500000000003,1.5,1
03.08.2021 01:51:53.354,3.8418400000000004,3.8386400000000003,1.5,1
03.08.2021 01:51:54.205,3.8418400000000004,3.8385400000000005,1.5,1
03.08.2021 01:51:54.408,3.8418300000000003,3.83855,1.5,1
03.08.2021 01:51:54.611,3.8418400000000004,3.83867,1.5,1
03.08.2021 01:51:58.218,3.8420300000000003,3.8386500000000003,1.5,1
03.08.2021 01:51:58.435,3.8420199999999998,3.83866,1.5,1
03.08.2021 01:52:03.337,3.8420300000000003,3.83871,1.5,1
03.08.2021 01:52:03.563,3.8421900000000004,3.8387900000000004,1.5,1
03.08.2021 01:52:14.701,3.8423400000000005,3.83887,1.62,1
03.08.2021 01:52:14.855,3.84235,3.83886,1.62,1
03.08.2021 01:52:26.408,3.8423400000000005,3.8388500000000003,1,1
03.08.2021 01:52:26.911,3.8423300000000005,3.83886,1,1
03.08.2021 01:52:30.430,3.8423400000000005,3.8388500000000003,1,1
03.08.2021 01:52:32.734,3.8423400000000005,3.8388500000000003,1,1
03.08.2021 01:52:40.511,3.8423400000000005,3.8388500000000003,1,1
03.08.2021 01:52:40.712,3.8423400000000005,3.8388500000000003,1,1
03.08.2021 01:52:41.355,3.8423300000000005,3.83886,1,1
03.08.2021 01:52:41.835,3.84221,3.8387400000000005,1,1
03.08.2021 01:52:42.037,3.8422800000000006,3.8387900000000004,1,1
03.08.2021 01:52:45.737,3.8423300000000005,3.83886,1,1
03.08.2021 01:52:46.138,3.84235,3.8389800000000003,1.5,1
03.08.2021 01:53:14.510,3.84235,3.83891,1.5,1
03.08.2021 01:53:19.071,3.84229,3.83891,1.5,1
03.08.2021 01:53:20.060,3.84229,3.8388400000000003,1.5,1
03.08.2021 01:53:23.465,3.84229,3.8388400000000003,1.5,1
03.08.2021 01:53:23.667,3.84212,3.8387800000000003,1.5,1
03.08.2021 01:53:23.870,3.8421300000000005,3.83877,1.5,1
03.08.2021 01:53:45.200,3.84212,3.8387900000000004,1.5,1
03.08.2021 01:53:48.127,3.84212,3.8388800000000005,1.5,1
03.08.2021 01:53:53.425,3.8421300000000005,3.83887,1.5,1
03.08.2021 01:53:55.684,3.8421300000000005,3.83881,1.5,1
03.08.2021 01:53:55.886,3.8421300000000005,3.83872,1.5,1
03.08.2021 01:54:00.085,3.84212,3.83867,1.5,1
03.08.2021 01:54:01.090,3.8421300000000005,3.83866,1.5,1
03.08.2021 01:54:01.979,3.84212,3.83867,1.5,1
03.08.2021 01:54:03.249,3.8421300000000005,3.83866,1.5,1
03.08.2021 01:54:06.161,3.842,3.8386,1.5,1
03.08.2021 01:54:06.875,3.842,3.8386,1.5,1
03.08.2021 01:54:09.665,3.8418699999999997,3.8385400000000005,1.5,1
03.08.2021 01:54:26.749,3.8418699999999997,3.8384500000000004,1.5,1
03.08.2021 01:54:29.961,3.8418699999999997,3.8384500000000004,1.5,1
03.08.2021 01:55:18.767,3.8422400000000003,3.83875,1.62,1
03.08.2021 01:55:21.418,3.8422400000000003,3.83875,1.62,1
03.08.2021 01:55:29.067,3.84214,3.83867,1.62,1
03.08.2021 01:55:39.362,3.84214,3.83867,1.62,1
03.08.2021 01:55:39.562,3.84215,3.83866,1.62,1
03.08.2021 01:55:41.901,3.84215,3.83866,1.62,1
03.08.2021 01:55:47.434,3.84214,3.83867,1.62,1
03.08.2021 01:55:50.652,3.84207,3.8386,1,1
03.08.2021 01:55:50.854,3.8420800000000006,3.8385900000000004,1,1
03.08.2021 01:55:53.589,3.84214,3.83866,1,1
03.08.2021 01:55:59.834,3.84214,3.8386500000000003,1,1
03.08.2021 01:56:00.280,3.84214,3.8386500000000003,1,1
03.08.2021 01:56:43.937,3.8420199999999998,3.8385900000000004,1.5,1
03.08.2021 01:56:44.851,3.84194,3.8384500000000004,1,1
03.08.2021 01:56:56.951,3.84181,3.8383300000000005,1,1
03.08.2021 01:56:57.665,3.84176,3.83827,1,1
03.08.2021 01:57:01.761,3.84176,3.83827,1,1
03.08.2021 01:57:03.748,3.84162,3.83815,1,1
03.08.2021 01:57:05.963,3.84162,3.83815,1,1
03.08.2021 01:57:06.315,3.8416300000000003,3.8381400000000006,1,1
03.08.2021 01:57:07.785,3.8416300000000003,3.8381400000000006,1,1
03.08.2021 01:57:09.401,3.8416300000000003,3.8381400000000006,1,1
03.08.2021 01:57:10.142,3.8416300000000003,3.8381400000000006,1,1
03.08.2021 01:57:16.394,3.8413900000000005,3.8380199999999998,1.5,1
03.08.2021 01:57:18.269,3.8414,3.83801,1.5,1
03.08.2021 01:57:20.199,3.8413900000000005,3.83795,1.5,1
03.08.2021 01:57:25.577,3.8413900000000005,3.83795,1.5,1
03.08.2021 01:57:26.021,3.8414,3.83794,1.5,1
03.08.2021 01:57:26.383,3.8413900000000005,3.83795,1.5,1
03.08.2021 01:57:26.837,3.8413900000000005,3.83795,1.5,1
03.08.2021 01:57:27.654,3.8413900000000005,3.83795,1.5,1
03.08.2021 01:57:30.223,3.8414,3.838,1.5,1
03.08.2021 01:57:39.133,3.8414,3.8379300000000005,1.5,1
03.08.2021 01:57:39.333,3.8414,3.8379300000000005,1.5,1
03.08.2021 01:57:39.925,3.8414,3.83811,1.5,1
03.08.2021 01:57:47.596,3.8412,3.8380500000000004,1.5,1
03.08.2021 01:57:48.346,3.8412,3.83806,1.5,1
03.08.2021 01:57:48.502,3.8412100000000002,3.8379000000000003,1.5,1
03.08.2021 01:57:54.295,3.8412,3.8378900000000002,1.5,1
03.08.2021 01:58:04.052,3.8412,3.8378900000000002,1.5,1
03.08.2021 01:58:12.129,3.8412100000000002,3.8378800000000006,1.5,1
03.08.2021 01:58:52.692,3.84117,3.8378300000000003,1.5,1
03.08.2021 01:58:52.867,3.8411800000000005,3.83782,1.5,1
03.08.2021 01:58:54.439,3.8411800000000005,3.8378900000000002,1.5,1
03.08.2021 01:58:57.280,3.84117,3.8379000000000003,1.5,1
03.08.2021 01:59:00.951,3.8411800000000005,3.8378900000000002,1.5,1
03.08.2021 01:59:01.904,3.8411800000000005,3.8378900000000002,1.5,1
03.08.2021 01:59:02.472,3.8411800000000005,3.8378900000000002,1.5,1
03.08.2021 01:59:08.479,3.84137,3.8379600000000003,1.5,1
03.08.2021 01:59:12.905,3.84137,3.8379600000000003,1.5,1
03.08.2021 01:59:48.248,3.84137,3.83811,1.5,1
03.08.2021 01:59:55.977,3.8415300000000006,3.8381900000000004,1.5,1
03.08.2021 02:00:00.888,3.8415300000000006,3.8381900000000004,1.5,1
03.08.2021 02:00:06.899,3.84152,3.8382,1.5,1
03.08.2021 02:00:11.699,3.84152,3.8382,1.5,1
03.08.2021 02:00:17.748,3.84152,3.8382,1.5,1
03.08.2021 02:00:18.158,3.8415300000000006,3.8381900000000004,1.5,1
03.08.2021 02:00:22.340,3.8415300000000006,3.8381900000000004,1.5,1
03.08.2021 02:00:22.543,3.84152,3.8382,1.5,1
03.08.2021 02:00:36.765,3.84152,3.8382,1.5,1
03.08.2021 02:00:41.713,3.8415300000000006,3.8381900000000004,1.5,1
03.08.2021 02:00:41.915,3.8415300000000006,3.8381900000000004,1.5,1
03.08.2021 02:00:47.736,3.8415300000000006,3.8381900000000004,1.5,1
03.08.2021 02:00:50.812,3.8415300000000006,3.8381900000000004,1.5,1
03.08.2021 02:01:02.312,3.84152,3.8382,1.5,1
03.08.2021 02:01:04.508,3.8415300000000006,3.8382500000000004,1.5,1
03.08.2021 02:01:19.688,3.8415300000000006,3.8382500000000004,1.5,1
03.08.2021 02:01:21.066,3.8415300000000006,3.83832,1.5,1
03.08.2021 02:01:23.920,3.8416800000000006,3.8383300000000005,1.5,1
03.08.2021 02:01:24.165,3.8416900000000003,3.83832,1.5,1
03.08.2021 02:01:30.682,3.8416800000000006,3.8382500000000004,1.5,1
03.08.2021 02:02:07.963,3.84076,3.8380800000000006,1,1
03.08.2021 02:02:08.122,3.84076,3.83782,1,1
03.08.2021 02:02:08.349,3.84076,3.83797,1,1
03.08.2021 02:02:08.535,3.84076,3.83792,1,1
03.08.2021 02:02:10.131,3.8407800000000005,3.8377800000000004,1,1
03.08.2021 02:02:10.232,3.84137,3.8381800000000004,1.5,1
03.08.2021 02:02:10.383,3.84136,3.8379300000000005,1.5,1
03.08.2021 02:02:10.488,3.84137,3.8378800000000006,1.5,1
03.08.2021 02:02:10.638,3.84137,3.8378800000000006,1.5,1
03.08.2021 02:02:11.553,3.84137,3.83791,1.5,1
03.08.2021 02:02:12.184,3.8409300000000006,3.83791,1,1
03.08.2021 02:02:12.461,3.8405300000000007,3.8377900000000005,1,1
03.08.2021 02:02:12.616,3.8405199999999997,3.8377800000000004,1,1
03.08.2021 02:02:12.816,3.8405300000000007,3.83777,1,1
03.08.2021 02:02:13.842,3.8405199999999997,3.8377800000000004,1,1
03.08.2021 02:02:14.210,3.8408400000000005,3.8376400000000004,1,1
03.08.2021 02:02:14.310,3.84137,3.8378900000000002,1,1
03.08.2021 02:02:14.447,3.8414,3.83792,1,1
03.08.2021 02:02:16.305,3.84091,3.83792,1,1
03.08.2021 02:02:16.512,3.84067,3.8376400000000004,1,1
03.08.2021 02:02:16.562,3.84067,3.8376400000000004,1,1
03.08.2021 02:02:16.871,3.84051,3.8376400000000004,1,1
03.08.2021 02:02:17.209,3.84051,3.83781,1,1
03.08.2021 02:02:17.367,3.84051,3.83781,1,1
03.08.2021 02:02:17.768,3.84051,3.83781,1,1
03.08.2021 02:02:18.199,3.84051,3.83781,1,1
03.08.2021 02:02:18.400,3.8405,3.8380400000000003,1,1
03.08.2021 02:02:18.501,3.8411300000000006,3.8378900000000002,1.5,1
03.08.2021 02:02:18.602,3.8415900000000005,3.8381300000000005,1,1
03.08.2021 02:02:20.444,3.8408800000000003,3.83812,1,1
03.08.2021 02:02:20.545,3.8407,3.8377800000000004,1,1
03.08.2021 02:02:20.642,3.8407,3.8377800000000004,1,1
03.08.2021 02:02:21.350,3.84057,3.8377900000000005,1,1
03.08.2021 02:02:21.532,3.84057,3.83792,1,1
03.08.2021 02:02:22.520,3.84079,3.83774,1,1
03.08.2021 02:02:22.571,3.8412400000000004,3.8381000000000003,1,1
03.08.2021 02:02:22.721,3.8412400000000004,3.838,1.5,1
03.08.2021 02:02:24.701,3.8405400000000003,3.838,1,1
03.08.2021 02:02:24.752,3.84071,3.83786,1,1
03.08.2021 02:02:24.853,3.8407199999999997,3.8377900000000005,1,1
03.08.2021 02:02:25.108,3.8407300000000006,3.83774,1,1
03.08.2021 02:02:25.158,3.84061,3.83795,1,1
03.08.2021 02:02:25.273,3.8406000000000002,3.8379600000000003,1,1
03.08.2021 02:02:25.514,3.84061,3.83772,1,1
03.08.2021 02:02:25.675,3.8406000000000002,3.8379300000000005,1,1
03.08.2021 02:02:26.016,3.84061,3.8380800000000006,1,1
03.08.2021 02:02:26.273,3.8404900000000004,3.8380800000000006,1,1
03.08.2021 02:02:26.323,3.8404800000000003,3.8377900000000005,1,1
03.08.2021 02:02:26.508,3.8404800000000003,3.83794,1,1
03.08.2021 02:02:26.842,3.8404900000000004,3.8379300000000005,1,1
03.08.2021 02:02:26.942,3.8410100000000003,3.8381000000000003,1,1
03.08.2021 02:02:26.993,3.84132,3.83811,1.5,1
03.08.2021 02:02:27.043,3.84132,3.8379600000000003,1.5,1
03.08.2021 02:02:28.978,3.84142,3.83835,1.5,1
03.08.2021 02:02:29.028,3.84141,3.83829,1.5,1.5
03.08.2021 02:02:29.079,3.84142,3.8382800000000006,1.5,1.5
03.08.2021 02:02:29.235,3.8414699999999997,3.8384400000000003,1.5,1.5
03.08.2021 02:02:29.457,3.8414800000000007,3.8385300000000004,1,1.5
03.08.2021 02:02:29.818,3.84141,3.8385300000000004,1,1.5
03.08.2021 02:02:29.919,3.84154,3.8385300000000004,1,1.5
03.08.2021 02:02:31.066,3.84175,3.83849,1.5,1
03.08.2021 02:02:31.117,3.84176,3.83827,1,1
03.08.2021 02:02:33.075,3.84166,3.8384400000000003,1.5,1.5
03.08.2021 02:02:33.233,3.8416699999999997,3.8386300000000007,1,1.5
03.08.2021 02:02:33.535,3.84161,3.8386300000000007,1,1.5
03.08.2021 02:02:35.194,3.8416400000000004,3.8386400000000003,1.12,1.5
03.08.2021 02:02:35.344,3.84181,3.8383800000000003,1.5,1
03.08.2021 02:02:35.513,3.84181,3.8383800000000003,1.5,1
03.08.2021 02:02:35.918,3.84181,3.8383800000000003,1.5,1
03.08.2021 02:02:36.139,3.84181,3.8383800000000003,1.5,1
03.08.2021 02:02:36.375,3.84196,3.83851,1.5,1
03.08.2021 02:02:36.801,3.84181,3.83835,1,1
03.08.2021 02:02:37.530,3.84181,3.8387300000000004,1.5,1.5
03.08.2021 02:02:38.191,3.84196,3.8387300000000004,1.5,1.5
03.08.2021 02:02:38.390,3.84196,3.8387800000000003,1.5,1.5
03.08.2021 02:02:39.513,3.84177,3.83857,1,1.5
03.08.2021 02:02:39.675,3.84177,3.8385800000000003,1.5,1
03.08.2021 02:02:39.784,3.84177,3.83852,1.5,1.5
03.08.2021 02:02:39.918,3.84177,3.83869,1.5,1
03.08.2021 02:02:41.579,3.84176,3.8387400000000005,1,1.5
03.08.2021 02:02:41.630,3.84176,3.8387400000000005,1.5,1.5
03.08.2021 02:02:42.040,3.84166,3.8387300000000004,1,1.5
03.08.2021 02:02:43.462,3.84165,3.83875,1.5,1.5
03.08.2021 02:02:43.635,3.8415900000000005,3.83866,1,1
03.08.2021 02:02:45.565,3.8416,3.83866,1,1.5
03.08.2021 02:02:47.800,3.84165,3.83877,1.5,1.5
03.08.2021 02:02:47.851,3.84157,3.83869,1,1.5
03.08.2021 02:02:48.507,3.84154,3.83871,1,1
03.08.2021 02:02:48.662,3.8415300000000006,3.83857,1,1
03.08.2021 02:02:50.169,3.8415300000000006,3.83856,1,1
03.08.2021 02:02:51.132,3.84142,3.83849,1,1
03.08.2021 02:02:53.152,3.84142,3.83849,1,1
03.08.2021 02:02:53.397,3.84142,3.83849,1,1
03.08.2021 02:02:57.337,3.84142,3.83849,1,1
03.08.2021 02:02:57.538,3.84142,3.83849,1,1
03.08.2021 02:03:00.386,3.84142,3.8384300000000007,1,1.5
03.08.2021 02:03:01.382,3.84142,3.83875,1,1
03.08.2021 02:03:07.133,3.84142,3.83875,1,1
03.08.2021 02:03:10.235,3.84142,3.83875,1,1
03.08.2021 02:03:10.939,3.84141,3.83861,1,1
03.08.2021 02:03:25.390,3.84142,3.8385400000000005,1,1
03.08.2021 02:03:25.882,3.84141,3.83855,1,1
03.08.2021 02:03:27.234,3.84142,3.8385400000000005,1,1
03.08.2021 02:03:28.822,3.84142,3.8385400000000005,1,1
03.08.2021 02:03:29.026,3.84142,3.8385400000000005,1,1
03.08.2021 02:03:31.992,3.84142,3.8385400000000005,1,1
03.08.2021 02:03:32.194,3.84142,3.8385400000000005,1,1
03.08.2021 02:03:33.969,3.84142,3.8385400000000005,1,1
03.08.2021 02:03:34.171,3.84141,3.83855,1,1
03.08.2021 02:03:46.084,3.84142,3.8385400000000005,1,1
03.08.2021 02:03:47.616,3.84142,3.8385400000000005,1,1
03.08.2021 02:03:47.719,3.8415300000000006,3.8386800000000005,1,1
03.08.2021 02:03:53.642,3.84154,3.8387300000000004,1,1
03.08.2021 02:03:54.586,3.84154,3.8387300000000004,1,1
03.08.2021 02:03:54.745,3.8415300000000006,3.8387400000000005,1,1
03.08.2021 02:03:56.251,3.84154,3.8387300000000004,1,1
03.08.2021 02:04:04.213,3.8415300000000006,3.8386800000000005,1,1
03.08.2021 02:04:04.616,3.84154,3.83867,1,1
03.08.2021 02:04:23.453,3.84154,3.8388500000000003,1,1
03.08.2021 02:04:23.627,3.8415300000000006,3.83886,1,1
03.08.2021 02:04:25.599,3.8416400000000004,3.83886,1,1
03.08.2021 02:04:26.540,3.84165,3.83881,1,1
03.08.2021 02:04:28.954,3.84165,3.83867,1,1
03.08.2021 02:04:35.251,3.8416400000000004,3.8386800000000005,1,1
03.08.2021 02:04:52.073,3.84165,3.8385800000000003,1.12,1
03.08.2021 02:04:53.937,3.84152,3.83872,1,1
03.08.2021 02:04:55.521,3.84152,3.83857,1,1
03.08.2021 02:04:55.728,3.84152,3.8384,1.5,1
03.08.2021 02:04:55.874,3.84142,3.8384,1,1
03.08.2021 02:04:58.451,3.84142,3.8384199999999997,1.5,1
03.08.2021 02:04:59.269,3.84142,3.8384199999999997,1,1
03.08.2021 02:05:00.949,3.84141,3.8384300000000007,1.5,1
03.08.2021 02:05:01.593,3.84141,3.83837,1,1
03.08.2021 02:05:01.863,3.84141,3.8384400000000003,1,1
03.08.2021 02:05:18.545,3.84142,3.83835,1.5,1
03.08.2021 02:05:21.665,3.84142,3.83835,1,1
03.08.2021 02:05:36.310,3.84142,3.8383800000000003,1.5,1
03.08.2021 02:05:36.511,3.84141,3.8383300000000005,1.5,1
03.08.2021 02:05:37.780,3.84142,3.83832,1.5,1
03.08.2021 02:05:37.982,3.84142,3.83832,1.5,1
03.08.2021 02:05:44.704,3.84142,3.83837,1,1
03.08.2021 02:05:45.627,3.84141,3.8383800000000003,1.5,1
03.08.2021 02:05:46.735,3.84132,3.83837,1,1
03.08.2021 02:05:50.035,3.84132,3.83837,1,1
03.08.2021 02:05:55.070,3.84131,3.8383800000000003,1,1
03.08.2021 02:05:55.502,3.84131,3.83852,1,1
03.08.2021 02:06:02.178,3.84131,3.8385400000000005,1,1
03.08.2021 02:06:02.386,3.84131,3.8385400000000005,1,1
03.08.2021 02:06:02.955,3.84132,3.8384500000000004,1,1
03.08.2021 02:06:13.497,3.84132,3.8383900000000004,1,1
03.08.2021 02:06:13.548,3.84122,3.83849,1,1
03.08.2021 02:06:13.699,3.8412300000000004,3.8382400000000003,1,1
03.08.2021 02:06:20.381,3.8412300000000004,3.83851,1,1
03.08.2021 02:06:20.530,3.8412300000000004,3.8381900000000004,1,1
03.08.2021 02:06:24.054,3.8412300000000004,3.8381900000000004,1.5,1
03.08.2021 02:06:24.256,3.84122,3.83827,1,1
03.08.2021 02:06:25.216,3.84122,3.83827,1,1
03.08.2021 02:06:25.558,3.8412300000000004,3.83826,1,1
03.08.2021 02:06:28.240,3.8412300000000004,3.83826,1,1
03.08.2021 02:06:28.290,3.84106,3.8383000000000003,1,1
03.08.2021 02:06:28.436,3.84106,3.8383000000000003,1,1
03.08.2021 02:06:30.270,3.8410699999999998,3.83821,1,1
03.08.2021 02:06:32.456,3.8411800000000005,3.8382199999999997,1,1
03.08.2021 02:06:50.329,3.8411900000000005,3.83821,1,1
03.08.2021 02:06:50.560,3.8411800000000005,3.83837,1,1
03.08.2021 02:06:50.732,3.8411900000000005,3.83821,1,1
03.08.2021 02:06:51.550,3.84136,3.83821,1.5,1
03.08.2021 02:06:56.389,3.84136,3.83821,1.5,1
03.08.2021 02:06:57.269,3.84136,3.83821,1.5,1
03.08.2021 02:07:00.479,3.8412300000000004,3.8381300000000005,1,1
03.08.2021 02:07:00.622,3.8412300000000004,3.8381300000000005,1.5,1
03.08.2021 02:07:07.694,3.84122,3.8383000000000003,1,1
03.08.2021 02:07:07.895,3.8412300000000004,3.8380500000000004,1.5,1
03.08.2021 02:07:11.532,3.84122,3.8382,1,1
03.08.2021 02:07:15.162,3.84122,3.8382,1.5,1
03.08.2021 02:07:15.375,3.8412400000000004,3.83826,1.5,1
03.08.2021 02:07:15.538,3.8412400000000004,3.8380500000000004,1.5,1
03.08.2021 02:07:18.752,3.8412400000000004,3.8380500000000004,1.5,1
03.08.2021 02:07:19.621,3.8412400000000004,3.8380500000000004,1.5,1
03.08.2021 02:07:23.207,3.8412400000000004,3.8380500000000004,1.5,1
03.08.2021 02:07:26.936,3.8412400000000004,3.8380500000000004,1.5,1
03.08.2021 02:07:35.096,3.8412400000000004,3.8380500000000004,1.5,1
03.08.2021 02:07:35.881,3.8411000000000004,3.83792,1.5,1
03.08.2021 02:07:43.357,3.84111,3.83791,1.5,1
03.08.2021 02:07:44.613,3.84111,3.8379900000000005,1.5,1
03.08.2021 02:08:05.724,3.84111,3.8379300000000005,1.5,1
03.08.2021 02:08:24.639,3.8411000000000004,3.83806,1.5,1
03.08.2021 02:08:24.841,3.8411000000000004,3.8381600000000002,1,1
03.08.2021 02:08:47.075,3.84111,3.83821,1.5,1
03.08.2021 02:08:47.232,3.84111,3.83821,1,1
03.08.2021 02:08:54.857,3.8411000000000004,3.83815,1,1
03.08.2021 02:08:55.402,3.84111,3.83791,1.5,1
03.08.2021 02:08:55.912,3.84111,3.8380400000000003,1.5,1
03.08.2021 02:08:59.017,3.8411000000000004,3.8380500000000004,1,1
03.08.2021 02:09:02.132,3.8411000000000004,3.83791,1.5,1
03.08.2021 02:09:50.202,3.84111,3.8379000000000003,1.5,1
03.08.2021 02:09:50.769,3.8409,3.83775,1.5,1
03.08.2021 02:09:51.800,3.84091,3.8377800000000004,1.5,1
03.08.2021 02:09:54.644,3.84091,3.83797,1,1
03.08.2021 02:09:57.972,3.8409,3.8379800000000004,1,1
03.08.2021 02:09:59.613,3.84091,3.83797,1,1
03.08.2021 02:10:18.696,3.84081,3.8379800000000004,1,1
03.08.2021 02:10:18.747,3.84082,3.83797,1,1
03.08.2021 02:10:33.739,3.84082,3.8378300000000003,1,1
03.08.2021 02:10:35.780,3.84082,3.8378300000000003,1,1
03.08.2021 02:10:45.390,3.84082,3.83795,1,1
03.08.2021 02:10:45.744,3.8409300000000006,3.8379600000000003,1,1
03.08.2021 02:10:47.225,3.8409300000000006,3.83781,1.5,1
03.08.2021 02:10:52.366,3.8409400000000002,3.8381000000000003,1,1
03.08.2021 02:10:52.710,3.8409400000000002,3.83795,1,1
03.08.2021 02:11:12.918,3.84106,3.8379600000000003,1.5,1
03.08.2021 02:11:12.969,3.8410699999999998,3.8382,1,1
03.08.2021 02:11:14.848,3.8410699999999998,3.8381400000000006,1,1
03.08.2021 02:11:16.543,3.8410699999999998,3.8379900000000005,1.5,1
03.08.2021 02:11:47.773,3.8410699999999998,3.83815,1,1
03.08.2021 02:12:14.202,3.8412,3.8382,1,1
03.08.2021 02:12:31.610,3.8411900000000005,3.83827,1,1
03.08.2021 02:12:31.795,3.8412,3.8381300000000005,1.5,1
03.08.2021 02:12:39.962,3.8412,3.8380800000000006,1.5,1
03.08.2021 02:12:41.999,3.8411900000000005,3.8380900000000002,1.5,1
03.08.2021 02:12:46.355,3.84106,3.8380900000000002,1,1
03.08.2021 02:12:46.503,3.8410699999999998,3.8380800000000006,1.5,1
03.08.2021 02:12:59.440,3.84106,3.8380199999999998,1.5,1
03.08.2021 02:13:01.556,3.84106,3.8380199999999998,1,1
03.08.2021 02:13:01.712,3.84117,3.83835,1.5,1
03.08.2021 02:13:04.115,3.84117,3.83836,1,1
03.08.2021 02:13:06.548,3.84116,3.83811,1.5,1
03.08.2021 02:13:31.181,3.84116,3.83811,1,1
03.08.2021 02:13:31.380,3.84116,3.8381900000000004,1.5,1
03.08.2021 02:13:41.253,3.84117,3.8381800000000004,1.5,1
03.08.2021 02:13:53.295,3.84116,3.83812,1.5,1
03.08.2021 02:13:53.514,3.84117,3.8380300000000003,1.5,1
03.08.2021 02:13:55.087,3.84116,3.8380400000000003,1.5,1
03.08.2021 02:13:55.425,3.84116,3.8380400000000003,1.5,1
03.08.2021 02:14:02.894,3.84116,3.8380400000000003,1.5,1
03.08.2021 02:14:04.558,3.84116,3.8380400000000003,1.5,1
03.08.2021 02:14:07.978,3.84116,3.8380400000000003,1.5,1
03.08.2021 02:14:08.139,3.8410400000000005,3.8380300000000003,1,1
03.08.2021 02:14:08.189,3.8410400000000005,3.8380300000000003,1,1
03.08.2021 02:14:08.420,3.8410300000000004,3.8381800000000004,1,1
03.08.2021 02:14:10.689,3.8410400000000005,3.83817,1,1
03.08.2021 02:14:11.501,3.8410400000000005,3.83817,1,1
03.08.2021 02:14:11.704,3.8410400000000005,3.83817,1,1
03.08.2021 02:14:12.118,3.8410400000000005,3.83817,1,1
03.08.2021 02:14:12.320,3.8410400000000005,3.83817,1,1
03.08.2021 02:14:15.148,3.8410300000000004,3.8381800000000004,1,1
03.08.2021 02:14:15.553,3.8410400000000005,3.8381900000000004,1,1
03.08.2021 02:14:16.232,3.84117,3.8383000000000003,1,1
03.08.2021 02:14:46.289,3.84117,3.8382400000000003,1,1
03.08.2021 02:14:47.340,3.84117,3.8383900000000004,1,1
03.08.2021 02:14:47.754,3.84116,3.8381600000000002,1.5,1
03.08.2021 02:14:55.096,3.84116,3.8381600000000002,1,1
03.08.2021 02:14:55.298,3.84117,3.8383400000000005,1,1
03.08.2021 02:14:55.556,3.84117,3.8383400000000005,1,1
03.08.2021 02:14:55.992,3.84117,3.8381900000000004,1,1
03.08.2021 02:14:56.159,3.84116,3.8382,1.5,1
03.08.2021 02:15:02.406,3.84117,3.8381900000000004,1,1
03.08.2021 02:15:02.638,3.84116,3.83826,1,1
03.08.2021 02:15:02.810,3.84117,3.8382500000000004,1,1
03.08.2021 02:15:04.763,3.84116,3.8381400000000006,1.5,1
03.08.2021 02:15:07.398,3.8410400000000005,3.8381300000000005,1,1
03.08.2021 02:15:20.454,3.8410400000000005,3.8381300000000005,1,1
03.08.2021 02:15:21.572,3.8410300000000004,3.8384,1,1
03.08.2021 02:15:22.369,3.84114,3.83835,1,1
03.08.2021 02:15:22.455,3.8411300000000006,3.83836,1,1
03.08.2021 02:15:23.570,3.8411300000000006,3.83821,1,1
03.08.2021 02:15:23.727,3.84114,3.8382,1,1
03.08.2021 02:15:29.254,3.8411300000000006,3.83811,1,1
03.08.2021 02:15:40.303,3.84114,3.8381000000000003,1,1
03.08.2021 02:15:40.478,3.8411300000000006,3.83829,1,1
03.08.2021 02:15:47.774,3.84114,3.8382800000000006,1,1
03.08.2021 02:15:47.976,3.84114,3.8382800000000006,1,1
03.08.2021 02:15:48.695,3.84114,3.8382800000000006,1,1
03.08.2021 02:15:50.009,3.8411300000000006,3.83815,1,1
03.08.2021 02:15:50.618,3.84114,3.83835,1,1
03.08.2021 02:15:51.258,3.84114,3.83835,1,1
03.08.2021 02:15:52.513,3.84114,3.8382800000000006,1,1
03.08.2021 02:15:53.014,3.84114,3.8382800000000006,1,1
03.08.2021 02:15:53.754,3.8411300000000006,3.83829,1,1
03.08.2021 02:16:00.429,3.8411300000000006,3.83829,1,1
03.08.2021 02:16:00.571,3.8410100000000003,3.8382800000000006,1,1
03.08.2021 02:16:01.660,3.841,3.8382300000000007,1,1
03.08.2021 02:16:02.771,3.8410100000000003,3.8382199999999997,1,1
03.08.2021 02:16:08.666,3.8410100000000003,3.8382500000000004,1,1
03.08.2021 02:16:13.514,3.841,3.8382,1,1
03.08.2021 02:16:18.331,3.8410100000000003,3.8381900000000004,1,1
03.08.2021 02:16:23.077,3.8410100000000003,3.8381900000000004,1,1
03.08.2021 02:16:42.495,3.8410100000000003,3.8381900000000004,1,1
03.08.2021 02:16:44.232,3.84114,3.83829,1,1
03.08.2021 02:17:03.754,3.84114,3.83829,1,1
03.08.2021 02:17:18.640,3.8411300000000006,3.83817,1,1
03.08.2021 02:17:21.015,3.8413000000000004,3.83821,1.5,1
03.08.2021 02:17:32.203,3.8412900000000003,3.8382800000000006,1.5,1
03.08.2021 02:17:35.593,3.8413000000000004,3.83827,1,1
03.08.2021 02:17:49.912,3.8412900000000003,3.8382500000000004,1.5,1
03.08.2021 02:17:58.407,3.8413000000000004,3.83829,1,1
03.08.2021 02:17:58.571,3.8413000000000004,3.8381400000000006,1.5,1
03.08.2021 02:18:00.689,3.8412900000000003,3.83831,1,1
03.08.2021 02:18:01.044,3.8412900000000003,3.8381900000000004,1.5,1
03.08.2021 02:18:01.243,3.8413000000000004,3.8381800000000004,1.5,1
03.08.2021 02:18:03.417,3.8412900000000003,3.8384800000000006,1,1
03.08.2021 02:18:03.816,3.8413000000000004,3.83826,1.5,1
03.08.2021 02:18:06.254,3.8413000000000004,3.83826,1,1
03.08.2021 02:18:22.815,3.8413000000000004,3.8385000000000002,1,1
03.08.2021 02:18:23.160,3.8412900000000003,3.83829,1,1
03.08.2021 02:18:32.785,3.84142,3.83841,1.5,1
03.08.2021 02:18:40.983,3.8414300000000003,3.8383300000000005,1,1
03.08.2021 02:18:48.211,3.84156,3.8383900000000004,1.5,1
03.08.2021 02:18:48.362,3.84156,3.83852,1.5,1
03.08.2021 02:18:55.836,3.8415500000000002,3.83867,1,1
03.08.2021 02:18:56.620,3.84156,3.83871,1,1
03.08.2021 02:18:56.670,3.84171,3.83872,1,1
03.08.2021 02:19:00.224,3.84171,3.83886,1,1
03.08.2021 02:19:00.274,3.8418800000000006,3.8388500000000003,1,1
