Gmt time,Ask,Bid,AskVolume,BidVolume
26.08.2021 00:00:00.065,3.8889500000000004,3.88381,1,1
26.08.2021 00:00:00.306,3.88891,3.8836900000000005,1,1
26.08.2021 00:00:00.473,3.8889,3.8836900000000005,1,1
26.08.2021 00:00:00.684,3.8888900000000004,3.88407,1,1
26.08.2021 00:00:00.836,3.8888800000000003,3.8837699999999997,1,1
26.08.2021 00:00:01.828,3.88882,3.88415,1.5,1
26.08.2021 00:00:01.929,3.88881,3.8843400000000003,1.5,1
26.08.2021 00:00:02.905,3.88937,3.8840300000000005,1,1
26.08.2021 00:00:03.106,3.8890400000000005,3.8840300000000005,1,1
26.08.2021 00:00:03.325,3.88919,3.8839300000000003,1,1
26.08.2021 00:00:03.546,3.88901,3.8839300000000003,1,1
26.08.2021 00:00:03.947,3.88926,3.8839400000000004,1,1
26.08.2021 00:00:05.220,3.88932,3.8839300000000003,1.5,1
26.08.2021 00:00:06.799,3.8889300000000007,3.8839300000000003,1,1
26.08.2021 00:00:06.975,3.8889300000000007,3.8839300000000003,1,1
26.08.2021 00:00:07.246,3.8889300000000007,3.8839300000000003,1,1
26.08.2021 00:00:14.455,3.88856,3.8844300000000005,1,1
26.08.2021 00:00:14.672,3.88865,3.88442,1,1
26.08.2021 00:00:14.724,3.88857,3.88442,1,1
26.08.2021 00:00:16.654,3.8891500000000003,3.88437,1,1
26.08.2021 00:00:16.853,3.8889,3.88415,1,1
26.08.2021 00:00:17.748,3.88891,3.8841400000000004,1,1
26.08.2021 00:00:18.589,3.88911,3.88442,1.5,1
26.08.2021 00:00:18.792,3.8891199999999997,3.8843400000000003,1.5,1
26.08.2021 00:00:19.002,3.8888000000000003,3.8843400000000003,1,1
26.08.2021 00:00:19.205,3.88917,3.8843400000000003,1.5,1
26.08.2021 00:00:19.386,3.8888300000000005,3.8843400000000003,1,1
26.08.2021 00:00:19.558,3.8888300000000005,3.8843400000000003,1,1
26.08.2021 00:00:19.761,3.8891199999999997,3.8843199999999998,1.5,1
26.08.2021 00:00:19.932,3.8887800000000006,3.8843199999999998,1,1
26.08.2021 00:00:22.424,3.88877,3.8843300000000003,1,1
26.08.2021 00:00:22.575,3.8888400000000005,3.8849199999999997,1,1
26.08.2021 00:00:22.797,3.88887,3.8844300000000005,1,1
26.08.2021 00:00:22.965,3.88882,3.8843300000000003,1,1
26.08.2021 00:00:23.914,3.8891400000000003,3.8843199999999998,1.5,1
26.08.2021 00:00:24.165,3.8890000000000002,3.8843199999999998,1.5,1
26.08.2021 00:00:24.651,3.8886400000000005,3.8844300000000005,1,1
26.08.2021 00:00:24.839,3.8886300000000005,3.8849300000000007,1,1
26.08.2021 00:00:25.070,3.8887300000000007,3.8847800000000006,1,1
26.08.2021 00:00:25.120,3.88844,3.8847800000000006,1,1
26.08.2021 00:00:25.221,3.8887400000000003,3.88477,1,1
26.08.2021 00:00:25.271,3.88845,3.88477,1,1
26.08.2021 00:00:25.372,3.88845,3.8849500000000003,1,1
26.08.2021 00:00:25.425,3.88845,3.8849400000000003,1,1
26.08.2021 00:00:25.526,3.88845,3.8849400000000003,1,1
26.08.2021 00:00:25.576,3.88844,3.8849500000000003,1,1
26.08.2021 00:00:25.627,3.88845,3.8849400000000003,1,1
26.08.2021 00:00:25.851,3.8887300000000007,3.8849500000000003,1.5,1
26.08.2021 00:00:25.961,3.88845,3.8847800000000006,1,1
26.08.2021 00:00:26.011,3.8887199999999997,3.8847800000000006,1,1
26.08.2021 00:00:26.062,3.8887199999999997,3.8847800000000006,1,1
26.08.2021 00:00:26.162,3.88845,3.88477,1,1
26.08.2021 00:00:26.213,3.88859,3.88497,1,1
26.08.2021 00:00:26.448,3.88844,3.8849500000000003,1,1
26.08.2021 00:00:26.549,3.8882300000000005,3.8849400000000003,1,1
26.08.2021 00:00:27.157,3.8886300000000005,3.8849500000000003,1,1
26.08.2021 00:00:27.406,3.88845,3.8849400000000003,1,1
26.08.2021 00:00:27.457,3.88845,3.8849400000000003,1,1
26.08.2021 00:00:27.557,3.8883,3.8849400000000003,1,1
26.08.2021 00:00:27.658,3.88822,3.8849400000000003,1,1
26.08.2021 00:00:27.809,3.88845,3.8849400000000003,1,1
26.08.2021 00:00:27.860,3.88845,3.8849400000000003,1,1
26.08.2021 00:00:28.002,3.88844,3.8849500000000003,1,1
26.08.2021 00:00:28.103,3.88845,3.8849400000000003,1,1
26.08.2021 00:00:28.153,3.88845,3.8849400000000003,1,1
26.08.2021 00:00:28.204,3.8886800000000004,3.88501,1,1
26.08.2021 00:00:28.405,3.88845,3.88477,1,1
26.08.2021 00:00:28.505,3.88845,3.8849400000000003,1,1
26.08.2021 00:00:28.556,3.88845,3.88505,1,1
26.08.2021 00:00:28.707,3.8882000000000003,3.8849500000000003,1,1
26.08.2021 00:00:28.875,3.8882000000000003,3.8849500000000003,1,1
26.08.2021 00:00:29.524,3.88845,3.8849400000000003,1,1
26.08.2021 00:00:29.581,3.88845,3.88506,1,1
26.08.2021 00:00:29.631,3.88845,3.8849400000000003,1,1
26.08.2021 00:00:29.682,3.8881900000000003,3.8850800000000003,1,1
26.08.2021 00:00:29.883,3.88822,3.8849400000000003,1,1
26.08.2021 00:00:30.085,3.8882000000000003,3.88506,1,1
26.08.2021 00:00:30.286,3.8882900000000005,3.8849400000000003,1,1
26.08.2021 00:00:30.489,3.88821,3.8850800000000003,1,1
26.08.2021 00:00:30.690,3.8884300000000005,3.8849800000000005,1,1
26.08.2021 00:00:31.260,3.8886300000000005,3.8849800000000005,1,1
26.08.2021 00:00:31.361,3.88835,3.8850000000000002,1,1
26.08.2021 00:00:31.412,3.8886300000000005,3.88491,1,1
26.08.2021 00:00:31.462,3.8883199999999998,3.88499,1,1
26.08.2021 00:00:31.563,3.88824,3.8849500000000003,1,1
26.08.2021 00:00:31.746,3.88827,3.8849500000000003,1,1
26.08.2021 00:00:32.871,3.8882300000000005,3.8851,1,1
26.08.2021 00:00:44.174,3.8882300000000005,3.8851,1,1
26.08.2021 00:01:06.829,3.88822,3.88519,1,1
26.08.2021 00:01:17.456,3.8883800000000006,3.88525,1,1
26.08.2021 00:01:17.745,3.88837,3.8853500000000003,1,1
26.08.2021 00:01:18.155,3.88837,3.88526,1,1
26.08.2021 00:01:32.407,3.88822,3.8850800000000003,1,1
26.08.2021 00:01:36.253,3.88822,3.8850800000000003,1,1
26.08.2021 00:01:37.111,3.88807,3.8850400000000005,1,1
26.08.2021 00:01:37.312,3.88807,3.8849400000000003,1,1
26.08.2021 00:01:58.651,3.88807,3.8849400000000003,1,1
26.08.2021 00:02:00.315,3.88807,3.8849400000000003,1,1
26.08.2021 00:02:14.293,3.88806,3.8849500000000003,1,1
26.08.2021 00:02:21.728,3.8879699999999997,3.8848900000000004,1,1
26.08.2021 00:02:47.552,3.88796,3.8848400000000005,1,1
26.08.2021 00:02:47.897,3.8879699999999997,3.8848300000000004,1,1
26.08.2021 00:02:48.352,3.88796,3.8848400000000005,1,1
26.08.2021 00:03:11.072,3.8878300000000006,3.88465,1,1
26.08.2021 00:04:13.693,3.8877400000000004,3.88456,1,1
26.08.2021 00:04:15.943,3.8877400000000004,3.88456,1,1
26.08.2021 00:04:16.307,3.8877400000000004,3.88456,1,1
26.08.2021 00:04:16.508,3.8877300000000004,3.88457,1,1
26.08.2021 00:04:22.452,3.8877400000000004,3.88456,1,1
26.08.2021 00:04:31.009,3.8877400000000004,3.88456,1,1
26.08.2021 00:04:32.012,3.8877400000000004,3.88456,1,1
26.08.2021 00:05:03.263,3.8875800000000003,3.8845199999999998,1,1
26.08.2021 00:05:06.917,3.8873300000000004,3.88415,1,1
26.08.2021 00:05:07.373,3.8871800000000003,3.8840000000000003,1,1
26.08.2021 00:05:07.869,3.88717,3.88401,1,1
26.08.2021 00:05:08.370,3.8872500000000003,3.88395,1,1
26.08.2021 00:05:10.372,3.8872500000000003,3.88396,1,1
26.08.2021 00:05:10.422,3.8872400000000003,3.88392,1,1
26.08.2021 00:05:10.473,3.8872500000000003,3.88391,1,1
26.08.2021 00:05:12.373,3.8872500000000003,3.88396,1,1
26.08.2021 00:05:12.470,3.8872500000000003,3.8839300000000003,1,1
26.08.2021 00:05:12.520,3.8872,3.8839300000000003,1,1
26.08.2021 00:05:12.571,3.8872400000000003,3.8839400000000004,1,1
26.08.2021 00:05:13.374,3.8872400000000003,3.8839699999999997,1,1
26.08.2021 00:05:13.424,3.8872500000000003,3.8838800000000004,1,1
26.08.2021 00:05:14.424,3.8870800000000005,3.88392,1,1
26.08.2021 00:05:22.293,3.8872,3.88407,1,1
26.08.2021 00:05:26.457,3.8872,3.88407,1,1
26.08.2021 00:05:41.660,3.8871900000000004,3.8840800000000004,1,1
26.08.2021 00:05:41.985,3.88707,3.88391,1,1
26.08.2021 00:05:52.247,3.88707,3.88391,1,1
26.08.2021 00:06:03.805,3.88707,3.88391,1,1
26.08.2021 00:06:03.855,3.8870800000000005,3.8839,1,1
26.08.2021 00:07:30.266,3.8870800000000005,3.88387,1,1
26.08.2021 00:07:33.834,3.88709,3.88386,1,1
26.08.2021 00:07:39.722,3.88709,3.88386,1,1
26.08.2021 00:07:58.704,3.8871400000000005,3.8840000000000003,1,1
26.08.2021 00:08:57.683,3.8872800000000005,3.8840500000000002,1,1
26.08.2021 00:09:17.722,3.8872400000000003,3.8841699999999997,1,1
26.08.2021 00:09:18.127,3.8874800000000005,3.88425,1,1
26.08.2021 00:10:07.071,3.88717,3.88415,1,1
26.08.2021 00:10:07.170,3.88717,3.88404,1,1
26.08.2021 00:10:35.707,3.88717,3.88404,1,1
26.08.2021 00:10:43.020,3.88717,3.88421,1,1
26.08.2021 00:10:43.894,3.8874400000000002,3.8842300000000005,1,1
26.08.2021 00:10:58.533,3.8872,3.88422,1,1
26.08.2021 00:10:58.691,3.88721,3.88421,1,1
26.08.2021 00:11:13.819,3.8872,3.88422,1,1
26.08.2021 00:11:13.985,3.8872,3.88422,1,1
26.08.2021 00:11:14.192,3.88721,3.88415,1,1
26.08.2021 00:11:16.449,3.88721,3.88421,1,1
26.08.2021 00:11:16.729,3.88721,3.88421,1,1
26.08.2021 00:11:16.931,3.88721,3.88421,1,1
26.08.2021 00:11:18.290,3.88721,3.88421,1,1
26.08.2021 00:11:18.493,3.88721,3.88421,1,1
26.08.2021 00:11:18.694,3.8872,3.88422,1,1
26.08.2021 00:11:18.989,3.88721,3.88421,1,1
26.08.2021 00:11:19.193,3.88721,3.88421,1,1
26.08.2021 00:11:22.184,3.88721,3.88421,1,1
26.08.2021 00:11:54.006,3.8872,3.88411,1,1
26.08.2021 00:11:54.211,3.8874300000000006,3.8842300000000005,1,1
26.08.2021 00:13:03.759,3.8875100000000002,3.8843,1,1
26.08.2021 00:13:10.699,3.8875100000000002,3.8843,1,1
26.08.2021 00:14:01.539,3.88747,3.88424,1,1
26.08.2021 00:14:03.869,3.88746,3.88425,1,1
26.08.2021 00:14:29.920,3.88746,3.88425,1,1
26.08.2021 00:14:32.869,3.88747,3.88424,1,1
26.08.2021 00:14:55.167,3.88749,3.88431,1,1
26.08.2021 00:14:58.429,3.88749,3.88431,1,1
26.08.2021 00:15:02.694,3.88749,3.88431,1,1
26.08.2021 00:15:06.837,3.88749,3.88431,1,1
26.08.2021 00:15:32.356,3.88749,3.88431,1,1
26.08.2021 00:15:32.533,3.88749,3.88431,1,1
26.08.2021 00:15:32.760,3.88749,3.88431,1,1
26.08.2021 00:15:35.303,3.88749,3.88431,1,1
26.08.2021 00:16:08.317,3.8874300000000006,3.88427,1,1
26.08.2021 00:16:16.522,3.8873,3.88412,1,1
26.08.2021 00:16:38.160,3.8873,3.88412,1,1
26.08.2021 00:16:39.029,3.8873,3.88412,1,1
26.08.2021 00:17:31.904,3.8874500000000003,3.88427,1,1
26.08.2021 00:17:32.255,3.8876000000000004,3.88442,1,1
26.08.2021 00:17:39.622,3.8875900000000003,3.8844300000000005,1,1
26.08.2021 00:17:39.923,3.8876000000000004,3.88442,1,1
26.08.2021 00:17:39.973,3.8875900000000003,3.8844300000000005,1,1
26.08.2021 00:17:45.370,3.8874500000000003,3.88427,1,1
26.08.2021 00:17:49.023,3.8875900000000003,3.8844300000000005,1,1
26.08.2021 00:18:04.800,3.8876000000000004,3.88442,1,1
26.08.2021 00:18:08.335,3.8876000000000004,3.88442,1,1
26.08.2021 00:18:21.592,3.88775,3.88457,1,1
26.08.2021 00:18:21.748,3.88775,3.88457,1,1
26.08.2021 00:18:22.373,3.8877400000000004,3.8845800000000006,1,1
26.08.2021 00:18:23.070,3.88775,3.88457,1,1
26.08.2021 00:18:25.394,3.88775,3.88457,1,1
26.08.2021 00:18:31.522,3.88775,3.88457,1,1
26.08.2021 00:18:37.062,3.8876800000000005,3.88471,1.5,1
26.08.2021 00:18:53.922,3.8878800000000004,3.88485,1.5,1
26.08.2021 00:18:54.086,3.8878800000000004,3.88485,1.5,1
26.08.2021 00:18:55.486,3.8878800000000004,3.88485,1.5,1
26.08.2021 00:18:59.620,3.88787,3.88486,1.5,1
26.08.2021 00:18:59.777,3.8878800000000004,3.88485,1.5,1
26.08.2021 00:19:15.719,3.8878800000000004,3.88485,1.5,1
26.08.2021 00:19:43.435,3.88761,3.8845500000000004,1,1
26.08.2021 00:19:43.659,3.8876000000000004,3.88456,1.5,1
26.08.2021 00:19:43.718,3.88761,3.8845500000000004,1.5,1
26.08.2021 00:19:47.065,3.88761,3.8845500000000004,1.5,1
26.08.2021 00:19:47.266,3.8876000000000004,3.88456,1.5,1
26.08.2021 00:19:49.800,3.88761,3.8845500000000004,1.5,1
26.08.2021 00:19:59.278,3.88761,3.8845500000000004,1.5,1
26.08.2021 00:20:00.668,3.88761,3.8847,1,1
26.08.2021 00:20:00.956,3.88761,3.8847,1,1
26.08.2021 00:20:03.522,3.88761,3.8847,1.5,1
26.08.2021 00:20:09.272,3.88761,3.8847,1.5,1
26.08.2021 00:20:09.410,3.8876000000000004,3.88471,1.5,1
26.08.2021 00:20:10.389,3.88761,3.8847,1,1
26.08.2021 00:20:13.196,3.88761,3.8847,1,1
26.08.2021 00:20:18.271,3.88761,3.8847,1.5,1
26.08.2021 00:20:22.427,3.88781,3.8849,1,1
26.08.2021 00:20:26.374,3.8880300000000005,3.8850300000000004,1.5,1
26.08.2021 00:20:26.513,3.88804,3.88502,1,1
26.08.2021 00:20:26.714,3.8880300000000005,3.8850300000000004,1.5,1
26.08.2021 00:20:27.860,3.88804,3.88502,1,1
26.08.2021 00:20:28.063,3.88804,3.88516,1,1
26.08.2021 00:20:30.694,3.8880300000000005,3.88517,1.5,1
26.08.2021 00:20:35.313,3.88804,3.88516,1,1
26.08.2021 00:20:35.530,3.88827,3.88516,1.5,1
26.08.2021 00:20:35.717,3.88827,3.88516,1.5,1
26.08.2021 00:20:40.722,3.88827,3.8852400000000005,1.5,1
26.08.2021 00:20:51.796,3.88827,3.8850900000000004,1.62,1
26.08.2021 00:21:01.763,3.8880300000000005,3.8851,1.5,1
26.08.2021 00:21:03.934,3.88804,3.8849400000000003,1.5,1
26.08.2021 00:21:04.135,3.88804,3.8849400000000003,1.5,1
26.08.2021 00:21:16.423,3.88804,3.8849400000000003,1.5,1
26.08.2021 00:21:16.625,3.88804,3.8849400000000003,1.5,1
26.08.2021 00:21:17.587,3.88804,3.8849400000000003,1.5,1
26.08.2021 00:22:06.240,3.88786,3.8849400000000003,1,1
26.08.2021 00:22:06.414,3.88786,3.88507,1,1
26.08.2021 00:22:08.466,3.88804,3.88507,1.5,1
26.08.2021 00:22:16.125,3.88804,3.88507,1,1
26.08.2021 00:22:24.801,3.8881300000000003,3.88507,1.5,1
26.08.2021 00:22:27.741,3.88812,3.8852400000000005,1,1
26.08.2021 00:22:28.298,3.88812,3.8852400000000005,1.5,1
26.08.2021 00:22:28.701,3.8881300000000003,3.8852300000000004,1.5,1
26.08.2021 00:22:30.236,3.8881300000000003,3.8850800000000003,1.5,1
26.08.2021 00:22:30.437,3.8881300000000003,3.8850800000000003,1.5,1
26.08.2021 00:22:33.116,3.8881300000000003,3.8850800000000003,1.5,1
26.08.2021 00:22:43.997,3.8881300000000003,3.8850800000000003,1.5,1
26.08.2021 00:22:50.032,3.88812,3.8850900000000004,1.5,1
26.08.2021 00:22:55.731,3.8881300000000003,3.8850800000000003,1.5,1
26.08.2021 00:23:02.165,3.88807,3.8850800000000003,1.5,1
26.08.2021 00:23:02.366,3.88806,3.8850900000000004,1.5,1
26.08.2021 00:23:22.523,3.88806,3.8850800000000003,1.5,1
26.08.2021 00:23:24.218,3.8880500000000002,3.8850900000000004,1.5,1
26.08.2021 00:23:24.430,3.88821,3.8852300000000004,1,1
26.08.2021 00:23:24.531,3.88821,3.8852300000000004,1.5,1
26.08.2021 00:23:47.416,3.88821,3.8852300000000004,1.5,1
26.08.2021 00:23:47.616,3.88821,3.8852300000000004,1.5,1
26.08.2021 00:23:51.942,3.8882000000000003,3.8852400000000005,1.5,1
26.08.2021 00:24:03.819,3.8882000000000003,3.8852400000000005,1.5,1
26.08.2021 00:24:04.019,3.8882000000000003,3.8852400000000005,1.5,1
26.08.2021 00:24:04.417,3.88821,3.8852300000000004,1.5,1
26.08.2021 00:24:05.075,3.88804,3.88507,1.5,1
26.08.2021 00:24:05.679,3.8880500000000002,3.88506,1.5,1
26.08.2021 00:24:06.205,3.8879800000000007,3.88506,1.5,1
26.08.2021 00:24:09.720,3.8879699999999997,3.88507,1.5,1
26.08.2021 00:24:10.123,3.8879800000000007,3.88506,1.5,1
26.08.2021 00:24:10.305,3.8879699999999997,3.88507,1.5,1
26.08.2021 00:24:13.628,3.8879699999999997,3.88507,1.5,1
26.08.2021 00:24:24.396,3.8879800000000007,3.88506,1.5,1
26.08.2021 00:25:09.024,3.8879699999999997,3.8851,1,1
26.08.2021 00:25:20.068,3.8879699999999997,3.8851,1.5,1
26.08.2021 00:25:23.225,3.8879699999999997,3.8851,1.5,1
26.08.2021 00:25:47.787,3.88795,3.8849400000000003,1.12,1
26.08.2021 00:25:47.988,3.88795,3.8849400000000003,1.12,1
26.08.2021 00:25:50.492,3.8881900000000003,3.8850900000000004,1.5,1
26.08.2021 00:25:50.675,3.8881900000000003,3.8852400000000005,1.5,1
26.08.2021 00:26:32.022,3.8881900000000003,3.8852400000000005,1.5,1
26.08.2021 00:26:32.233,3.8881800000000006,3.88511,1.5,1
26.08.2021 00:26:38.842,3.8881800000000006,3.88511,1.5,1
26.08.2021 00:26:39.460,3.8881800000000006,3.8853500000000003,1,1
26.08.2021 00:26:39.510,3.8883800000000006,3.88536,1.5,1
26.08.2021 00:26:39.833,3.88861,3.88552,1.5,1
26.08.2021 00:26:40.169,3.88862,3.88551,1.5,1
26.08.2021 00:26:50.715,3.88845,3.88551,1.5,1
26.08.2021 00:26:59.771,3.88845,3.88551,1.12,1
26.08.2021 00:27:10.572,3.88844,3.88552,1.5,1
26.08.2021 00:27:13.407,3.88844,3.88552,1.12,1
26.08.2021 00:27:35.063,3.88845,3.88551,1.12,1
26.08.2021 00:27:35.265,3.88845,3.88551,1.12,1
26.08.2021 00:27:37.176,3.88845,3.88551,1.5,1
26.08.2021 00:27:37.666,3.88845,3.8853800000000005,1.5,1
26.08.2021 00:27:37.835,3.88845,3.8853800000000005,1.5,1
26.08.2021 00:27:41.252,3.88845,3.8853800000000005,1.5,1
26.08.2021 00:27:41.455,3.88844,3.88539,1.5,1
26.08.2021 00:27:58.152,3.88844,3.88539,1.5,1
26.08.2021 00:27:59.969,3.88845,3.8853800000000005,1.5,1
26.08.2021 00:28:21.929,3.8882900000000005,3.8853800000000005,1.5,1
26.08.2021 00:28:45.870,3.8882900000000005,3.8854,1.5,1
26.08.2021 00:28:52.507,3.8882800000000004,3.8852400000000005,1.5,1
26.08.2021 00:29:05.059,3.8882900000000005,3.8852300000000004,1.5,1
26.08.2021 00:29:05.524,3.8882900000000005,3.8852300000000004,1.5,1
26.08.2021 00:29:16.002,3.88822,3.88506,1,1
26.08.2021 00:29:31.748,3.8880500000000002,3.8849199999999997,1.5,1
26.08.2021 00:29:31.926,3.8880500000000002,3.8849199999999997,1.5,1
26.08.2021 00:29:32.327,3.8880500000000002,3.8849199999999997,1.5,1
26.08.2021 00:29:51.144,3.8880500000000002,3.8849199999999997,1.5,1
26.08.2021 00:29:53.224,3.88804,3.8849300000000007,1.5,1
26.08.2021 00:29:53.703,3.8880500000000002,3.8849199999999997,1.5,1
26.08.2021 00:29:57.047,3.88804,3.8850800000000003,1.5,1
26.08.2021 00:31:45.426,3.8880500000000002,3.8851,1.5,1
26.08.2021 00:31:53.524,3.88804,3.88511,1.5,1
26.08.2021 00:32:32.495,3.8880500000000002,3.8850300000000004,1.5,1
26.08.2021 00:32:36.524,3.88804,3.8850400000000005,1.5,1
26.08.2021 00:32:59.000,3.8880500000000002,3.8850800000000003,1.5,1
26.08.2021 00:33:19.025,3.88804,3.8849400000000003,1.5,1
26.08.2021 00:33:22.363,3.8878300000000006,3.8849300000000007,1,1
26.08.2021 00:33:24.902,3.88782,3.8849400000000003,1,1
26.08.2021 00:33:50.226,3.8878300000000006,3.8849300000000007,1.5,1
26.08.2021 00:33:54.526,3.8878300000000006,3.8849300000000007,1,1
26.08.2021 00:34:25.182,3.88806,3.8850000000000002,1.5,1
26.08.2021 00:34:25.239,3.8880500000000002,3.88501,1.5,1
26.08.2021 00:34:34.362,3.88806,3.8851400000000003,1.5,1
26.08.2021 00:34:35.946,3.8880500000000002,3.8851500000000003,1.5,1
26.08.2021 00:34:59.728,3.88806,3.8851400000000003,1.5,1
26.08.2021 00:35:04.747,3.88806,3.8851400000000003,1.5,1
26.08.2021 00:35:20.804,3.8881,3.8850300000000004,1,1
26.08.2021 00:35:28.658,3.8881,3.8850300000000004,1,1
26.08.2021 00:35:33.175,3.88811,3.88502,1,1
26.08.2021 00:35:36.030,3.8881,3.8850300000000004,1,1
26.08.2021 00:35:52.387,3.88807,3.88502,1.5,1
26.08.2021 00:36:03.475,3.88806,3.8850300000000004,1.5,1
26.08.2021 00:36:06.105,3.88804,3.88491,1,1
26.08.2021 00:36:29.316,3.88804,3.88491,1,1
26.08.2021 00:36:38.669,3.88804,3.88491,1,1
26.08.2021 00:36:42.924,3.88776,3.88491,1,1
26.08.2021 00:36:42.974,3.88776,3.8849300000000007,1.5,1
26.08.2021 00:36:43.136,3.88775,3.8849400000000003,1.5,1
26.08.2021 00:36:45.587,3.88775,3.88496,1.5,1
26.08.2021 00:36:45.673,3.88776,3.8849300000000007,1.5,1
26.08.2021 00:36:45.788,3.88776,3.8849300000000007,1,1
26.08.2021 00:36:51.511,3.88776,3.8849300000000007,1,1
26.08.2021 00:37:06.232,3.8880500000000002,3.8850900000000004,1.5,1
26.08.2021 00:37:50.355,3.8881300000000003,3.8850900000000004,1.5,1
26.08.2021 00:38:03.024,3.88812,3.8851,1.5,1
26.08.2021 00:38:10.211,3.8881300000000003,3.8851,1.5,1
26.08.2021 00:38:30.844,3.8881300000000003,3.8851,1.5,1
26.08.2021 00:38:31.090,3.88812,3.8852,1.5,1
26.08.2021 00:39:15.724,3.8881300000000003,3.8852400000000005,1,1
26.08.2021 00:39:15.832,3.88831,3.88525,1,1
26.08.2021 00:39:15.933,3.8883300000000003,3.8854,1.5,1
26.08.2021 00:39:19.309,3.8883199999999998,3.8854100000000003,1.5,1
26.08.2021 00:39:23.975,3.8883300000000003,3.8854,1.5,1
26.08.2021 00:39:40.080,3.8883199999999998,3.88526,1.5,1
26.08.2021 00:40:34.567,3.8883300000000003,3.88525,1.5,1
26.08.2021 00:41:13.812,3.8883300000000003,3.88537,1.5,1
26.08.2021 00:41:14.214,3.8883300000000003,3.88537,1.5,1
26.08.2021 00:43:16.375,3.8883300000000003,3.88525,1.5,1
26.08.2021 00:43:38.145,3.8882800000000004,3.8851500000000003,1,1
26.08.2021 00:43:38.805,3.8882800000000004,3.8851500000000003,1,1
26.08.2021 00:43:39.552,3.8882800000000004,3.8851500000000003,1,1
26.08.2021 00:43:39.752,3.88816,3.88516,1.5,1
26.08.2021 00:43:40.538,3.8881699999999997,3.8851500000000003,1.5,1
26.08.2021 00:44:40.527,3.8881699999999997,3.88517,1.5,1
26.08.2021 00:44:42.225,3.88816,3.8851800000000005,1.5,1
26.08.2021 00:44:47.525,3.88816,3.8851800000000005,1.5,1
26.08.2021 00:44:49.223,3.8881699999999997,3.88517,1.5,1
26.08.2021 00:44:58.713,3.8881699999999997,3.88517,1.5,1
26.08.2021 00:45:01.818,3.8881699999999997,3.88517,1.5,1
26.08.2021 00:45:03.196,3.8881699999999997,3.88517,1.5,1
26.08.2021 00:45:21.723,3.8881699999999997,3.88516,1.5,1
26.08.2021 00:45:21.923,3.8881699999999997,3.88516,1.5,1
26.08.2021 00:45:29.104,3.8879800000000007,3.88516,1,1
26.08.2021 00:45:29.387,3.88821,3.88516,1.5,1
26.08.2021 00:45:31.758,3.8880500000000002,3.8849300000000007,1.5,1
26.08.2021 00:45:47.801,3.88795,3.8849400000000003,1.5,1
26.08.2021 00:45:50.014,3.88795,3.8849400000000003,1.12,1
26.08.2021 00:45:53.426,3.88795,3.8849400000000003,1.5,1
26.08.2021 00:47:03.405,3.88795,3.8849800000000005,1.12,1
26.08.2021 00:47:03.835,3.88795,3.8850000000000002,1,1
26.08.2021 00:48:20.592,3.88795,3.88516,1.12,1
26.08.2021 00:48:20.793,3.88795,3.88516,1,1
26.08.2021 00:48:38.471,3.8879400000000004,3.88499,1.62,1
26.08.2021 00:49:55.497,3.8879400000000004,3.88497,1.5,1
26.08.2021 00:50:36.664,3.88795,3.8848800000000003,1.5,1
26.08.2021 00:50:36.866,3.8879400000000004,3.88486,1.5,1
26.08.2021 00:50:41.727,3.88776,3.8847400000000003,1,1
26.08.2021 00:50:44.227,3.88776,3.8847400000000003,1,1
26.08.2021 00:51:24.184,3.88776,3.8847400000000003,1,1
26.08.2021 00:51:24.385,3.88762,3.8845800000000006,1,1
26.08.2021 00:51:32.526,3.88752,3.8845800000000006,1.5,1
26.08.2021 00:51:33.487,3.88747,3.8844300000000005,1,1
26.08.2021 00:51:33.667,3.88752,3.8845500000000004,1.5,1
26.08.2021 00:51:34.995,3.88752,3.8845500000000004,1.5,1
26.08.2021 00:52:05.029,3.8876900000000005,3.8845500000000004,1,1
26.08.2021 00:52:05.205,3.88735,3.8842900000000005,1,1
26.08.2021 00:52:05.432,3.88727,3.8842900000000005,1,1
26.08.2021 00:52:06.420,3.88741,3.8842800000000004,1,1
26.08.2021 00:52:46.153,3.8874,3.8842900000000005,1,1
26.08.2021 00:52:46.335,3.88741,3.8842800000000004,1,1
26.08.2021 00:52:50.611,3.8874,3.8842900000000005,1,1
26.08.2021 00:52:52.396,3.88741,3.8842800000000004,1,1
26.08.2021 00:53:04.296,3.88741,3.8842800000000004,1,1
26.08.2021 00:53:09.498,3.8873800000000003,3.88427,1,1
26.08.2021 00:53:17.218,3.8873900000000003,3.88426,1,1
26.08.2021 00:53:17.415,3.8873900000000003,3.88426,1,1
26.08.2021 00:53:30.367,3.88742,3.88441,1,1
26.08.2021 00:53:33.996,3.8875400000000004,3.88441,1,1
26.08.2021 00:53:36.509,3.8875400000000004,3.88441,1,1
26.08.2021 00:53:36.711,3.8875300000000004,3.88442,1,1
26.08.2021 00:53:37.774,3.8875300000000004,3.88442,1,1
26.08.2021 00:53:40.449,3.8875400000000004,3.88441,1,1
26.08.2021 00:54:03.929,3.8874300000000006,3.88442,1,1
26.08.2021 00:54:04.131,3.8875400000000004,3.88441,1,1
26.08.2021 00:54:05.707,3.88772,3.88451,1,1
26.08.2021 00:54:07.047,3.88771,3.8845199999999998,1,1
26.08.2021 00:54:08.087,3.88786,3.8846600000000002,1,1
26.08.2021 00:54:25.973,3.88825,3.88445,1,1.62
26.08.2021 00:54:26.026,3.88831,3.8844600000000002,1.5,1.12
26.08.2021 00:54:26.180,3.88831,3.88415,1.5,1.5
26.08.2021 00:54:34.356,3.88841,3.8841,1,1.5
26.08.2021 00:54:36.767,3.88842,3.8840900000000005,1,1.5
26.08.2021 00:54:37.736,3.88841,3.8841,1,1.5
26.08.2021 00:54:39.613,3.88842,3.8840900000000005,1,1.5
26.08.2021 00:54:39.812,3.88842,3.8840900000000005,1,1.5
26.08.2021 00:54:40.613,3.88842,3.8840900000000005,1,1.5
26.08.2021 00:54:40.819,3.88842,3.8840900000000005,1,1.5
26.08.2021 00:54:41.437,3.88842,3.8840900000000005,1,1.5
26.08.2021 00:54:43.450,3.88841,3.8841,1,1.5
26.08.2021 00:54:44.728,3.88842,3.88426,1,1.5
26.08.2021 00:54:45.381,3.88841,3.88427,1,1.5
26.08.2021 00:54:49.761,3.88842,3.88426,1,1.5
26.08.2021 00:54:49.814,3.88842,3.88426,1,1.5
26.08.2021 00:54:50.719,3.8884900000000004,3.88426,1.5,1.5
26.08.2021 00:54:51.103,3.8886300000000005,3.88426,1,1.5
26.08.2021 00:54:51.253,3.8886300000000005,3.88426,1,1.5
26.08.2021 00:54:52.002,3.88862,3.88422,1,1.5
26.08.2021 00:54:52.547,3.88862,3.88422,1,1.5
26.08.2021 00:54:55.042,3.8886300000000005,3.88441,1,1.5
26.08.2021 00:54:55.245,3.88862,3.88442,1,1.5
26.08.2021 00:54:55.595,3.8886300000000005,3.88441,1,1.5
26.08.2021 00:54:55.794,3.8886300000000005,3.88441,1,1.5
26.08.2021 00:54:56.126,3.88862,3.88442,1,1.5
26.08.2021 00:54:58.087,3.8886300000000005,3.88441,1,1.5
26.08.2021 00:54:59.293,3.8886300000000005,3.88441,1,1.5
26.08.2021 00:54:59.512,3.8886300000000005,3.88441,1,1.5
26.08.2021 00:55:00.496,3.8888400000000005,3.88442,1,1.5
26.08.2021 00:55:00.658,3.88876,3.88441,1.5,1.5
26.08.2021 00:55:00.861,3.88885,3.88441,1,1.5
26.08.2021 00:55:05.526,3.8888400000000005,3.88442,1,1.5
26.08.2021 00:55:08.575,3.8888400000000005,3.88442,1,1.5
26.08.2021 00:55:11.168,3.88806,3.8849300000000007,1,1
26.08.2021 00:55:11.370,3.88824,3.8851500000000003,1,1
26.08.2021 00:55:13.732,3.88811,3.8849800000000005,1,1
26.08.2021 00:55:13.934,3.8881,3.88499,1,1
26.08.2021 00:55:19.832,3.88811,3.8849800000000005,1,1
26.08.2021 00:55:22.742,3.88811,3.8849800000000005,1,1
26.08.2021 00:55:25.245,3.88811,3.8849800000000005,1,1
26.08.2021 00:55:27.493,3.88801,3.88485,1,1
26.08.2021 00:55:27.695,3.88802,3.8848400000000005,1,1
26.08.2021 00:55:28.611,3.88802,3.8848400000000005,1,1
26.08.2021 00:55:54.671,3.88787,3.88471,1,1
26.08.2021 00:56:06.480,3.8878800000000004,3.8847,1,1
26.08.2021 00:56:06.932,3.88787,3.88471,1,1
26.08.2021 00:56:18.719,3.8878800000000004,3.8847,1,1
26.08.2021 00:56:30.431,3.8878800000000004,3.8847,1,1
26.08.2021 00:56:32.172,3.8878800000000004,3.8847,1,1
26.08.2021 00:56:44.689,3.8878800000000004,3.8847,1,1
26.08.2021 00:56:59.262,3.8879900000000003,3.88481,1,1
26.08.2021 00:56:59.454,3.8879800000000007,3.88482,1,1
26.08.2021 00:57:03.525,3.88826,3.8851300000000006,1,1
26.08.2021 00:57:06.052,3.88826,3.8851300000000006,1,1
26.08.2021 00:57:13.140,3.88825,3.8851400000000003,1,1
26.08.2021 00:57:21.059,3.88826,3.8851300000000006,1,1
26.08.2021 00:57:29.654,3.88826,3.8851300000000006,1,1
26.08.2021 00:57:55.527,3.88825,3.8851400000000003,1,1
26.08.2021 00:58:01.244,3.88826,3.8851300000000006,1,1
26.08.2021 00:58:21.468,3.88825,3.88511,1,1
26.08.2021 00:58:46.199,3.88824,3.8851199999999997,1,1
26.08.2021 00:58:47.955,3.88824,3.8851199999999997,1,1
26.08.2021 00:58:55.145,3.88825,3.88511,1,1
26.08.2021 00:59:00.028,3.88825,3.88511,1,1
26.08.2021 00:59:00.633,3.8880900000000005,3.88505,1,1
26.08.2021 00:59:00.829,3.8881,3.8850400000000005,1,1
26.08.2021 00:59:01.256,3.8881,3.8850400000000005,1,1
26.08.2021 00:59:03.077,3.8881,3.8850400000000005,1,1
26.08.2021 00:59:28.536,3.8881,3.88496,1,1
26.08.2021 01:00:01.745,3.88812,3.88499,1,1
26.08.2021 01:00:02.147,3.88826,3.8851500000000003,1,1
26.08.2021 01:00:02.349,3.88827,3.8851400000000003,1,1
26.08.2021 01:00:04.959,3.88827,3.8851400000000003,1,1
26.08.2021 01:00:10.651,3.88826,3.8851500000000003,1,1
26.08.2021 01:00:17.528,3.88826,3.8851500000000003,1,1
26.08.2021 01:00:17.828,3.88827,3.8851400000000003,1,1
26.08.2021 01:00:18.805,3.88826,3.8851500000000003,1,1
26.08.2021 01:00:23.536,3.88827,3.8851400000000003,1,1
26.08.2021 01:00:23.738,3.88827,3.8851400000000003,1,1
26.08.2021 01:00:38.551,3.88826,3.8851500000000003,1,1
26.08.2021 01:00:39.191,3.88827,3.8851400000000003,1,1
26.08.2021 01:00:43.650,3.88827,3.8851400000000003,1,1
26.08.2021 01:00:43.810,3.88842,3.8852900000000004,1,1
26.08.2021 01:01:10.997,3.88842,3.8852900000000004,1,1
26.08.2021 01:01:20.812,3.88841,3.8853,1,1
26.08.2021 01:01:38.544,3.88841,3.8853,1,1
26.08.2021 01:01:38.892,3.88856,3.8854300000000004,1,1
26.08.2021 01:01:39.092,3.8885500000000004,3.8854400000000004,1,1
26.08.2021 01:01:41.950,3.88856,3.8854300000000004,1,1
26.08.2021 01:01:52.952,3.8887,3.88557,1,1
26.08.2021 01:01:55.580,3.8887,3.88557,1,1
26.08.2021 01:02:06.257,3.8886900000000004,3.8855800000000005,1,1
26.08.2021 01:02:06.308,3.8887,3.88557,1,1
26.08.2021 01:02:06.899,3.8887,3.88557,1,1
26.08.2021 01:02:07.097,3.8886900000000004,3.8855800000000005,1,1
26.08.2021 01:02:07.178,3.8887,3.88557,1,1
26.08.2021 01:02:07.847,3.8887,3.88557,1,1
26.08.2021 01:02:08.749,3.8885500000000004,3.88542,1,1
26.08.2021 01:02:08.863,3.8885400000000003,3.8854300000000004,1,1
26.08.2021 01:02:26.277,3.8883800000000006,3.88527,1,1
26.08.2021 01:02:46.154,3.8883900000000002,3.88526,1,1
26.08.2021 01:03:05.757,3.88824,3.8851199999999997,1,1
26.08.2021 01:03:14.369,3.88824,3.88511,1,1
26.08.2021 01:03:19.271,3.8883800000000006,3.88527,1,1
26.08.2021 01:03:26.536,3.8883900000000002,3.88526,1,1
26.08.2021 01:03:30.516,3.8885199999999998,3.8854100000000003,1,1
26.08.2021 01:03:34.027,3.8885300000000003,3.8854,1,1
26.08.2021 01:03:50.038,3.8885300000000003,3.8854,1,1
26.08.2021 01:03:50.147,3.88867,3.88554,1,1
26.08.2021 01:03:50.308,3.8886600000000002,3.8855500000000003,1,1
26.08.2021 01:03:54.051,3.8886600000000002,3.8855500000000003,1,1
26.08.2021 01:04:06.727,3.8885199999999998,3.88539,1,1
26.08.2021 01:04:24.940,3.8885199999999998,3.88539,1,1
26.08.2021 01:04:25.323,3.8885199999999998,3.88539,1,1
26.08.2021 01:04:29.156,3.8885199999999998,3.88539,1,1
26.08.2021 01:04:33.529,3.8885199999999998,3.88539,1,1
26.08.2021 01:05:20.748,3.88851,3.8854,1,1
26.08.2021 01:05:23.436,3.88851,3.8854,1,1
26.08.2021 01:05:51.531,3.88851,3.8853800000000005,1,1
26.08.2021 01:05:52.934,3.88851,3.8853800000000005,1,1
26.08.2021 01:06:27.806,3.8884800000000004,3.88536,1,1
26.08.2021 01:06:34.029,3.8884800000000004,3.88536,1,1
26.08.2021 01:07:22.459,3.88862,3.8854800000000003,1,1
26.08.2021 01:07:22.689,3.88876,3.8856400000000004,1,1
26.08.2021 01:07:31.563,3.88877,3.8856300000000004,1,1
26.08.2021 01:07:32.783,3.88891,3.88577,1,1
26.08.2021 01:07:32.939,3.88906,3.88592,1,1
26.08.2021 01:07:34.732,3.8890300000000004,3.8859300000000006,1,1
26.08.2021 01:07:34.931,3.88906,3.8858699999999997,1,1.62
26.08.2021 01:07:35.513,3.88906,3.8859500000000002,1,1
26.08.2021 01:07:35.702,3.88906,3.8859500000000002,1,1
26.08.2021 01:07:35.903,3.88906,3.8859500000000002,1,1
26.08.2021 01:07:37.168,3.88906,3.8859500000000002,1,1
26.08.2021 01:07:40.195,3.88906,3.8859500000000002,1,1
26.08.2021 01:07:43.389,3.88906,3.8859500000000002,1,1
26.08.2021 01:07:59.029,3.88906,3.8859500000000002,1,1
26.08.2021 01:08:00.875,3.88906,3.8859500000000002,1,1
26.08.2021 01:08:01.066,3.8889199999999997,3.8858699999999997,1,1.5
26.08.2021 01:08:31.523,3.88905,3.88596,1,1
26.08.2021 01:08:55.597,3.88906,3.8859500000000002,1,1
26.08.2021 01:08:59.163,3.88877,3.8859500000000002,1,1
26.08.2021 01:08:59.319,3.88876,3.88586,1,1
26.08.2021 01:09:05.436,3.88877,3.8859500000000002,1,1
26.08.2021 01:09:05.812,3.88876,3.88596,1,1
26.08.2021 01:09:10.658,3.88891,3.8859500000000002,1,1
26.08.2021 01:09:12.585,3.88891,3.8859500000000002,1,1
26.08.2021 01:09:44.539,3.8890800000000003,3.8861000000000003,1,1
26.08.2021 01:09:57.929,3.8890800000000003,3.8861000000000003,1,1
26.08.2021 01:09:58.128,3.8890800000000003,3.8862400000000004,1,1
26.08.2021 01:09:59.699,3.8892900000000004,3.88625,1,1
26.08.2021 01:10:00.230,3.88911,3.8862400000000004,1,1
26.08.2021 01:10:00.331,3.88896,3.8860900000000003,1,1
26.08.2021 01:10:03.174,3.88896,3.88605,1,1
26.08.2021 01:10:16.719,3.88896,3.8860900000000003,1,1
26.08.2021 01:10:24.762,3.8892300000000004,3.8861000000000003,1,1
26.08.2021 01:10:42.149,3.8892300000000004,3.8861000000000003,1,1
26.08.2021 01:10:42.351,3.8888900000000004,3.8859500000000002,1,1
26.08.2021 01:10:46.018,3.8889,3.88594,1,1
26.08.2021 01:10:46.220,3.8889,3.88585,1,1
26.08.2021 01:10:49.529,3.8889,3.88585,1,1
26.08.2021 01:11:00.153,3.8887400000000003,3.8859500000000002,1,1
26.08.2021 01:11:11.936,3.8887400000000003,3.88586,1,1
26.08.2021 01:11:15.556,3.8887500000000004,3.8858,1,1
26.08.2021 01:11:17.593,3.8887500000000004,3.8858,1,1
26.08.2021 01:11:32.469,3.8887500000000004,3.88562,1,1
26.08.2021 01:11:38.001,3.88871,3.8856400000000004,1.5,1
26.08.2021 01:11:42.849,3.8887,3.88565,1.5,1
26.08.2021 01:12:08.069,3.88824,3.8856400000000004,1,1
26.08.2021 01:12:19.978,3.88824,3.8856400000000004,1,1
26.08.2021 01:12:20.174,3.88824,3.8856400000000004,1,1
26.08.2021 01:12:21.317,3.8887800000000006,3.8857800000000005,1.5,1
26.08.2021 01:12:21.469,3.88879,3.88577,1.5,1
26.08.2021 01:12:24.873,3.88879,3.88577,1.5,1
26.08.2021 01:12:31.970,3.88879,3.88577,1.5,1
26.08.2021 01:12:33.443,3.8887800000000006,3.88591,1.5,1
26.08.2021 01:12:37.442,3.8884900000000004,3.8856800000000007,1,1
26.08.2021 01:12:49.355,3.8884800000000004,3.8856900000000003,1,1
26.08.2021 01:12:57.531,3.8884800000000004,3.8856900000000003,1,1
26.08.2021 01:12:59.993,3.8884900000000004,3.8856800000000007,1,1
26.08.2021 01:13:04.531,3.8884900000000004,3.8856800000000007,1.5,1
26.08.2021 01:13:11.384,3.8884900000000004,3.88565,1,1
26.08.2021 01:13:11.569,3.88876,3.88571,1.5,1
26.08.2021 01:13:15.542,3.8887500000000004,3.88572,1.5,1
26.08.2021 01:13:22.749,3.88876,3.88571,1.5,1
26.08.2021 01:13:28.288,3.88876,3.8858,1.5,1
26.08.2021 01:13:58.582,3.8887500000000004,3.88572,1.5,1
26.08.2021 01:14:01.310,3.8887500000000004,3.88572,1.5,1
26.08.2021 01:14:01.361,3.88876,3.88571,1.5,1
26.08.2021 01:14:02.031,3.8887500000000004,3.88572,1.5,1
26.08.2021 01:14:03.877,3.88876,3.88571,1.5,1
26.08.2021 01:14:06.527,3.8884900000000004,3.88556,1.5,1
26.08.2021 01:14:15.250,3.8884900000000004,3.88556,1.5,1
26.08.2021 01:14:28.625,3.8884900000000004,3.88551,1.5,1
26.08.2021 01:14:29.008,3.8884800000000004,3.8855900000000005,1,1
26.08.2021 01:14:29.530,3.8884800000000004,3.8855900000000005,1.5,1
26.08.2021 01:14:37.231,3.88877,3.88566,1,1
26.08.2021 01:14:43.764,3.8887800000000006,3.88565,1,1
26.08.2021 01:14:51.076,3.8887800000000006,3.8857300000000006,1,1
26.08.2021 01:14:51.425,3.8887800000000006,3.8857300000000006,1,1
26.08.2021 01:14:51.626,3.88877,3.88574,1,1
26.08.2021 01:14:57.697,3.8887800000000006,3.8857300000000006,1,1
26.08.2021 01:15:00.906,3.8887800000000006,3.8857300000000006,1,1
26.08.2021 01:15:01.833,3.8889500000000004,3.8858800000000007,1,1
26.08.2021 01:15:35.607,3.8890800000000003,3.88597,1,1
26.08.2021 01:15:36.812,3.8889400000000003,3.8859500000000002,1,1
26.08.2021 01:15:37.006,3.8889500000000004,3.88582,1,1
26.08.2021 01:15:38.506,3.8889400000000003,3.8858300000000003,1,1
26.08.2021 01:15:44.222,3.8889400000000003,3.8858300000000003,1,1
26.08.2021 01:15:44.422,3.8889500000000004,3.88582,1,1
26.08.2021 01:15:45.611,3.8889500000000004,3.88582,1,1
26.08.2021 01:15:51.492,3.8889500000000004,3.88582,1,1
26.08.2021 01:16:01.267,3.8889500000000004,3.88582,1,1
26.08.2021 01:16:15.633,3.8889400000000003,3.8858300000000003,1,1
26.08.2021 01:16:21.577,3.8889500000000004,3.88582,1,1
26.08.2021 01:16:21.737,3.8889300000000007,3.88582,1,1
26.08.2021 01:16:23.530,3.8889300000000007,3.88582,1,1
26.08.2021 01:16:27.107,3.8889300000000007,3.88582,1,1
26.08.2021 01:16:27.308,3.8889300000000007,3.88582,1,1
26.08.2021 01:16:30.633,3.8889199999999997,3.8858300000000003,1,1
26.08.2021 01:16:38.421,3.8887800000000006,3.8856900000000003,1,1
26.08.2021 01:16:42.210,3.8887800000000006,3.8856900000000003,1,1
26.08.2021 01:16:42.411,3.88879,3.8856800000000007,1,1
26.08.2021 01:16:48.276,3.8886400000000005,3.8855500000000003,1,1
26.08.2021 01:16:50.234,3.8886400000000005,3.8855500000000003,1,1
26.08.2021 01:16:52.156,3.8886300000000005,3.88556,1,1
26.08.2021 01:17:25.970,3.88879,3.8856900000000003,1,1
26.08.2021 01:17:40.327,3.88881,3.8857000000000004,1,1
26.08.2021 01:17:41.963,3.88882,3.8856900000000003,1,1
26.08.2021 01:17:50.724,3.88882,3.8856900000000003,1,1
26.08.2021 01:18:12.868,3.88886,3.8857500000000003,1,1
26.08.2021 01:18:24.609,3.88887,3.88574,1,1
26.08.2021 01:18:29.150,3.88887,3.88574,1,1
26.08.2021 01:18:35.888,3.88886,3.8857500000000003,1,1
26.08.2021 01:18:45.082,3.88886,3.8857500000000003,1,1
26.08.2021 01:18:46.326,3.88886,3.8857500000000003,1,1
26.08.2021 01:18:53.479,3.88881,3.8856800000000007,1,1
26.08.2021 01:19:03.577,3.88881,3.8856800000000007,1,1
26.08.2021 01:19:21.107,3.88881,3.8856800000000007,1,1
26.08.2021 01:19:22.867,3.8888000000000003,3.8856900000000003,1,1
26.08.2021 01:19:52.923,3.88867,3.88554,1,1
26.08.2021 01:19:53.126,3.88867,3.88554,1,1
26.08.2021 01:19:53.329,3.8886600000000002,3.8855500000000003,1,1
26.08.2021 01:19:53.578,3.88867,3.88554,1,1
26.08.2021 01:20:23.955,3.8885199999999998,3.8853800000000005,1,1
26.08.2021 01:20:29.935,3.8886600000000002,3.8855300000000006,1,1
26.08.2021 01:20:36.869,3.8886600000000002,3.8855300000000006,1,1
26.08.2021 01:20:37.067,3.88882,3.8856800000000007,1,1
26.08.2021 01:21:00.770,3.88881,3.8856900000000003,1,1
26.08.2021 01:21:01.938,3.88882,3.8856800000000007,1,1
26.08.2021 01:21:13.292,3.88881,3.8856900000000003,1,1
26.08.2021 01:21:13.452,3.8889500000000004,3.8858400000000004,1,1
26.08.2021 01:21:14.327,3.88896,3.8858300000000003,1,1
26.08.2021 01:21:14.528,3.88896,3.8858300000000003,1,1
26.08.2021 01:21:30.271,3.8889500000000004,3.8858400000000004,1,1
26.08.2021 01:21:30.472,3.88896,3.8858300000000003,1,1
26.08.2021 01:21:35.531,3.88896,3.8858300000000003,1,1
26.08.2021 01:21:37.658,3.88896,3.8858300000000003,1,1
26.08.2021 01:21:41.175,3.8889500000000004,3.88582,1,1
26.08.2021 01:22:18.532,3.8889500000000004,3.88582,1,1
26.08.2021 01:22:35.777,3.8889400000000003,3.8858300000000003,1,1
26.08.2021 01:22:36.748,3.8889500000000004,3.88582,1,1
26.08.2021 01:22:46.541,3.88887,3.88574,1,1
26.08.2021 01:23:06.276,3.88887,3.88574,1,1
26.08.2021 01:23:16.204,3.8890300000000004,3.8859000000000004,1,1
26.08.2021 01:23:18.356,3.88902,3.88591,1,1
26.08.2021 01:23:22.031,3.8890300000000004,3.8859000000000004,1,1
26.08.2021 01:23:32.121,3.88902,3.88591,1,1
26.08.2021 01:23:34.086,3.8890300000000004,3.8859000000000004,1,1
26.08.2021 01:23:39.071,3.8888400000000005,3.88571,1,1
26.08.2021 01:23:43.404,3.8888400000000005,3.88571,1,1
26.08.2021 01:23:47.656,3.88917,3.8860400000000004,1,1
26.08.2021 01:23:53.876,3.88916,3.88605,1,1
26.08.2021 01:24:08.957,3.88916,3.88605,1,1
26.08.2021 01:24:14.128,3.88917,3.8860400000000004,1,1
26.08.2021 01:24:14.820,3.88917,3.8860400000000004,1,1
26.08.2021 01:24:44.451,3.88902,3.88591,1,1
26.08.2021 01:25:53.063,3.88887,3.88574,1,1
26.08.2021 01:26:00.227,3.88887,3.88574,1,1
26.08.2021 01:26:06.495,3.88887,3.88574,1,1
26.08.2021 01:26:06.822,3.88887,3.88574,1,1
26.08.2021 01:26:12.411,3.8887199999999997,3.8856100000000002,1,1
26.08.2021 01:26:37.382,3.8887199999999997,3.8856100000000002,1,1
26.08.2021 01:26:38.002,3.8887199999999997,3.8856100000000002,1,1
26.08.2021 01:26:38.201,3.8888800000000003,3.8857500000000003,1,1
26.08.2021 01:26:40.039,3.8890400000000005,3.8859000000000004,1,1
26.08.2021 01:26:41.014,3.8890400000000005,3.8859000000000004,1,1
26.08.2021 01:26:41.489,3.8890400000000005,3.8859000000000004,1,1
26.08.2021 01:26:43.575,3.8890400000000005,3.8859000000000004,1,1
26.08.2021 01:26:45.276,3.8890300000000004,3.88591,1,1
26.08.2021 01:26:46.359,3.8890400000000005,3.8859000000000004,1,1
26.08.2021 01:26:49.455,3.8890400000000005,3.8859000000000004,1,1
26.08.2021 01:28:34.264,3.8890900000000004,3.8859500000000002,1,1
26.08.2021 01:28:41.532,3.88906,3.8859300000000006,1,1
26.08.2021 01:28:51.603,3.88906,3.8859300000000006,1,1
26.08.2021 01:28:51.807,3.88906,3.8859300000000006,1,1
26.08.2021 01:29:03.240,3.8889,3.8857900000000005,1,1
26.08.2021 01:29:10.033,3.88891,3.8857800000000005,1,1
26.08.2021 01:29:10.233,3.88891,3.8857800000000005,1,1
26.08.2021 01:29:13.029,3.88877,3.8856100000000002,1,1
26.08.2021 01:29:18.732,3.88877,3.8856100000000002,1,1
26.08.2021 01:29:19.173,3.88877,3.8856100000000002,1,1
26.08.2021 01:30:00.599,3.8891800000000005,3.8854100000000003,1,1.5
26.08.2021 01:30:00.960,3.88919,3.8854,1,1.5
26.08.2021 01:30:42.533,3.8888800000000003,3.8857000000000004,1,1
26.08.2021 01:30:47.109,3.88887,3.88571,1,1
26.08.2021 01:30:47.685,3.8888800000000003,3.8857000000000004,1,1
26.08.2021 01:31:11.880,3.88885,3.8856800000000007,1,1
26.08.2021 01:31:25.737,3.88871,3.88552,1,1
26.08.2021 01:31:26.324,3.88871,3.88552,1,1
26.08.2021 01:31:29.018,3.88871,3.88552,1,1
26.08.2021 01:31:31.668,3.88911,3.8850800000000003,1,1.62
26.08.2021 01:31:39.844,3.8885400000000003,3.8853800000000005,1,1
26.08.2021 01:32:00.911,3.8885300000000003,3.88539,1,1
26.08.2021 01:32:11.040,3.8886900000000004,3.8855300000000006,1,1
26.08.2021 01:32:11.532,3.8886900000000004,3.8855300000000006,1,1
26.08.2021 01:32:12.023,3.8886800000000004,3.88554,1,1
26.08.2021 01:32:14.561,3.8886900000000004,3.8855300000000006,1,1
26.08.2021 01:32:20.806,3.8887500000000004,3.8858400000000004,1,1
26.08.2021 01:32:23.954,3.8887500000000004,3.8858400000000004,1,1
26.08.2021 01:32:24.154,3.8887300000000007,3.8858400000000004,1,1
26.08.2021 01:32:38.858,3.8887400000000003,3.88585,1,1
26.08.2021 01:32:38.908,3.8888900000000004,3.8858400000000004,1,1
26.08.2021 01:32:47.491,3.8888300000000005,3.88585,1.5,1
26.08.2021 01:32:52.276,3.8888400000000005,3.8856800000000007,1.5,1
26.08.2021 01:32:52.942,3.8888400000000005,3.8856800000000007,1,1
26.08.2021 01:32:53.401,3.8888400000000005,3.8856800000000007,1,1
26.08.2021 01:32:53.603,3.8888400000000005,3.8856800000000007,1,1
26.08.2021 01:32:54.589,3.8888400000000005,3.8856800000000007,1,1
26.08.2021 01:32:54.794,3.8888300000000005,3.8856900000000003,1,1
26.08.2021 01:32:55.862,3.8888400000000005,3.8856800000000007,1,1
26.08.2021 01:32:56.180,3.8888400000000005,3.8856800000000007,1,1
26.08.2021 01:33:10.482,3.8888400000000005,3.8856800000000007,1,1
26.08.2021 01:33:10.685,3.8888400000000005,3.8856800000000007,1,1
26.08.2021 01:33:49.616,3.8888400000000005,3.8856800000000007,1,1
26.08.2021 01:33:52.282,3.88887,3.8857300000000006,1,1
26.08.2021 01:33:52.687,3.88887,3.8857300000000006,1,1
26.08.2021 01:33:54.382,3.88887,3.8857300000000006,1,1
26.08.2021 01:34:05.359,3.88886,3.88574,1,1
26.08.2021 01:34:10.477,3.88871,3.8855800000000005,1,1
26.08.2021 01:34:14.207,3.88871,3.8855800000000005,1,1
26.08.2021 01:34:24.610,3.88857,3.8854100000000003,1,1
26.08.2021 01:34:25.138,3.88857,3.8854100000000003,1,1
26.08.2021 01:34:26.330,3.88856,3.88542,1,1
26.08.2021 01:34:28.967,3.88842,3.88542,1,1
26.08.2021 01:34:55.014,3.8884300000000005,3.8854100000000003,1,1
26.08.2021 01:34:57.392,3.8884300000000005,3.8854100000000003,1,1
26.08.2021 01:35:05.035,3.88842,3.88527,1,1
26.08.2021 01:35:19.366,3.88841,3.8852800000000003,1,1
26.08.2021 01:35:19.568,3.88841,3.8852800000000003,1,1
26.08.2021 01:36:23.032,3.8884600000000002,3.8854300000000004,1,1
26.08.2021 01:36:24.295,3.8884600000000002,3.8854300000000004,1,1
26.08.2021 01:36:29.540,3.8884900000000004,3.88542,1,1
26.08.2021 01:36:37.533,3.8885,3.8854100000000003,1,1
26.08.2021 01:36:38.761,3.8888900000000004,3.8854400000000004,1.5,1.5
26.08.2021 01:36:38.812,3.8889,3.8856300000000004,1.5,1
26.08.2021 01:36:38.955,3.8889,3.8855500000000003,1.5,1
26.08.2021 01:36:39.006,3.8889,3.8854300000000004,1.5,1.5
26.08.2021 01:36:39.279,3.8888900000000004,3.8856400000000004,1.5,1
26.08.2021 01:36:44.986,3.8889199999999997,3.8856300000000004,1,1.5
26.08.2021 01:36:47.034,3.8889199999999997,3.8856400000000004,1,1
26.08.2021 01:36:48.766,3.88891,3.88565,1,1
26.08.2021 01:36:53.603,3.88901,3.8857300000000006,1,1
26.08.2021 01:36:54.989,3.88901,3.8857300000000006,1,1
26.08.2021 01:36:55.893,3.8890000000000002,3.8858699999999997,1,1
26.08.2021 01:37:19.072,3.88899,3.8858800000000007,1,1
26.08.2021 01:37:19.272,3.88899,3.8858800000000007,1,1
26.08.2021 01:37:25.004,3.8891500000000003,3.88602,1,1
26.08.2021 01:37:40.009,3.8891500000000003,3.88602,1,1
26.08.2021 01:38:02.533,3.8891500000000003,3.88602,1,1
26.08.2021 01:38:02.733,3.8891500000000003,3.88602,1,1
26.08.2021 01:38:33.574,3.88921,3.8860800000000006,1,1
26.08.2021 01:38:34.177,3.88921,3.8860800000000006,1,1
26.08.2021 01:38:48.804,3.8892,3.8860900000000003,1,1
26.08.2021 01:38:49.207,3.88936,3.8862400000000004,1,1
26.08.2021 01:38:52.964,3.88936,3.8862400000000004,1,1
26.08.2021 01:40:13.641,3.8893300000000006,3.8862,1,1
26.08.2021 01:40:40.521,3.8894100000000003,3.88634,1,1
26.08.2021 01:40:41.125,3.88946,3.8863600000000003,1,1.5
26.08.2021 01:40:41.325,3.8894699999999998,3.88635,1,1.5
26.08.2021 01:40:52.255,3.8894699999999998,3.88635,1,1.5
26.08.2021 01:41:10.860,3.88946,3.8863600000000003,1,1.5
26.08.2021 01:41:13.213,3.88939,3.88634,1,1
26.08.2021 01:41:13.398,3.88939,3.88634,1,1
26.08.2021 01:42:04.945,3.88932,3.8862,1,1
26.08.2021 01:42:05.180,3.8893300000000006,3.8861900000000005,1,1
26.08.2021 01:42:05.381,3.88932,3.8862,1,1
26.08.2021 01:42:13.010,3.8893300000000006,3.8861900000000005,1,1
26.08.2021 01:42:28.951,3.8892400000000005,3.88611,1,1
26.08.2021 01:42:46.534,3.8892300000000004,3.88612,1,1
26.08.2021 01:42:55.792,3.8892400000000005,3.88611,1,1
26.08.2021 01:42:55.996,3.8892300000000004,3.88612,1,1
26.08.2021 01:42:58.496,3.8892400000000005,3.88611,1,1
26.08.2021 01:43:24.137,3.8893,3.8862300000000003,1,1
26.08.2021 01:43:24.339,3.8893,3.8862300000000003,1,1
26.08.2021 01:43:46.737,3.8893800000000005,3.8862300000000003,1,1
26.08.2021 01:43:46.922,3.8893800000000005,3.8862300000000003,1,1
26.08.2021 01:44:13.286,3.8893800000000005,3.8862300000000003,1,1
26.08.2021 01:44:33.031,3.8894400000000005,3.88632,1,1
26.08.2021 01:44:39.728,3.8894400000000005,3.88632,1,1
26.08.2021 01:44:55.981,3.88946,3.88632,1,1
26.08.2021 01:44:56.184,3.88945,3.8863300000000005,1,1
26.08.2021 01:44:56.386,3.8895000000000004,3.88646,1,1
26.08.2021 01:45:15.288,3.8894400000000005,3.88637,1,1
26.08.2021 01:45:15.807,3.8896300000000004,3.88655,1,1
26.08.2021 01:45:16.702,3.8896400000000004,3.8865400000000005,1,1
26.08.2021 01:45:23.035,3.8896400000000004,3.8865400000000005,1,1
26.08.2021 01:45:37.034,3.8895000000000004,3.8865400000000005,1,1
26.08.2021 01:45:37.951,3.8895000000000004,3.8863900000000005,1,1
26.08.2021 01:45:42.758,3.8895000000000004,3.8863900000000005,1,1
26.08.2021 01:45:42.954,3.8893,3.8862300000000003,1,1
26.08.2021 01:46:13.792,3.8893,3.88617,1,1
26.08.2021 01:46:14.028,3.8892900000000004,3.8861800000000004,1,1
26.08.2021 01:47:06.633,3.88916,3.8860699999999997,1,1
26.08.2021 01:47:06.835,3.88906,3.88592,1,1
26.08.2021 01:47:07.439,3.88901,3.88606,1,1
26.08.2021 01:47:14.159,3.88886,3.8857900000000005,1,1
26.08.2021 01:47:50.784,3.88886,3.8857900000000005,1,1
26.08.2021 01:47:51.012,3.88886,3.8858300000000003,1,1
26.08.2021 01:47:51.188,3.88886,3.8858300000000003,1,1
26.08.2021 01:48:06.050,3.88886,3.8858300000000003,1,1
26.08.2021 01:48:16.756,3.88886,3.8858300000000003,1,1
26.08.2021 01:48:23.403,3.8887199999999997,3.8856900000000003,1,1
26.08.2021 01:48:30.791,3.8887199999999997,3.8856900000000003,1,1
26.08.2021 01:48:31.238,3.8885500000000004,3.8856300000000004,1,1.5
26.08.2021 01:48:42.183,3.8885400000000003,3.88572,1,1
26.08.2021 01:48:45.707,3.8885500000000004,3.88571,1,1
26.08.2021 01:48:46.174,3.8885500000000004,3.8856300000000004,1,1.5
26.08.2021 01:48:48.536,3.8885500000000004,3.8856300000000004,1,1.5
26.08.2021 01:49:07.513,3.8885400000000003,3.8856400000000004,1,1.5
26.08.2021 01:49:13.436,3.8888800000000003,3.88577,1,1
26.08.2021 01:49:23.693,3.8888800000000003,3.88577,1,1
26.08.2021 01:49:25.061,3.88887,3.8857800000000005,1,1
26.08.2021 01:49:52.374,3.8888800000000003,3.88577,1,1
26.08.2021 01:49:59.456,3.8890400000000005,3.8859300000000006,1,1
26.08.2021 01:50:10.369,3.8890400000000005,3.8859300000000006,1,1
26.08.2021 01:50:25.562,3.88919,3.8860699999999997,1,1
26.08.2021 01:50:35.032,3.88919,3.8860699999999997,1,1
26.08.2021 01:50:36.319,3.88919,3.8860699999999997,1,1
26.08.2021 01:50:59.467,3.88919,3.8860699999999997,1,1
26.08.2021 01:51:17.664,3.8890900000000004,3.886,1,1
26.08.2021 01:51:19.088,3.8889300000000007,3.8858400000000004,1,1
26.08.2021 01:51:31.631,3.8889400000000003,3.8858300000000003,1,1
26.08.2021 01:51:32.036,3.8889300000000007,3.8858400000000004,1,1
26.08.2021 01:51:35.499,3.8889400000000003,3.8858300000000003,1,1
26.08.2021 01:51:47.828,3.8888000000000003,3.8856800000000007,1,1
26.08.2021 01:51:51.284,3.8888000000000003,3.8856800000000007,1,1
26.08.2021 01:51:52.924,3.8888000000000003,3.8856800000000007,1,1
26.08.2021 01:51:55.422,3.88879,3.8856900000000003,1,1
26.08.2021 01:51:57.321,3.88879,3.8856900000000003,1,1
26.08.2021 01:51:57.500,3.8888000000000003,3.8856800000000007,1,1
26.08.2021 01:51:57.703,3.8888000000000003,3.8856800000000007,1,1
26.08.2021 01:51:58.509,3.88879,3.8856900000000003,1,1
26.08.2021 01:52:11.693,3.8887500000000004,3.8858300000000003,1,1
26.08.2021 01:52:19.436,3.88865,3.8856800000000007,1,1
26.08.2021 01:52:24.801,3.8886600000000002,3.8858300000000003,1,1
26.08.2021 01:52:26.656,3.8887500000000004,3.8858300000000003,1,1
26.08.2021 01:52:35.822,3.88881,3.8858300000000003,1,1
26.08.2021 01:52:40.036,3.88885,3.8858300000000003,1,1
26.08.2021 01:52:40.189,3.88881,3.8858300000000003,1,1
26.08.2021 01:52:47.966,3.88905,3.8859800000000004,1,1
26.08.2021 01:52:48.127,3.88891,3.8857800000000005,1,1
26.08.2021 01:52:48.558,3.8890400000000005,3.88597,1,1
26.08.2021 01:53:28.252,3.88905,3.88596,1,1
26.08.2021 01:53:31.415,3.88905,3.8861000000000003,1,1
26.08.2021 01:53:31.573,3.88905,3.88597,1,1
26.08.2021 01:53:32.735,3.8890400000000005,3.8859800000000004,1,1
26.08.2021 01:53:41.406,3.8890400000000005,3.88611,1,1
26.08.2021 01:54:49.582,3.8889800000000005,3.8859800000000004,1,1
26.08.2021 01:54:53.043,3.88897,3.8859900000000005,1,1
26.08.2021 01:54:57.142,3.8889800000000005,3.8859800000000004,1,1
26.08.2021 01:54:58.173,3.88897,3.8859900000000005,1,1
26.08.2021 01:54:58.374,3.88897,3.8859900000000005,1,1
26.08.2021 01:55:09.882,3.8889800000000005,3.8859800000000004,1,1
26.08.2021 01:55:10.163,3.8889800000000005,3.8859800000000004,1,1
26.08.2021 01:55:10.380,3.8889800000000005,3.88585,1,1
26.08.2021 01:55:13.292,3.8889800000000005,3.88585,1,1
26.08.2021 01:55:39.731,3.88897,3.8859800000000004,1,1
26.08.2021 01:55:46.073,3.8890400000000005,3.8858800000000007,1,1
26.08.2021 01:55:46.146,3.8890400000000005,3.8858800000000007,1,1
26.08.2021 01:55:46.368,3.8890900000000004,3.88612,1,1
26.08.2021 01:55:46.603,3.8891,3.88611,1,1
26.08.2021 01:56:04.527,3.8891,3.8859300000000006,1,1
26.08.2021 01:56:09.258,3.88925,3.8860699999999997,1,1
26.08.2021 01:56:09.441,3.88925,3.8860699999999997,1,1
26.08.2021 01:56:28.191,3.88925,3.8860699999999997,1,1
26.08.2021 01:56:29.565,3.88925,3.8860699999999997,1,1
26.08.2021 01:56:37.942,3.88925,3.8860699999999997,1,1
26.08.2021 01:56:40.268,3.8892400000000005,3.8860800000000006,1,1
26.08.2021 01:56:40.468,3.8892400000000005,3.8860800000000006,1,1
26.08.2021 01:56:50.881,3.88925,3.8860699999999997,1,1
26.08.2021 01:57:07.166,3.88939,3.88625,1,1
26.08.2021 01:57:09.561,3.8894,3.8862400000000004,1,1
26.08.2021 01:57:09.765,3.8895500000000003,3.8863800000000004,1,1
26.08.2021 01:57:13.864,3.88954,3.8863900000000005,1,1
26.08.2021 01:57:14.481,3.8895500000000003,3.8863800000000004,1,1
26.08.2021 01:57:20.036,3.88954,3.8863900000000005,1,1
26.08.2021 01:57:34.651,3.8895500000000003,3.8863800000000004,1,1
26.08.2021 01:57:46.278,3.8895500000000003,3.8863800000000004,1,1
26.08.2021 01:57:46.457,3.8895500000000003,3.8863800000000004,1,1
26.08.2021 01:57:58.644,3.88954,3.8865400000000005,1,1
26.08.2021 01:58:01.439,3.8896699999999997,3.8865300000000005,1,1
26.08.2021 01:58:06.824,3.88966,3.8865400000000005,1,1
26.08.2021 01:58:12.170,3.8896699999999997,3.8865300000000005,1,1
26.08.2021 01:58:28.163,3.88966,3.8865400000000005,1,1
26.08.2021 01:58:28.348,3.88952,3.8864,1,1
26.08.2021 01:58:42.593,3.88952,3.8864,1,1
26.08.2021 01:58:47.717,3.8895300000000006,3.8863900000000005,1,1
26.08.2021 01:59:37.317,3.88951,3.8863900000000005,1,1
26.08.2021 01:59:40.759,3.88952,3.8863800000000004,1,1
26.08.2021 01:59:46.243,3.88952,3.8863800000000004,1,1
26.08.2021 01:59:46.481,3.88937,3.88625,1,1
26.08.2021 01:59:47.174,3.88936,3.88625,1,1
26.08.2021 02:00:47.155,3.8893,3.88617,1,1
26.08.2021 02:01:09.248,3.88945,3.88632,1,1
26.08.2021 02:01:11.050,3.8895900000000005,3.88647,1,1
26.08.2021 02:01:15.938,3.8894,3.88634,1,1
26.08.2021 02:01:24.789,3.8894,3.88634,1,1
26.08.2021 02:01:27.062,3.8894,3.88634,1,1
26.08.2021 02:01:28.536,3.88939,3.88635,1,1
26.08.2021 02:01:41.368,3.88939,3.88635,1,1
26.08.2021 02:02:02.356,3.8894,3.88634,1,1
26.08.2021 02:02:02.560,3.88939,3.88635,1,1
26.08.2021 02:02:06.401,3.88954,3.8864900000000002,1,1
26.08.2021 02:02:12.783,3.88954,3.8864900000000002,1,1
26.08.2021 02:02:12.991,3.88954,3.8864900000000002,1,1
26.08.2021 02:02:13.374,3.88954,3.8864900000000002,1,1
26.08.2021 02:02:18.560,3.88954,3.8864900000000002,1,1
26.08.2021 02:02:18.804,3.88954,3.8864900000000002,1,1
26.08.2021 02:02:20.543,3.8895300000000006,3.8865000000000003,1,1
26.08.2021 02:02:20.743,3.88954,3.8864900000000002,1,1
26.08.2021 02:02:21.781,3.8897000000000004,3.88657,1,1
26.08.2021 02:02:21.984,3.88992,3.8868500000000004,1,1
26.08.2021 02:02:46.109,3.8899300000000006,3.8868400000000003,1,1
26.08.2021 02:02:46.511,3.88992,3.8868500000000004,1,1
26.08.2021 02:03:16.314,3.8897900000000005,3.8866800000000006,1,1
26.08.2021 02:03:19.691,3.88992,3.8868400000000003,1,1
26.08.2021 02:03:20.100,3.88992,3.8868400000000003,1,1
26.08.2021 02:03:20.303,3.8899300000000006,3.8868300000000007,1,1
26.08.2021 02:03:20.605,3.8899300000000006,3.8868300000000007,1,1
26.08.2021 02:03:20.813,3.8896300000000004,3.88666,1,1
26.08.2021 02:03:24.272,3.8896300000000004,3.88652,1,1
26.08.2021 02:03:25.827,3.8894800000000003,3.88652,1,1
26.08.2021 02:03:32.214,3.8894800000000003,3.88652,1,1
26.08.2021 02:03:32.421,3.8894800000000003,3.88652,1,1
26.08.2021 02:03:48.719,3.8894800000000003,3.88652,1,1
26.08.2021 02:04:01.922,3.8894800000000003,3.88652,1,1
26.08.2021 02:04:04.510,3.8894800000000003,3.88652,1,1
26.08.2021 02:04:13.848,3.8894800000000003,3.88652,1,1
26.08.2021 02:04:21.188,3.8897500000000003,3.8866199999999997,1,1
26.08.2021 02:04:26.038,3.8897500000000003,3.8866199999999997,1,1
26.08.2021 02:04:31.693,3.8895500000000003,3.8864800000000006,1,1
26.08.2021 02:04:31.840,3.8895300000000006,3.8864900000000002,1,1
26.08.2021 02:04:40.831,3.88954,3.8864800000000006,1,1
26.08.2021 02:04:41.837,3.88954,3.8864800000000006,1,1
26.08.2021 02:04:42.038,3.88954,3.8864800000000006,1,1
26.08.2021 02:04:43.387,3.88954,3.8864800000000006,1,1
26.08.2021 02:04:48.019,3.8895300000000006,3.8864900000000002,1,1
26.08.2021 02:05:01.839,3.8895300000000006,3.8864900000000002,1,1
26.08.2021 02:05:13.536,3.88954,3.8864800000000006,1,1
26.08.2021 02:05:38.365,3.8896300000000004,3.8865600000000002,1,1
26.08.2021 02:06:20.376,3.8894699999999998,3.8864199999999998,1,1
26.08.2021 02:06:26.536,3.8894699999999998,3.8864199999999998,1,1
26.08.2021 02:06:27.953,3.8894800000000003,3.88641,1,1
26.08.2021 02:06:28.737,3.8894800000000003,3.88641,1,1
26.08.2021 02:06:33.536,3.8894800000000003,3.88641,1,1
26.08.2021 02:06:35.314,3.8894800000000003,3.88641,1,1
26.08.2021 02:06:39.874,3.8894800000000003,3.88641,1,1
26.08.2021 02:06:46.908,3.8894699999999998,3.8864199999999998,1,1
26.08.2021 02:07:12.251,3.8894800000000003,3.88641,1,1
26.08.2021 02:07:12.454,3.8894699999999998,3.8864199999999998,1,1
26.08.2021 02:07:17.305,3.8896300000000004,3.8865600000000002,1,1
26.08.2021 02:07:53.832,3.88976,3.88672,1,1
26.08.2021 02:08:00.074,3.88977,3.88671,1,1
26.08.2021 02:08:14.437,3.88977,3.88671,1,1
26.08.2021 02:08:24.528,3.88977,3.88671,1,1
26.08.2021 02:08:34.538,3.88976,3.88672,1,1
26.08.2021 02:08:46.434,3.88977,3.88671,1,1
26.08.2021 02:08:46.634,3.88976,3.8866500000000004,1,1
26.08.2021 02:09:37.290,3.88977,3.8866500000000004,1,1
26.08.2021 02:09:59.424,3.8895300000000006,3.8865600000000002,1,1
26.08.2021 02:10:24.943,3.88954,3.8864199999999998,1,1.5
26.08.2021 02:10:30.288,3.8895800000000005,3.8864199999999998,1,1
26.08.2021 02:10:59.254,3.8895800000000005,3.8864199999999998,1,1
26.08.2021 02:11:01.385,3.8894100000000003,3.88641,1,1
26.08.2021 02:11:14.316,3.88942,3.88627,1,1
26.08.2021 02:11:22.980,3.8894100000000003,3.8862800000000006,1,1
26.08.2021 02:11:23.183,3.88942,3.88627,1,1
26.08.2021 02:11:25.240,3.88942,3.88627,1,1
26.08.2021 02:11:48.304,3.88942,3.88627,1,1
26.08.2021 02:11:48.466,3.88942,3.88627,1,1
26.08.2021 02:11:55.467,3.88942,3.88627,1,1
26.08.2021 02:11:55.707,3.88942,3.88627,1,1
26.08.2021 02:12:06.595,3.88936,3.88621,1,1
26.08.2021 02:12:07.537,3.88936,3.88621,1,1
26.08.2021 02:12:37.051,3.8893300000000006,3.88621,1,1
26.08.2021 02:12:48.193,3.8893300000000006,3.88621,1,1
26.08.2021 02:13:09.929,3.88926,3.8861000000000003,1,1
26.08.2021 02:13:20.650,3.88926,3.8861000000000003,1,1
26.08.2021 02:13:20.852,3.88926,3.8861000000000003,1,1
26.08.2021 02:13:42.304,3.88926,3.88616,1,1
26.08.2021 02:13:42.546,3.88926,3.88616,1,1
26.08.2021 02:13:42.710,3.88926,3.88616,1,1
26.08.2021 02:13:43.312,3.88926,3.88616,1,1
26.08.2021 02:13:48.611,3.8894,3.8862400000000004,1,1
26.08.2021 02:14:23.896,3.8894,3.8862400000000004,1,1
26.08.2021 02:14:53.408,3.8894900000000003,3.8863900000000005,1,1
26.08.2021 02:14:53.609,3.8894900000000003,3.8863900000000005,1,1
26.08.2021 02:15:11.019,3.8894900000000003,3.8863900000000005,1,1
26.08.2021 02:15:14.299,3.8895500000000003,3.8863900000000005,1,1
26.08.2021 02:15:19.038,3.8895500000000003,3.8863900000000005,1,1
26.08.2021 02:16:06.696,3.88956,3.8864,1,1
26.08.2021 02:16:07.188,3.8896400000000004,3.8865400000000005,1,1
26.08.2021 02:16:33.587,3.8897000000000004,3.8865400000000005,1,1
26.08.2021 02:16:33.829,3.88956,3.8864,1,1
26.08.2021 02:17:31.472,3.8895500000000003,3.88641,1,1
26.08.2021 02:17:33.380,3.88956,3.8864,1,1
26.08.2021 02:17:34.445,3.8896699999999997,3.8865300000000005,1,1
26.08.2021 02:17:34.801,3.8896800000000007,3.88652,1,1
26.08.2021 02:17:35.007,3.8896699999999997,3.8865300000000005,1,1
26.08.2021 02:17:37.754,3.8896800000000007,3.88652,1,1
26.08.2021 02:17:38.833,3.8898400000000004,3.8866800000000006,1,1
26.08.2021 02:17:46.316,3.8896699999999997,3.88657,1,1
26.08.2021 02:17:46.668,3.8896699999999997,3.88657,1,1
26.08.2021 02:18:02.490,3.88966,3.8865800000000004,1,1
26.08.2021 02:18:02.541,3.88986,3.88675,1,1
26.08.2021 02:18:02.687,3.88986,3.8867900000000004,1,1
26.08.2021 02:18:52.462,3.88976,3.8866400000000003,1,1
26.08.2021 02:18:53.864,3.88976,3.8866400000000003,1,1
26.08.2021 02:18:54.067,3.88976,3.8866400000000003,1,1
26.08.2021 02:18:58.674,3.88976,3.8866400000000003,1,1
26.08.2021 02:19:00.230,3.8897500000000003,3.8866500000000004,1,1
26.08.2021 02:19:00.447,3.8896,3.88651,1,1
26.08.2021 02:19:16.031,3.8894300000000004,3.88631,1,1
26.08.2021 02:19:22.460,3.8895800000000005,3.8864400000000003,1,1
26.08.2021 02:20:20.956,3.8895900000000005,3.8864300000000003,1,1
26.08.2021 02:20:23.037,3.8895800000000005,3.8865600000000002,1,1
26.08.2021 02:20:43.389,3.8893800000000005,3.8862900000000002,1,1
26.08.2021 02:20:45.537,3.8893800000000005,3.8862900000000002,1,1
26.08.2021 02:21:20.801,3.8895800000000005,3.8864800000000006,1,1
26.08.2021 02:21:56.694,3.8895900000000005,3.88647,1,1
26.08.2021 02:22:04.242,3.88962,3.8864800000000006,1,1
26.08.2021 02:22:06.016,3.88962,3.8864800000000006,1,1
26.08.2021 02:22:06.219,3.88962,3.8864800000000006,1,1
26.08.2021 02:22:23.946,3.8896900000000003,3.8865400000000005,1,1
26.08.2021 02:22:27.272,3.8896900000000003,3.8865400000000005,1,1
26.08.2021 02:22:43.224,3.8896800000000007,3.88655,1,1
26.08.2021 02:22:43.943,3.8896800000000007,3.88655,1,1
26.08.2021 02:22:46.540,3.8896800000000007,3.88655,1,1
26.08.2021 02:22:53.112,3.8896800000000007,3.88655,1,1
26.08.2021 02:22:53.311,3.8896900000000003,3.8865400000000005,1,1
26.08.2021 02:22:54.109,3.8896900000000003,3.8865400000000005,1,1
26.08.2021 02:22:56.456,3.8896900000000003,3.8865400000000005,1,1
26.08.2021 02:23:00.879,3.8896900000000003,3.8865400000000005,1,1
26.08.2021 02:23:01.183,3.8896900000000003,3.8865400000000005,1,1
26.08.2021 02:23:01.384,3.8896800000000007,3.88655,1,1
26.08.2021 02:23:01.700,3.8896900000000003,3.8865400000000005,1,1
26.08.2021 02:23:01.903,3.8896800000000007,3.88655,1,1
26.08.2021 02:23:02.749,3.88962,3.8864800000000006,1,1
26.08.2021 02:23:10.060,3.8896300000000004,3.88647,1,1
26.08.2021 02:24:40.038,3.8894800000000003,3.88634,1,1
26.08.2021 02:24:59.740,3.8894699999999998,3.88635,1,1
26.08.2021 02:24:59.941,3.8894699999999998,3.88635,1,1
26.08.2021 02:25:00.030,3.8894800000000003,3.88634,1,1
26.08.2021 02:25:16.185,3.8895300000000006,3.8864,1,1
26.08.2021 02:25:16.588,3.88954,3.8865400000000005,1,1
26.08.2021 02:25:16.818,3.88945,3.88641,1,1
26.08.2021 02:25:16.868,3.88942,3.8863000000000003,1,1
26.08.2021 02:25:27.066,3.8894300000000004,3.8862900000000002,1,1
26.08.2021 02:25:27.269,3.8894300000000004,3.8862900000000002,1,1
26.08.2021 02:25:49.769,3.88942,3.8863000000000003,1,1
26.08.2021 02:26:05.038,3.8894300000000004,3.8863300000000005,1,1
26.08.2021 02:26:28.556,3.8894699999999998,3.8864800000000006,1,1
26.08.2021 02:26:28.931,3.8896100000000002,3.8864800000000006,1,1
26.08.2021 02:26:50.977,3.8896100000000002,3.8864800000000006,1,1
26.08.2021 02:27:02.050,3.8896,3.8864900000000002,1,1
26.08.2021 02:27:04.946,3.8896100000000002,3.8864800000000006,1,1
26.08.2021 02:29:04.853,3.89035,3.88615,1.5,1.5
26.08.2021 02:29:05.172,3.89034,3.88616,1.5,1.5
26.08.2021 02:29:15.335,3.89035,3.88615,1.5,1.5
26.08.2021 02:29:15.486,3.88922,3.8861300000000005,1,1
26.08.2021 02:29:15.537,3.8891199999999997,3.88612,1,1
26.08.2021 02:29:15.939,3.8894699999999998,3.8863300000000005,1,1
26.08.2021 02:29:16.040,3.8890800000000003,3.8862800000000006,1,1
26.08.2021 02:29:16.141,3.88841,3.8856400000000004,1,1
26.08.2021 02:29:16.293,3.88862,3.8856400000000004,1,1
26.08.2021 02:29:16.344,3.88877,3.88581,1,1
26.08.2021 02:29:16.495,3.88824,3.88565,1,1
26.08.2021 02:29:16.630,3.8882300000000005,3.8856400000000004,1,1
26.08.2021 02:29:16.731,3.8888400000000005,3.8859300000000006,1,1
26.08.2021 02:29:16.832,3.88916,3.8861000000000003,1,1
26.08.2021 02:29:16.937,3.8891500000000003,3.88611,1,1
26.08.2021 02:29:38.995,3.8892,3.8860699999999997,1,1
26.08.2021 02:29:49.873,3.88919,3.8860800000000006,1,1
26.08.2021 02:29:50.302,3.8892,3.8860699999999997,1,1
26.08.2021 02:29:50.706,3.88919,3.8860800000000006,1,1
26.08.2021 02:29:59.414,3.8893400000000002,3.8862,1,1
26.08.2021 02:30:06.343,3.8893800000000005,3.8866400000000003,1,1
26.08.2021 02:30:06.394,3.88954,3.88655,1,1.5
26.08.2021 02:30:06.548,3.88937,3.8863900000000005,1,1.5
26.08.2021 02:30:06.649,3.88954,3.8867900000000004,1,1
26.08.2021 02:30:06.800,3.88974,3.88672,1,1.5
26.08.2021 02:30:07.372,3.88985,3.8869800000000003,1,1
26.08.2021 02:30:07.474,3.88981,3.8866500000000004,1,1
26.08.2021 02:30:07.575,3.8898,3.88669,1,1
26.08.2021 02:30:12.890,3.88957,3.88655,1,1
26.08.2021 02:30:48.398,3.88976,3.8869900000000004,1,1
26.08.2021 02:30:48.499,3.89012,3.8875699999999997,1,1
26.08.2021 02:30:48.550,3.8900699999999997,3.8873900000000003,1,1
26.08.2021 02:30:48.650,3.88974,3.8866300000000007,1,1
26.08.2021 02:30:48.751,3.88996,3.8869400000000005,1,1
26.08.2021 02:30:48.802,3.8899000000000004,3.8870500000000003,1.5,1.12
26.08.2021 02:30:49.003,3.88994,3.8873800000000003,1,1
26.08.2021 02:30:49.105,3.89012,3.88784,1,1
26.08.2021 02:30:49.156,3.89012,3.8872400000000003,1,1
26.08.2021 02:30:49.256,3.88992,3.88715,1,1
26.08.2021 02:30:49.307,3.8899300000000006,3.88717,1,1
26.08.2021 02:30:49.357,3.8899300000000006,3.8867900000000004,1,1
26.08.2021 02:30:51.474,3.88976,3.88667,1,1
26.08.2021 02:31:15.670,3.8897500000000003,3.8866800000000006,1,1
26.08.2021 02:31:31.208,3.88991,3.88689,1,1.5
26.08.2021 02:31:31.310,3.89001,3.8875,1,1
26.08.2021 02:31:31.411,3.89002,3.88726,1,1
26.08.2021 02:31:31.512,3.8897500000000003,3.8868500000000004,1,1.12
26.08.2021 02:31:31.562,3.8898,3.88712,1.5,1
26.08.2021 02:31:31.663,3.88981,3.8868500000000004,1.5,1
26.08.2021 02:31:31.814,3.89002,3.8873400000000005,1,1
26.08.2021 02:31:31.915,3.8900900000000003,3.88752,1,1
26.08.2021 02:31:31.965,3.89002,3.88711,1,1
26.08.2021 02:31:32.016,3.88977,3.88672,1,1
26.08.2021 02:31:32.167,3.89005,3.8872500000000003,1,1
26.08.2021 02:31:32.267,3.89001,3.8871900000000004,1,1
26.08.2021 02:31:32.318,3.8898400000000004,3.88676,1,1
26.08.2021 02:31:32.418,3.8898300000000003,3.8867000000000003,1,1
26.08.2021 02:31:32.699,3.8898300000000003,3.887,1,1
26.08.2021 02:31:32.800,3.89021,3.88791,1,1
26.08.2021 02:31:32.900,3.89006,3.8874800000000005,1,1
26.08.2021 02:31:32.951,3.89002,3.8868800000000006,1,1.5
26.08.2021 02:31:33.051,3.88982,3.8872400000000003,1,1
26.08.2021 02:31:33.152,3.8900300000000003,3.88801,1,1
26.08.2021 02:31:33.203,3.8900900000000003,3.8876500000000003,1,1
26.08.2021 02:31:33.303,3.88976,3.88672,1,1
26.08.2021 02:31:33.466,3.88976,3.8866300000000007,1,1
26.08.2021 02:31:35.228,3.88976,3.8866300000000007,1,1
26.08.2021 02:31:35.429,3.88976,3.8866300000000007,1,1
26.08.2021 02:31:43.435,3.8897500000000003,3.8866400000000003,1,1
26.08.2021 02:31:45.439,3.8896699999999997,3.8866300000000007,1,1
26.08.2021 02:31:53.762,3.8896699999999997,3.8866300000000007,1,1
26.08.2021 02:31:53.964,3.8896699999999997,3.8866300000000007,1,1
26.08.2021 02:32:04.192,3.8896699999999997,3.8866300000000007,1,1
26.08.2021 02:32:18.589,3.8896699999999997,3.8866300000000007,1,1
26.08.2021 02:32:18.699,3.8896699999999997,3.8866300000000007,1,1
26.08.2021 02:32:28.728,3.88966,3.8868800000000006,1,1
26.08.2021 02:32:28.829,3.8902900000000002,3.8878800000000004,1,1
26.08.2021 02:32:28.930,3.89025,3.88795,1,1
26.08.2021 02:32:28.980,3.8903000000000003,3.8872300000000006,1,1.5
26.08.2021 02:32:29.031,3.89031,3.8874,1,1
26.08.2021 02:32:29.137,3.89031,3.88801,1,1
26.08.2021 02:32:29.188,3.89014,3.88784,1,1
26.08.2021 02:32:29.239,3.8901900000000005,3.8877,1,1
26.08.2021 02:32:29.339,3.89032,3.8875400000000004,1,1
26.08.2021 02:32:29.390,3.89035,3.8881,1,1
26.08.2021 02:32:29.491,3.8908,3.8885400000000003,1,1
26.08.2021 02:32:29.542,3.8905300000000005,3.8884600000000002,1.5,1
26.08.2021 02:32:29.593,3.8905300000000005,3.88825,1.5,1
26.08.2021 02:32:29.694,3.89052,3.8883800000000006,1.5,1
26.08.2021 02:32:29.795,3.89052,3.88911,1,1
26.08.2021 02:32:29.895,3.8911000000000002,3.88891,1,1
26.08.2021 02:32:29.996,3.89161,3.88901,1.5,1
26.08.2021 02:32:30.055,3.89161,3.88901,1.5,1
26.08.2021 02:32:30.106,3.89149,3.8889199999999997,1,1
26.08.2021 02:32:30.207,3.8912,3.88857,1.5,1
26.08.2021 02:32:30.257,3.89131,3.88871,1.5,1
26.08.2021 02:32:30.436,3.8912500000000003,3.8889500000000004,1,1
26.08.2021 02:32:30.554,3.8912500000000003,3.88862,1.5,1
26.08.2021 02:32:30.605,3.89116,3.8885,1.5,1
26.08.2021 02:32:31.130,3.8907900000000004,3.8884900000000004,1,1
26.08.2021 02:32:31.332,3.8907900000000004,3.8883199999999998,1,1.5
26.08.2021 02:32:31.432,3.8907800000000003,3.8881400000000004,1,1.5
26.08.2021 02:32:31.548,3.8907800000000003,3.8881400000000004,1.5,1
26.08.2021 02:32:33.024,3.89041,3.88815,1,1
26.08.2021 02:32:33.142,3.8904199999999998,3.8879900000000003,1,1
26.08.2021 02:32:33.695,3.89032,3.8880000000000003,1,1
26.08.2021 02:32:34.951,3.89016,3.8879900000000003,1,1
26.08.2021 02:32:35.083,3.89016,3.88786,1,1
26.08.2021 02:32:35.212,3.89016,3.88766,1,1.5
26.08.2021 02:32:35.263,3.89021,3.88767,1,1.5
26.08.2021 02:32:35.841,3.89022,3.8875900000000003,1.5,1
26.08.2021 02:32:35.942,3.89005,3.8875900000000003,1,1
26.08.2021 02:32:36.617,3.89005,3.8875699999999997,1,1
26.08.2021 02:32:37.136,3.8902,3.8875699999999997,1.5,1
26.08.2021 02:32:42.094,3.8900300000000003,3.8875699999999997,1,1
26.08.2021 02:32:42.257,3.8900300000000003,3.8874800000000005,1,1.5
26.08.2021 02:32:42.308,3.89001,3.88741,1,1.5
26.08.2021 02:32:42.358,3.89001,3.88741,1.5,1
26.08.2021 02:32:44.682,3.8899300000000006,3.88732,1,1.5
26.08.2021 02:32:45.890,3.8896,3.88732,1,1.5
26.08.2021 02:32:45.991,3.8896,3.88715,1,1.12
26.08.2021 02:32:46.424,3.8897900000000005,3.88715,1.5,1.12
26.08.2021 02:32:47.094,3.8894800000000003,3.88715,1,1.12
26.08.2021 02:32:47.998,3.8894699999999998,3.88701,1,1
26.08.2021 02:32:48.426,3.8894800000000003,3.88687,1,1.5
26.08.2021 02:32:48.477,3.8894800000000003,3.88687,1.5,1
26.08.2021 02:32:48.527,3.88937,3.88661,1,1.5
26.08.2021 02:32:48.638,3.88937,3.8865400000000005,1.5,1.5
26.08.2021 02:32:49.595,3.8891800000000005,3.88651,1,1.5
26.08.2021 02:32:50.907,3.8889,3.88626,1,1
26.08.2021 02:32:51.026,3.8889,3.88626,1,1
26.08.2021 02:32:51.446,3.8888900000000004,3.88627,1,1
26.08.2021 02:32:52.024,3.8890400000000005,3.88626,1,1
26.08.2021 02:32:55.665,3.8890400000000005,3.8862300000000003,1.5,1.5
26.08.2021 02:32:55.846,3.88857,3.8862300000000003,1,1.5
26.08.2021 02:32:56.023,3.88856,3.8859000000000004,1,1.5
26.08.2021 02:32:57.028,3.88859,3.8859000000000004,1,1.5
26.08.2021 02:32:57.255,3.88857,3.88577,1,1.5
26.08.2021 02:32:57.407,3.88859,3.88574,1,1
26.08.2021 02:32:58.370,3.8887800000000006,3.8857500000000003,1.5,1
26.08.2021 02:32:59.686,3.88859,3.88574,1,1
26.08.2021 02:33:01.022,3.8885800000000006,3.8857500000000003,1.5,1
26.08.2021 02:33:03.345,3.8881400000000004,3.8856400000000004,1,1.5
26.08.2021 02:33:03.834,3.88815,3.8856300000000004,1,1.5
26.08.2021 02:33:04.524,3.8883199999999998,3.8856300000000004,1.5,1.5
26.08.2021 02:33:04.575,3.88821,3.8856300000000004,1,1.5
26.08.2021 02:33:04.694,3.8881300000000003,3.8856300000000004,1,1.5
26.08.2021 02:33:12.972,3.88801,3.8856300000000004,1,1.5
26.08.2021 02:33:13.023,3.8880000000000003,3.8856400000000004,1,1
26.08.2021 02:33:13.352,3.8877300000000004,3.8856300000000004,1,1
26.08.2021 02:33:13.949,3.8878900000000005,3.8856400000000004,1,1
26.08.2021 02:33:14.594,3.8877300000000004,3.8856300000000004,1,1
26.08.2021 02:33:15.174,3.8878900000000005,3.8856400000000004,1,1
26.08.2021 02:33:15.851,3.88772,3.8856400000000004,1,1
26.08.2021 02:33:16.429,3.8879,3.8856300000000004,1,1
26.08.2021 02:33:17.169,3.8878000000000004,3.8856300000000004,1,1
26.08.2021 02:33:26.711,3.8877,3.8856300000000004,1,1
26.08.2021 02:33:26.761,3.8878000000000004,3.8856300000000004,1,1
26.08.2021 02:33:26.972,3.8879900000000003,3.8856300000000004,1,1
26.08.2021 02:33:28.348,3.88822,3.8856400000000004,1.5,1
26.08.2021 02:33:28.398,3.8885400000000003,3.8859300000000006,1,1
26.08.2021 02:33:28.562,3.8891199999999997,3.8866300000000007,1,1
26.08.2021 02:33:28.612,3.88932,3.8866300000000007,1.5,1
26.08.2021 02:33:28.713,3.88957,3.8870199999999997,1,1
26.08.2021 02:33:28.840,3.88992,3.8871900000000004,1.62,1
26.08.2021 02:33:28.891,3.89002,3.88732,1.5,1
26.08.2021 02:33:28.992,3.8898800000000007,3.8871900000000004,1,1.5
26.08.2021 02:33:29.092,3.8900699999999997,3.8873800000000003,1.5,1
26.08.2021 02:33:29.287,3.8899000000000004,3.8872300000000006,1.5,1.5
26.08.2021 02:33:29.884,3.8899000000000004,3.8872300000000006,1,1
26.08.2021 02:33:30.001,3.8897900000000005,3.88712,1,1
26.08.2021 02:33:30.888,3.8897500000000003,3.88712,1,1
26.08.2021 02:33:30.989,3.8897000000000004,3.88712,1,1
26.08.2021 02:33:31.147,3.8897800000000005,3.8871300000000004,1.5,1
26.08.2021 02:33:31.326,3.8897900000000005,3.88712,1.5,1
26.08.2021 02:33:31.948,3.8896900000000003,3.8869400000000005,1,1
26.08.2021 02:33:31.998,3.88974,3.8866300000000007,1,1.5
26.08.2021 02:33:32.154,3.8897300000000006,3.8865900000000004,1,1
26.08.2021 02:33:34.012,3.88986,3.88675,1,1
26.08.2021 02:33:34.214,3.89002,3.88676,1,1
26.08.2021 02:33:35.311,3.8899300000000006,3.8867300000000005,1,1
26.08.2021 02:33:35.507,3.8897500000000003,3.88661,1,1
26.08.2021 02:33:35.882,3.88981,3.8867800000000003,1,1
26.08.2021 02:33:36.036,3.89006,3.8869400000000005,1.5,1
26.08.2021 02:33:42.387,3.8899300000000006,3.88687,1,1
26.08.2021 02:33:43.770,3.88977,3.88667,1,1
26.08.2021 02:33:46.137,3.88976,3.8866199999999997,1,1
26.08.2021 02:33:54.608,3.8895800000000005,3.8865600000000002,1.5,1.5
26.08.2021 02:34:00.968,3.8894900000000003,3.8872400000000003,1.5,1
26.08.2021 02:34:01.119,3.8894900000000003,3.88747,1,1
26.08.2021 02:34:01.269,3.8894900000000003,3.8876300000000006,1,1
26.08.2021 02:34:01.353,3.8894900000000003,3.8875,1,1
26.08.2021 02:34:01.404,3.8894900000000003,3.8873800000000003,1,1
26.08.2021 02:34:01.555,3.8894900000000003,3.8875800000000003,1,1
26.08.2021 02:34:01.699,3.8894900000000003,3.88761,1,1
26.08.2021 02:34:01.774,3.8902800000000006,3.88761,1.5,1
26.08.2021 02:34:02.000,3.89015,3.8874800000000005,1.12,1
26.08.2021 02:34:02.321,3.8900300000000003,3.8873800000000003,1,1
26.08.2021 02:34:02.932,3.88985,3.8872300000000006,1,1
26.08.2021 02:34:02.982,3.88986,3.8871900000000004,1,1
26.08.2021 02:34:03.033,3.88966,3.8869900000000004,1,1.5
26.08.2021 02:34:03.694,3.8896699999999997,3.8869800000000003,1,1.5
26.08.2021 02:34:03.745,3.8896699999999997,3.8869800000000003,1.5,1
26.08.2021 02:34:04.314,3.88952,3.8868300000000007,1,1
26.08.2021 02:34:04.465,3.88952,3.8868300000000007,1,1.5
26.08.2021 02:34:06.522,3.88945,3.88677,1,1.5
26.08.2021 02:34:06.623,3.8892,3.88651,1,1.62
26.08.2021 02:34:16.775,3.8891300000000006,3.88651,1,1.62
26.08.2021 02:34:16.921,3.8890900000000004,3.88651,1,1
26.08.2021 02:34:16.972,3.8890000000000002,3.88632,1,1.5
26.08.2021 02:34:17.022,3.8889,3.8861800000000004,1,1.5
26.08.2021 02:34:17.141,3.8889,3.8861800000000004,1,1.5
26.08.2021 02:34:17.550,3.8888300000000005,3.8861800000000004,1,1.5
26.08.2021 02:34:22.043,3.88879,3.8861000000000003,1,1.5
26.08.2021 02:34:47.257,3.88865,3.8860900000000003,1,1
26.08.2021 02:34:47.307,3.88856,3.8859000000000004,1,1.5
26.08.2021 02:34:47.358,3.8881400000000004,3.8856400000000004,1,1.5
26.08.2021 02:34:47.408,3.8879400000000004,3.8856400000000004,1,1.5
26.08.2021 02:34:48.030,3.88787,3.8856400000000004,1,1.5
26.08.2021 02:34:48.464,3.8878800000000004,3.8856300000000004,1,1
26.08.2021 02:34:48.664,3.88787,3.8856400000000004,1,1.5
26.08.2021 02:34:57.093,3.88787,3.8856400000000004,1,1
26.08.2021 02:35:10.782,3.88796,3.8856300000000004,1,1
26.08.2021 02:35:18.909,3.88815,3.8856300000000004,1.12,1
26.08.2021 02:35:18.960,3.8883800000000006,3.88571,1.5,1.5
26.08.2021 02:35:19.227,3.8886600000000002,3.88594,1.5,1
26.08.2021 02:35:19.328,3.88901,3.8868300000000007,1,1
26.08.2021 02:35:19.379,3.8896,3.8870300000000007,1,1
26.08.2021 02:35:19.537,3.88971,3.8870400000000003,1.5,1
26.08.2021 02:35:19.587,3.88991,3.8872500000000003,1,1
26.08.2021 02:35:19.739,3.8900900000000003,3.88749,1,1
26.08.2021 02:35:19.890,3.89051,3.8878500000000003,1,1
26.08.2021 02:35:19.941,3.8905300000000005,3.8883400000000004,1,1
26.08.2021 02:35:19.991,3.8903800000000004,3.88842,1,1
26.08.2021 02:35:20.042,3.8903800000000004,3.88822,1,1
26.08.2021 02:35:20.243,3.89037,3.88847,1,1
26.08.2021 02:35:20.333,3.8903800000000004,3.88821,1,1
26.08.2021 02:35:20.433,3.8903800000000004,3.88736,1,1
26.08.2021 02:35:20.484,3.89061,3.88736,1.5,1
26.08.2021 02:35:20.534,3.89037,3.8874,1,1.5
26.08.2021 02:35:20.635,3.8904199999999998,3.88749,1,1.5
26.08.2021 02:35:20.785,3.8902400000000004,3.8870800000000005,1,1
26.08.2021 02:35:20.886,3.8904,3.88752,1,1
26.08.2021 02:35:20.937,3.89017,3.8870300000000007,1,1
26.08.2021 02:35:21.037,3.89001,3.8868500000000004,1,1
26.08.2021 02:35:21.147,3.89001,3.8868500000000004,1,1
26.08.2021 02:35:22.018,3.8898400000000004,3.8868500000000004,1.5,1
26.08.2021 02:35:22.219,3.8897900000000005,3.8866500000000004,1,1
26.08.2021 02:35:22.787,3.8896100000000002,3.8864500000000004,1,1
26.08.2021 02:35:41.350,3.8896100000000002,3.8864500000000004,1.62,1
26.08.2021 02:35:52.571,3.8894800000000003,3.8864500000000004,1,1
26.08.2021 02:35:58.593,3.8890300000000004,3.88646,1,1
26.08.2021 02:35:58.744,3.88844,3.88581,1,1
26.08.2021 02:35:58.794,3.8887400000000003,3.88597,1,1
26.08.2021 02:35:58.845,3.88879,3.88597,1,1
26.08.2021 02:35:58.895,3.8886300000000005,3.88585,1,1
26.08.2021 02:35:58.946,3.8889300000000007,3.88596,1.5,1
26.08.2021 02:35:59.046,3.8885500000000004,3.88596,1,1
26.08.2021 02:35:59.147,3.8879,3.8856300000000004,1,1.5
26.08.2021 02:35:59.197,3.88811,3.8856300000000004,1,1.5
26.08.2021 02:35:59.248,3.88861,3.8857900000000005,1.5,1
26.08.2021 02:35:59.298,3.8889400000000003,3.88586,1,1
26.08.2021 02:35:59.449,3.88881,3.8859500000000002,1,1
26.08.2021 02:35:59.550,3.8890400000000005,3.88596,1,1
26.08.2021 02:35:59.650,3.8888000000000003,3.88597,1,1
26.08.2021 02:35:59.751,3.8880800000000004,3.88581,1,1
26.08.2021 02:35:59.852,3.8881,3.8856400000000004,1,1.5
26.08.2021 02:35:59.952,3.8885800000000006,3.8858,1.5,1
26.08.2021 02:36:00.003,3.8880300000000005,3.8856300000000004,1,1.5
26.08.2021 02:36:00.153,3.88772,3.8856300000000004,1,1.5
26.08.2021 02:36:00.204,3.8881,3.8856400000000004,1,1.5
26.08.2021 02:36:00.305,3.88861,3.8858400000000004,1.5,1
26.08.2021 02:36:00.405,3.88897,3.88585,1,1
26.08.2021 02:36:01.539,3.8889800000000005,3.8858400000000004,1,1
26.08.2021 02:36:05.115,3.88897,3.88585,1,1
26.08.2021 02:36:23.877,3.88896,3.8858400000000004,1.5,1
26.08.2021 02:36:26.328,3.88896,3.886,1.5,1
26.08.2021 02:36:41.989,3.8891199999999997,3.8860800000000006,1,1
26.08.2021 02:36:42.120,3.8891199999999997,3.8860800000000006,1.5,1
26.08.2021 02:36:42.170,3.8887800000000006,3.8860800000000006,1,1
26.08.2021 02:36:42.227,3.88886,3.8860800000000006,1,1
26.08.2021 02:36:42.353,3.8888000000000003,3.8860900000000003,1,1
26.08.2021 02:36:42.403,3.8888800000000003,3.8860800000000006,1,1
26.08.2021 02:36:42.504,3.8888800000000003,3.88627,1,1
26.08.2021 02:36:42.621,3.88879,3.88611,1,1
26.08.2021 02:36:42.721,3.8887500000000004,3.8859500000000002,1,1
26.08.2021 02:36:42.772,3.8888300000000005,3.8859500000000002,1,1
26.08.2021 02:36:42.899,3.8888300000000005,3.8859500000000002,1,1
26.08.2021 02:36:42.996,3.88881,3.8859500000000002,1,1
26.08.2021 02:36:43.057,3.8889400000000003,3.8859500000000002,1.5,1
26.08.2021 02:36:43.108,3.88911,3.8861300000000005,1.5,1
26.08.2021 02:36:43.374,3.8889400000000003,3.8861300000000005,1,1
26.08.2021 02:36:44.098,3.88882,3.8861300000000005,1,1
26.08.2021 02:36:44.480,3.88891,3.8861300000000005,1,1
26.08.2021 02:36:44.815,3.8888900000000004,3.88614,1,1
26.08.2021 02:36:44.866,3.88876,3.8861300000000005,1,1
26.08.2021 02:36:48.939,3.88876,3.8861300000000005,1,1
26.08.2021 02:37:00.819,3.8889199999999997,3.88591,1,1
26.08.2021 02:37:00.920,3.88906,3.8859000000000004,1,1
26.08.2021 02:37:00.970,3.88906,3.8859000000000004,1,1
26.08.2021 02:37:11.511,3.88906,3.8859000000000004,1,1
26.08.2021 02:37:19.059,3.88905,3.88591,1,1
26.08.2021 02:37:26.956,3.88905,3.88565,1,1
26.08.2021 02:37:27.997,3.8890400000000005,3.88566,1,1
26.08.2021 02:37:28.048,3.8893500000000003,3.88565,1.12,1
26.08.2021 02:37:28.099,3.8893500000000003,3.88565,1.12,1
26.08.2021 02:37:28.280,3.8893400000000002,3.8856400000000004,1,1.5
26.08.2021 02:37:28.447,3.8896100000000002,3.8856400000000004,1,1.5
26.08.2021 02:37:29.029,3.8896400000000004,3.8856300000000004,1,1.5
26.08.2021 02:37:29.689,3.8897900000000005,3.8856300000000004,1.5,1.5
26.08.2021 02:37:30.874,3.89006,3.8856400000000004,1,1.5
26.08.2021 02:37:32.125,3.8898300000000003,3.8856300000000004,1,1.5
26.08.2021 02:37:32.725,3.88965,3.8856400000000004,1,1.5
26.08.2021 02:37:33.008,3.88966,3.8856300000000004,1,1.5
26.08.2021 02:37:33.342,3.8894900000000003,3.8856300000000004,1,1.5
26.08.2021 02:37:33.618,3.8894900000000003,3.88581,1,1
26.08.2021 02:37:34.045,3.8901300000000005,3.88581,1,1
26.08.2021 02:37:34.210,3.8901300000000005,3.88581,1.5,1
26.08.2021 02:37:34.748,3.88965,3.8858,1,1
26.08.2021 02:37:34.849,3.8887800000000006,3.8856400000000004,1,1.5
26.08.2021 02:37:34.900,3.8890300000000004,3.8856300000000004,1,1.5
26.08.2021 02:37:35.001,3.88972,3.8856800000000007,1,1
26.08.2021 02:37:35.051,3.8897000000000004,3.8856800000000007,1,1
26.08.2021 02:37:35.152,3.8887199999999997,3.8856300000000004,1,1.5
26.08.2021 02:37:35.202,3.8887199999999997,3.8856300000000004,1,1.5
26.08.2021 02:37:35.253,3.88901,3.8856300000000004,1,1.5
26.08.2021 02:37:35.303,3.8885300000000003,3.8856400000000004,1,1.5
26.08.2021 02:37:35.404,3.8878000000000004,3.8856300000000004,1,1.5
26.08.2021 02:37:35.454,3.88811,3.8856300000000004,1,1
26.08.2021 02:37:35.505,3.8884800000000004,3.8856400000000004,1,1
26.08.2021 02:37:35.606,3.88885,3.8856400000000004,1,1
26.08.2021 02:37:35.656,3.88886,3.8856300000000004,1,1.5
26.08.2021 02:37:35.757,3.8883,3.8856300000000004,1,1.5
26.08.2021 02:37:35.817,3.8882900000000005,3.8856400000000004,1,1
26.08.2021 02:37:35.867,3.88824,3.8856400000000004,1,1
26.08.2021 02:37:35.982,3.8880500000000002,3.8856300000000004,1,1
26.08.2021 02:37:36.032,3.8883800000000006,3.8856400000000004,1,1.5
26.08.2021 02:37:36.083,3.8888000000000003,3.8856400000000004,1,1.5
26.08.2021 02:37:36.134,3.88946,3.8856400000000004,1,1.5
26.08.2021 02:37:36.235,3.88974,3.8856699999999997,1,1
26.08.2021 02:37:36.330,3.8897500000000003,3.8856699999999997,1,1
26.08.2021 02:37:36.381,3.8899300000000006,3.8856699999999997,1,1
26.08.2021 02:37:36.648,3.8898300000000003,3.8856800000000007,1,1
26.08.2021 02:37:37.225,3.8900699999999997,3.8856699999999997,1.5,1
26.08.2021 02:37:42.170,3.8900699999999997,3.8857900000000005,1,1
26.08.2021 02:37:42.425,3.89005,3.8858,1,1
26.08.2021 02:37:43.694,3.88976,3.88576,1,1.5
26.08.2021 02:37:44.226,3.8896,3.8857500000000003,1,1.5
26.08.2021 02:37:45.025,3.89011,3.8857500000000003,1,1.5
26.08.2021 02:37:46.113,3.89011,3.88581,1.5,1
26.08.2021 02:37:46.926,3.8896699999999997,3.88582,1,1
26.08.2021 02:37:47.548,3.8896800000000007,3.88581,1,1
26.08.2021 02:37:47.625,3.88985,3.88581,1.5,1
26.08.2021 02:37:47.771,3.88985,3.88581,1,1
26.08.2021 02:37:47.953,3.88985,3.88581,1.5,1
26.08.2021 02:37:48.153,3.88985,3.88581,1,1
26.08.2021 02:37:48.998,3.88966,3.88581,1,1
26.08.2021 02:37:49.475,3.88965,3.88582,1,1
26.08.2021 02:37:49.579,3.88992,3.88581,1,1
26.08.2021 02:37:49.656,3.88997,3.88581,1,1
26.08.2021 02:37:49.706,3.88996,3.88582,1.5,1
26.08.2021 02:37:54.075,3.88977,3.88581,1,1
26.08.2021 02:37:54.369,3.8904199999999998,3.88586,1.5,1
26.08.2021 02:37:54.481,3.8904199999999998,3.88586,1.5,1
26.08.2021 02:38:01.339,3.8901900000000005,3.88586,1.5,1
26.08.2021 02:38:01.496,3.8901900000000005,3.88586,1.5,1
26.08.2021 02:38:05.504,3.8902,3.8858699999999997,1.5,1
26.08.2021 02:38:05.847,3.8901800000000004,3.88586,1.5,1
26.08.2021 02:38:09.787,3.89017,3.88586,1.5,1
26.08.2021 02:38:09.958,3.89017,3.88586,1.5,1
26.08.2021 02:38:10.282,3.8899000000000004,3.88586,1,1
26.08.2021 02:38:10.770,3.88994,3.8858699999999997,1,1
26.08.2021 02:38:11.098,3.88985,3.8858699999999997,1,1
26.08.2021 02:38:12.395,3.8897800000000005,3.88586,1,1
26.08.2021 02:38:13.700,3.88977,3.88586,1,1
26.08.2021 02:38:15.576,3.89002,3.88586,1,1
26.08.2021 02:38:16.347,3.89002,3.8857500000000003,1.5,1
26.08.2021 02:38:16.397,3.8897900000000005,3.88577,1,1
26.08.2021 02:38:16.448,3.8899300000000006,3.88576,1.5,1
26.08.2021 02:38:16.699,3.8897800000000005,3.88576,1,1
26.08.2021 02:38:16.800,3.88897,3.8856300000000004,1,1.5
26.08.2021 02:38:16.901,3.88917,3.88566,1,1
26.08.2021 02:38:17.002,3.88972,3.88582,1,1
26.08.2021 02:38:17.335,3.88907,3.88572,1,1
26.08.2021 02:38:17.436,3.8885500000000004,3.8856300000000004,1,1.5
26.08.2021 02:38:17.486,3.88891,3.8856300000000004,1,1.5
26.08.2021 02:38:17.537,3.88876,3.8856400000000004,1,1.5
26.08.2021 02:38:17.696,3.8880800000000004,3.8856400000000004,1,1.5
26.08.2021 02:38:17.746,3.88836,3.8856300000000004,1,1.5
26.08.2021 02:38:17.797,3.8886400000000005,3.8856300000000004,1,1.5
26.08.2021 02:38:17.847,3.88841,3.8856300000000004,1,1.5
26.08.2021 02:38:17.948,3.8882300000000005,3.8856300000000004,1,1.5
26.08.2021 02:38:17.998,3.8888400000000005,3.8856300000000004,1,1.5
26.08.2021 02:38:18.049,3.88916,3.8856400000000004,1,1.5
26.08.2021 02:38:18.099,3.88862,3.8856300000000004,1,1.5
26.08.2021 02:38:18.200,3.8881699999999997,3.8856300000000004,1,1
26.08.2021 02:38:18.251,3.88835,3.8856400000000004,1,1
26.08.2021 02:38:18.301,3.88816,3.8856400000000004,1,1
26.08.2021 02:38:18.426,3.88826,3.8856400000000004,1,1
26.08.2021 02:38:18.527,3.88922,3.8856400000000004,1,1.5
26.08.2021 02:38:18.627,3.88957,3.88582,1,1
26.08.2021 02:38:18.728,3.89014,3.8858300000000003,1,1
26.08.2021 02:38:18.937,3.8903300000000005,3.88582,1.5,1
26.08.2021 02:38:19.055,3.8903300000000005,3.8858300000000003,1.5,1
26.08.2021 02:38:19.155,3.8901000000000003,3.8858300000000003,1,1
26.08.2021 02:38:19.359,3.8903600000000003,3.8858400000000004,1,1
26.08.2021 02:38:19.573,3.89012,3.8858300000000003,1.5,1
26.08.2021 02:38:27.181,3.8899000000000004,3.8858300000000003,1,1
26.08.2021 02:38:27.876,3.89011,3.8858400000000004,1,1
26.08.2021 02:38:28.541,3.8899000000000004,3.8858300000000003,1,1
26.08.2021 02:38:29.176,3.89011,3.8858400000000004,1,1
26.08.2021 02:38:29.776,3.8899000000000004,3.8858300000000003,1,1
26.08.2021 02:38:30.480,3.89012,3.8858300000000003,1,1
26.08.2021 02:38:31.245,3.88985,3.8858400000000004,1,1
26.08.2021 02:38:31.896,3.88977,3.8858300000000003,1,1
26.08.2021 02:38:33.846,3.88974,3.8858400000000004,1,1
26.08.2021 02:38:34.539,3.8898300000000003,3.8858300000000003,1,1
26.08.2021 02:38:34.611,3.8898300000000003,3.8858300000000003,1,1
26.08.2021 02:38:34.813,3.8898300000000003,3.8858300000000003,1,1
26.08.2021 02:38:35.150,3.88981,3.8858300000000003,1,1
26.08.2021 02:38:35.648,3.88981,3.8858300000000003,1,1
26.08.2021 02:38:35.796,3.8899000000000004,3.8858300000000003,1,1
26.08.2021 02:38:35.935,3.8900900000000003,3.8858300000000003,1.5,1
26.08.2021 02:38:36.577,3.8899300000000006,3.88596,1.5,1.5
26.08.2021 02:38:36.750,3.8900699999999997,3.8859500000000002,1.5,1.5
26.08.2021 02:38:37.246,3.89006,3.88594,1.5,1.5
26.08.2021 02:38:37.467,3.89005,3.88591,1.5,1
26.08.2021 02:38:38.036,3.8899500000000002,3.8859000000000004,1,1
26.08.2021 02:38:38.162,3.8897500000000003,3.88591,1,1
26.08.2021 02:38:38.213,3.8900699999999997,3.88591,1.5,1
26.08.2021 02:38:38.362,3.8900699999999997,3.88591,1,1
26.08.2021 02:38:38.466,3.8900400000000004,3.8859000000000004,1,1
26.08.2021 02:38:38.567,3.8900400000000004,3.8859000000000004,1.5,1
26.08.2021 02:38:38.699,3.8900400000000004,3.8859000000000004,1,1
26.08.2021 02:38:39.243,3.88974,3.88591,1,1
26.08.2021 02:38:39.358,3.88992,3.8859000000000004,1.5,1
26.08.2021 02:38:40.287,3.88992,3.88574,1.5,1.5
26.08.2021 02:38:40.886,3.8899500000000002,3.8856699999999997,1.12,1
26.08.2021 02:38:41.054,3.88994,3.8857800000000005,1.5,1
26.08.2021 02:38:42.102,3.8899500000000002,3.8858,1,1
26.08.2021 02:38:42.153,3.8896400000000004,3.88574,1,1
26.08.2021 02:38:42.945,3.8896,3.8858300000000003,1,1
26.08.2021 02:38:43.342,3.88991,3.8858400000000004,1.5,1
26.08.2021 02:38:43.537,3.88982,3.8857500000000003,1,1
26.08.2021 02:38:43.770,3.8900400000000004,3.8857500000000003,1.5,1
26.08.2021 02:38:43.932,3.8900400000000004,3.8857500000000003,1,1
26.08.2021 02:38:44.894,3.8900300000000003,3.88576,1.5,1
26.08.2021 02:38:45.045,3.8896699999999997,3.8858,1,1
26.08.2021 02:38:45.095,3.88981,3.8858,1,1
26.08.2021 02:38:45.146,3.8900900000000003,3.8858,1,1
26.08.2021 02:38:45.700,3.88996,3.8858,1,1
26.08.2021 02:38:45.801,3.88976,3.88581,1,1
26.08.2021 02:38:45.851,3.88981,3.8857800000000005,1,1
26.08.2021 02:38:45.902,3.8901300000000005,3.8857900000000005,1,1.5
26.08.2021 02:38:46.246,3.8901800000000004,3.8857900000000005,1.5,1.5
26.08.2021 02:38:46.774,3.8901800000000004,3.8857900000000005,1,1.5
26.08.2021 02:38:46.825,3.89017,3.8858,1.5,1.5
26.08.2021 02:38:46.993,3.89017,3.8858,1,1.5
26.08.2021 02:38:47.230,3.89017,3.8858,1.5,1.5
26.08.2021 02:38:48.186,3.88986,3.8858,1.5,1.5
26.08.2021 02:38:48.348,3.89011,3.8857900000000005,1.5,1.5
26.08.2021 02:38:48.550,3.89022,3.8858800000000007,1.5,1
26.08.2021 02:38:48.701,3.89014,3.8858800000000007,1,1
26.08.2021 02:38:48.965,3.8901300000000005,3.8858900000000003,1.5,1
26.08.2021 02:38:49.542,3.8897800000000005,3.8858900000000003,1,1
26.08.2021 02:38:49.592,3.8897800000000005,3.8857300000000006,1,1
26.08.2021 02:38:49.693,3.88976,3.8858400000000004,1,1
26.08.2021 02:38:49.794,3.88976,3.88586,1,1
26.08.2021 02:38:49.865,3.8899500000000002,3.88586,1.5,1
26.08.2021 02:38:49.915,3.88977,3.88585,1,1
26.08.2021 02:38:50.035,3.88991,3.8858300000000003,1,1
26.08.2021 02:38:50.086,3.8900900000000003,3.8858300000000003,1.5,1
26.08.2021 02:38:50.188,3.8900900000000003,3.8858300000000003,1.5,1
26.08.2021 02:38:51.234,3.8897900000000005,3.88585,1,1
26.08.2021 02:38:51.443,3.8897800000000005,3.88586,1,1
26.08.2021 02:38:51.528,3.8899800000000004,3.88586,1.5,1
26.08.2021 02:38:51.595,3.8899900000000005,3.88585,1.5,1
26.08.2021 02:38:52.042,3.8899800000000004,3.88586,1.5,1
26.08.2021 02:38:52.244,3.8897300000000006,3.88585,1,1
26.08.2021 02:38:52.587,3.89022,3.88585,1.5,1
26.08.2021 02:38:52.879,3.8901800000000004,3.88582,1,1
26.08.2021 02:38:52.930,3.89032,3.88582,1,1
26.08.2021 02:38:52.981,3.89005,3.8858300000000003,1,1
26.08.2021 02:38:53.189,3.89005,3.8858300000000003,1.5,1
26.08.2021 02:38:53.390,3.89006,3.88582,1.5,1
26.08.2021 02:38:54.185,3.88991,3.8857800000000005,1,1
26.08.2021 02:38:55.993,3.88991,3.8857800000000005,1.5,1
26.08.2021 02:38:57.224,3.8898699999999997,3.8858400000000004,1,1
26.08.2021 02:38:57.335,3.8901000000000003,3.88577,1.5,1
26.08.2021 02:38:57.385,3.88992,3.88576,1,1
26.08.2021 02:38:57.522,3.88997,3.88577,1.5,1
26.08.2021 02:38:57.572,3.88972,3.88582,1,1
26.08.2021 02:38:57.992,3.89012,3.8858400000000004,1.5,1
26.08.2021 02:38:58.098,3.89012,3.8858400000000004,1.5,1
26.08.2021 02:38:58.643,3.89006,3.8858400000000004,1.5,1
26.08.2021 02:38:58.867,3.8898699999999997,3.8858400000000004,1,1
26.08.2021 02:38:58.996,3.8897500000000003,3.8858400000000004,1,1
26.08.2021 02:38:59.047,3.88974,3.88585,1.12,1
26.08.2021 02:38:59.425,3.89012,3.88582,1,1
26.08.2021 02:38:59.751,3.89026,3.8858300000000003,1,1
26.08.2021 02:39:01.269,3.8896900000000003,3.8857900000000005,1,1
26.08.2021 02:39:01.320,3.88986,3.88576,1.5,1
26.08.2021 02:39:01.471,3.89012,3.88582,1,1
26.08.2021 02:39:01.572,3.89026,3.88582,1.5,1
26.08.2021 02:39:01.723,3.89021,3.8858300000000003,1,1
26.08.2021 02:39:02.326,3.89031,3.88582,1,1
26.08.2021 02:39:02.376,3.8903000000000003,3.8858300000000003,1.5,1
26.08.2021 02:39:02.547,3.89001,3.88582,1,1
26.08.2021 02:39:03.034,3.88977,3.88582,1,1
26.08.2021 02:39:03.149,3.88976,3.8858300000000003,1.5,1
26.08.2021 02:39:03.307,3.89034,3.88582,1.5,1
26.08.2021 02:39:03.971,3.8897300000000006,3.8857900000000005,1,1
26.08.2021 02:39:04.146,3.89021,3.8858300000000003,1,1
26.08.2021 02:39:04.197,3.8901900000000005,3.88582,1,1
26.08.2021 02:39:04.510,3.89021,3.8858300000000003,1,1
26.08.2021 02:39:04.561,3.89022,3.88582,1.5,1
26.08.2021 02:39:04.663,3.8901300000000005,3.8858300000000003,1,1
26.08.2021 02:39:05.099,3.88997,3.8858300000000003,1.5,1
26.08.2021 02:39:05.200,3.8898,3.8858300000000003,1,1.5
26.08.2021 02:39:05.250,3.8901000000000003,3.8858300000000003,1.5,1
26.08.2021 02:39:05.458,3.89025,3.88582,1,1
26.08.2021 02:39:06.128,3.8902900000000002,3.88582,1,1
26.08.2021 02:39:06.240,3.8903600000000003,3.8858,1,1
26.08.2021 02:39:06.367,3.89057,3.8857900000000005,1,1
26.08.2021 02:39:06.555,3.89055,3.88581,1,1
26.08.2021 02:39:07.573,3.8904400000000003,3.88581,1,1
26.08.2021 02:39:07.706,3.8903000000000003,3.88581,1,1
26.08.2021 02:39:07.807,3.88971,3.88581,1,1.5
26.08.2021 02:39:07.858,3.8903600000000003,3.88581,1.5,1
26.08.2021 02:39:07.958,3.8905300000000005,3.88581,1.5,1
26.08.2021 02:39:08.118,3.89016,3.88581,1,1
26.08.2021 02:39:08.206,3.8903600000000003,3.88581,1.5,1
26.08.2021 02:39:08.307,3.89014,3.8858300000000003,1,1
26.08.2021 02:39:08.433,3.89014,3.8858300000000003,1.5,1
26.08.2021 02:39:08.941,3.89014,3.8858300000000003,1.5,1
26.08.2021 02:39:09.112,3.88981,3.8858300000000003,1,1
26.08.2021 02:39:09.163,3.88981,3.8858300000000003,1,1
26.08.2021 02:39:09.227,3.88985,3.8858300000000003,1.12,1
26.08.2021 02:39:09.451,3.89022,3.8858300000000003,1.5,1
26.08.2021 02:39:09.666,3.89022,3.8858300000000003,1.5,1
26.08.2021 02:39:09.867,3.89022,3.8858300000000003,1,1
26.08.2021 02:39:10.433,3.8895800000000005,3.8858300000000003,1,1.5
26.08.2021 02:39:10.584,3.8887300000000007,3.8856300000000004,1,1.5
26.08.2021 02:39:10.685,3.88766,3.8856400000000004,1,1
26.08.2021 02:39:10.735,3.8879,3.8856400000000004,1,1
26.08.2021 02:39:10.786,3.88836,3.8856300000000004,1,1
26.08.2021 02:39:10.887,3.88946,3.8856300000000004,1.5,1.5
26.08.2021 02:39:10.937,3.88827,3.8856300000000004,1,1.5
26.08.2021 02:39:11.038,3.88764,3.8856300000000004,1,1.5
26.08.2021 02:39:11.088,3.88764,3.8856300000000004,1,1
26.08.2021 02:39:11.233,3.8879400000000004,3.8856300000000004,1,1
26.08.2021 02:39:11.284,3.8885199999999998,3.8856300000000004,1,1.5
26.08.2021 02:39:11.384,3.8893500000000003,3.88565,1,1
26.08.2021 02:39:11.435,3.8893400000000002,3.88566,1,1
26.08.2021 02:39:11.485,3.89014,3.8858300000000003,1,1
26.08.2021 02:39:11.670,3.8898400000000004,3.88582,1.5,1
26.08.2021 02:39:12.023,3.8898400000000004,3.8858300000000003,1.5,1
26.08.2021 02:39:12.074,3.8898400000000004,3.8858300000000003,1,1
26.08.2021 02:39:12.124,3.88965,3.8858400000000004,1,1
26.08.2021 02:39:12.175,3.8898699999999997,3.8858300000000003,1.5,1
26.08.2021 02:39:12.326,3.8902400000000004,3.8858300000000003,1.5,1
26.08.2021 02:39:12.546,3.89001,3.88582,1,1.5
26.08.2021 02:39:12.701,3.89021,3.8858300000000003,1,1
26.08.2021 02:39:12.829,3.8904500000000004,3.8858300000000003,1,1
26.08.2021 02:39:13.124,3.8906500000000004,3.8858300000000003,1,1
26.08.2021 02:39:13.473,3.8906300000000007,3.8858300000000003,1,1
26.08.2021 02:39:13.524,3.89067,3.8858300000000003,1,1
26.08.2021 02:39:15.443,3.8906300000000007,3.88582,1,1
26.08.2021 02:39:15.775,3.8906199999999997,3.8858300000000003,1.5,1
26.08.2021 02:39:15.975,3.89061,3.8858300000000003,1.5,1
26.08.2021 02:39:17.063,3.89075,3.88582,1.5,1
26.08.2021 02:39:17.437,3.8904900000000002,3.8858400000000004,1.5,1
26.08.2021 02:39:18.026,3.89037,3.8858300000000003,1,1
26.08.2021 02:39:18.185,3.8903600000000003,3.8858400000000004,1,1
26.08.2021 02:39:19.174,3.89072,3.88581,1.5,1
26.08.2021 02:39:19.339,3.8905300000000005,3.88586,1,1
26.08.2021 02:39:20.742,3.8905300000000005,3.88586,1,1
26.08.2021 02:39:21.296,3.8905300000000005,3.88586,1,1
26.08.2021 02:39:22.663,3.89034,3.88586,1.5,1
26.08.2021 02:39:23.067,3.8898900000000003,3.88586,1,1
26.08.2021 02:39:23.117,3.89001,3.88586,1.5,1
26.08.2021 02:39:23.168,3.89041,3.88586,1.5,1
26.08.2021 02:39:24.653,3.89021,3.88586,1.5,1
26.08.2021 02:39:25.165,3.89046,3.8858699999999997,1.5,1
26.08.2021 02:39:25.834,3.89031,3.8858400000000004,1,1
26.08.2021 02:39:26.332,3.89034,3.8858400000000004,1.5,1
26.08.2021 02:39:26.387,3.8900800000000006,3.8858400000000004,1,1
26.08.2021 02:39:26.537,3.89002,3.88585,1.5,1
26.08.2021 02:39:27.891,3.88977,3.8858400000000004,1,1
26.08.2021 02:39:30.782,3.88977,3.8858400000000004,1.5,1
26.08.2021 02:39:31.694,3.88982,3.8858400000000004,1,1
26.08.2021 02:39:31.894,3.88982,3.8858400000000004,1.5,1
26.08.2021 02:39:31.983,3.8896400000000004,3.8858400000000004,1,1
26.08.2021 02:39:32.193,3.88972,3.8858400000000004,1,1
26.08.2021 02:39:36.004,3.88994,3.88585,1.5,1
26.08.2021 02:39:36.466,3.8897000000000004,3.8858400000000004,1,1
26.08.2021 02:39:36.517,3.8899300000000006,3.88585,1.5,1
26.08.2021 02:39:36.567,3.88966,3.8858400000000004,1,1
26.08.2021 02:39:36.618,3.8898699999999997,3.8858400000000004,1.5,1
26.08.2021 02:39:36.668,3.8898699999999997,3.8858400000000004,1,1
26.08.2021 02:39:36.719,3.8898800000000007,3.88585,1,1
26.08.2021 02:39:37.307,3.8898900000000003,3.8858400000000004,1.5,1
26.08.2021 02:39:37.357,3.88957,3.88585,1,1
26.08.2021 02:39:37.407,3.8898900000000003,3.8858300000000003,1.5,1
26.08.2021 02:39:37.558,3.88997,3.8858300000000003,1.5,1
26.08.2021 02:39:38.267,3.8896800000000007,3.88572,1,1
26.08.2021 02:39:38.318,3.8896699999999997,3.8857300000000006,1,1
26.08.2021 02:39:38.511,3.8896699999999997,3.8857300000000006,1,1
26.08.2021 02:39:39.071,3.88945,3.8857300000000006,1,1
26.08.2021 02:39:39.543,3.88946,3.88572,1,1
26.08.2021 02:39:40.777,3.88945,3.8857300000000006,1,1
26.08.2021 02:39:40.867,3.88971,3.8857300000000006,1,1
26.08.2021 02:39:41.275,3.8901900000000005,3.88572,1,1
26.08.2021 02:39:41.912,3.8902,3.88591,1,1
26.08.2021 02:39:42.217,3.89012,3.88592,1,1
26.08.2021 02:39:42.385,3.89032,3.88591,1.5,1
26.08.2021 02:39:42.749,3.8900300000000003,3.88592,1,1
26.08.2021 02:39:42.962,3.8900400000000004,3.88591,1,1
26.08.2021 02:39:43.438,3.8901900000000005,3.88591,1.5,1
26.08.2021 02:39:44.551,3.8901900000000005,3.88591,1.5,1
26.08.2021 02:39:45.475,3.89052,3.8859900000000005,1.5,1
26.08.2021 02:39:46.242,3.89035,3.8859900000000005,1.5,1
26.08.2021 02:39:46.447,3.8903900000000005,3.8859900000000005,1.5,1
26.08.2021 02:39:46.659,3.8902900000000002,3.8858800000000007,1.5,1
26.08.2021 02:39:46.846,3.89051,3.8858699999999997,1,1.5
26.08.2021 02:39:48.172,3.89021,3.8859000000000004,1,1
26.08.2021 02:39:48.322,3.8904199999999998,3.8858900000000003,1.5,1
26.08.2021 02:39:48.444,3.89025,3.8858900000000003,1,1
26.08.2021 02:39:48.495,3.8903800000000004,3.8858900000000003,1.5,1
26.08.2021 02:39:48.545,3.8903300000000005,3.8858900000000003,1,1
26.08.2021 02:39:48.646,3.89012,3.8858900000000003,1,1
26.08.2021 02:39:48.747,3.89041,3.8858900000000003,1,1
26.08.2021 02:39:48.848,3.8904,3.8858400000000004,1,1
26.08.2021 02:39:49.081,3.8904400000000003,3.8858800000000007,1,1
26.08.2021 02:39:49.287,3.8907800000000003,3.8858699999999997,1,1
26.08.2021 02:39:49.491,3.89051,3.88597,1,1
26.08.2021 02:39:49.642,3.89097,3.88586,1,1
26.08.2021 02:39:49.742,3.89096,3.8859900000000005,1,1
26.08.2021 02:39:50.531,3.89096,3.8859900000000005,1,1
26.08.2021 02:39:52.407,3.8900900000000003,3.8859500000000002,1,1
26.08.2021 02:39:52.532,3.8903300000000005,3.88596,1,1
26.08.2021 02:39:52.583,3.8903300000000005,3.88596,1.5,1
26.08.2021 02:39:52.784,3.8903000000000003,3.8859500000000002,1.5,1
26.08.2021 02:39:53.993,3.8902900000000002,3.88596,1,1
26.08.2021 02:39:58.180,3.88942,3.8859300000000006,1,1
26.08.2021 02:39:58.281,3.88917,3.8858,1,1
26.08.2021 02:39:58.332,3.8896800000000007,3.8857500000000003,1,1
26.08.2021 02:39:58.432,3.88986,3.8857900000000005,1,1
26.08.2021 02:39:58.483,3.8895300000000006,3.8857500000000003,1,1
26.08.2021 02:39:58.589,3.8892900000000004,3.8856300000000004,1,1.5
26.08.2021 02:39:58.690,3.88972,3.88565,1,1
26.08.2021 02:39:58.791,3.8894,3.88581,1,1
26.08.2021 02:39:58.942,3.88926,3.88574,1,1
26.08.2021 02:39:58.992,3.8898400000000004,3.88591,1,1
26.08.2021 02:39:59.147,3.8904500000000004,3.8859000000000004,1,1
26.08.2021 02:39:59.854,3.8904500000000004,3.88591,1,1
26.08.2021 02:39:59.905,3.8904500000000004,3.88591,1,1
26.08.2021 02:39:59.955,3.88996,3.88591,1.5,1
26.08.2021 02:40:00.056,3.88982,3.8858699999999997,1,1
26.08.2021 02:40:00.107,3.89011,3.88594,1.5,1
26.08.2021 02:40:00.258,3.89022,3.8859300000000006,1.5,1
26.08.2021 02:40:00.654,3.89022,3.8858800000000007,1.5,1
26.08.2021 02:40:00.755,3.88992,3.8858800000000007,1,1
26.08.2021 02:40:00.806,3.89002,3.8858800000000007,1.5,1
26.08.2021 02:40:02.890,3.89035,3.8858800000000007,1,1
26.08.2021 02:40:04.263,3.89035,3.8858800000000007,1,1
26.08.2021 02:40:05.279,3.89035,3.8858800000000007,1,1
26.08.2021 02:40:06.797,3.8900900000000003,3.8858800000000007,1,1
26.08.2021 02:40:06.848,3.8900800000000006,3.8858900000000003,1.5,1
26.08.2021 02:40:07.026,3.89035,3.8858800000000007,1,1
26.08.2021 02:40:07.955,3.89035,3.8858800000000007,1,1
26.08.2021 02:40:08.157,3.89035,3.8858800000000007,1,1
26.08.2021 02:40:08.611,3.8904199999999998,3.88597,1.5,1
26.08.2021 02:40:08.813,3.89027,3.88597,1,1
26.08.2021 02:40:09.218,3.8903300000000005,3.8859800000000004,1,1
26.08.2021 02:40:09.369,3.89034,3.88597,1.5,1
26.08.2021 02:40:10.042,3.89034,3.88592,1.5,1
26.08.2021 02:40:10.642,3.89034,3.88592,1.5,1
26.08.2021 02:40:10.871,3.8904199999999998,3.88592,1.5,1
26.08.2021 02:40:11.459,3.89025,3.8858300000000003,1.5,1
26.08.2021 02:40:15.978,3.89041,3.8859000000000004,1.5,1
26.08.2021 02:40:16.248,3.8904400000000003,3.8859500000000002,1.12,1
26.08.2021 02:40:16.813,3.89027,3.8859500000000002,1,1
26.08.2021 02:40:16.974,3.88994,3.8859500000000002,1,1.5
26.08.2021 02:40:17.025,3.88994,3.8859500000000002,1,1.5
26.08.2021 02:40:17.143,3.8901900000000005,3.8859500000000002,1.5,1.5
26.08.2021 02:40:17.856,3.8901900000000005,3.8859500000000002,1.5,1.5
26.08.2021 02:40:18.508,3.8901800000000004,3.88596,1.5,1.5
26.08.2021 02:40:19.363,3.88982,3.8859500000000002,1,1.5
26.08.2021 02:40:20.907,3.8900900000000003,3.88572,1.5,1
