Gmt time,Ask,Bid,AskVolume,BidVolume
20.08.2021 00:00:00.095,3.92732,3.9220300000000003,1.5,1.5
20.08.2021 00:00:00.296,3.9272199999999997,3.9217400000000002,1,1
20.08.2021 00:00:00.461,3.92732,3.9217400000000002,1.5,1
20.08.2021 00:00:00.765,3.92732,3.92216,1.5,1
20.08.2021 00:00:00.922,3.92731,3.92217,1.5,1
20.08.2021 00:00:01.928,3.9274300000000006,3.9219800000000005,1,1
20.08.2021 00:00:02.088,3.9274300000000006,3.9219800000000005,1,1
20.08.2021 00:00:09.546,3.9272300000000007,3.9220699999999997,1.5,1
20.08.2021 00:00:09.718,3.92737,3.92206,1,1
20.08.2021 00:00:09.969,3.92721,3.9223000000000003,1.5,1
20.08.2021 00:00:10.070,3.92737,3.92225,1,1
20.08.2021 00:00:10.272,3.92709,3.9223800000000004,1,1
20.08.2021 00:00:10.473,3.92737,3.9223800000000004,1,1
20.08.2021 00:00:10.661,3.92697,3.9223800000000004,1,1
20.08.2021 00:00:10.959,3.92697,3.9223800000000004,1,1
20.08.2021 00:00:11.248,3.9270500000000004,3.92196,1,1
20.08.2021 00:00:11.450,3.92706,3.922,1,1
20.08.2021 00:00:11.679,3.92707,3.9222699999999997,1,1
20.08.2021 00:00:11.730,3.9268500000000004,3.9218800000000007,1,1
20.08.2021 00:00:11.780,3.9269600000000002,3.9218900000000003,1,1
20.08.2021 00:00:13.829,3.9271000000000003,3.9218699999999997,1,1
20.08.2021 00:00:14.030,3.9267300000000005,3.92225,1,1
20.08.2021 00:00:14.231,3.92675,3.92225,1,1
20.08.2021 00:00:14.433,3.92697,3.92226,1,1
20.08.2021 00:00:14.593,3.9269000000000003,3.92225,1,1
20.08.2021 00:00:15.053,3.9268800000000006,3.92191,1.5,1
20.08.2021 00:00:15.667,3.92706,3.9221500000000002,1.5,1
20.08.2021 00:00:15.872,3.9268500000000004,3.9223000000000003,1,1
20.08.2021 00:00:16.030,3.92707,3.92226,1,1
20.08.2021 00:00:16.231,3.9268199999999998,3.92226,1,1
20.08.2021 00:00:16.430,3.9268199999999998,3.92226,1,1
20.08.2021 00:00:16.665,3.9268,3.92217,1,1
20.08.2021 00:00:16.867,3.9268,3.9218100000000002,1.5,1
20.08.2021 00:00:17.069,3.9268,3.92225,1,1
20.08.2021 00:00:17.220,3.9267900000000004,3.92226,1,1
20.08.2021 00:00:17.422,3.9268,3.9218100000000002,1,1
20.08.2021 00:00:17.674,3.9266199999999998,3.9221800000000004,1,1
20.08.2021 00:00:17.884,3.92675,3.9221300000000006,1.5,1
20.08.2021 00:00:18.160,3.9266199999999998,3.9218100000000002,1,1
20.08.2021 00:00:18.261,3.9267800000000004,3.92217,1.5,1
20.08.2021 00:00:18.413,3.92707,3.92217,1,1
20.08.2021 00:00:19.341,3.9268300000000003,3.9223300000000005,1,1
20.08.2021 00:00:19.543,3.9270400000000003,3.9223300000000005,1.5,1
20.08.2021 00:00:19.745,3.92707,3.92194,1,1
20.08.2021 00:00:19.795,3.9268,3.92201,1,1
20.08.2021 00:00:19.846,3.92706,3.92197,1,1
20.08.2021 00:00:20.048,3.92707,3.92237,1,1
20.08.2021 00:00:20.250,3.92732,3.92237,1.5,1
20.08.2021 00:00:20.451,3.92729,3.92237,1,1
20.08.2021 00:00:20.653,3.9269000000000003,3.9222800000000007,1,1
20.08.2021 00:00:20.855,3.92675,3.92231,1,1
20.08.2021 00:00:21.068,3.9268800000000006,3.9223300000000005,1,1
20.08.2021 00:00:21.269,3.92677,3.92202,1,1
20.08.2021 00:00:21.474,3.9270199999999997,3.9219300000000006,1,1
20.08.2021 00:00:21.675,3.9268300000000003,3.9222400000000004,1,1
20.08.2021 00:00:21.857,3.9270300000000007,3.92194,1,1
20.08.2021 00:00:22.087,3.9270300000000007,3.9219300000000006,1,1
20.08.2021 00:00:22.242,3.9270300000000007,3.9219300000000006,1,1
20.08.2021 00:00:22.493,3.92707,3.92194,1,1
20.08.2021 00:00:22.695,3.9270400000000003,3.92221,1,1
20.08.2021 00:00:22.850,3.92706,3.9220699999999997,1.5,1
20.08.2021 00:00:23.076,3.9269900000000004,3.9220900000000003,1,1
20.08.2021 00:00:23.263,3.9269900000000004,3.9222800000000007,1.5,1
20.08.2021 00:00:23.464,3.92706,3.92205,1.5,1
20.08.2021 00:00:23.666,3.92707,3.92226,1,1
20.08.2021 00:00:23.867,3.92697,3.92196,1,1
20.08.2021 00:00:24.068,3.9269600000000002,3.9220400000000004,1,1
20.08.2021 00:00:24.297,3.9269600000000002,3.92191,1,1
20.08.2021 00:00:24.498,3.92654,3.9219500000000003,1,1
20.08.2021 00:00:24.699,3.92656,3.9222,1,1
20.08.2021 00:00:24.901,3.9265300000000005,3.9221500000000002,1,1
20.08.2021 00:00:25.102,3.92677,3.92211,1,1
20.08.2021 00:00:25.303,3.9267600000000003,3.92212,1,1
20.08.2021 00:00:25.476,3.92677,3.92225,1,1
20.08.2021 00:00:25.929,3.92674,3.92221,1,1
20.08.2021 00:00:26.131,3.9266199999999998,3.92221,1.5,1
20.08.2021 00:00:26.282,3.9264900000000003,3.9221800000000004,1,1
20.08.2021 00:00:26.483,3.9264800000000006,3.92222,1,1
20.08.2021 00:00:26.642,3.9266900000000002,3.92222,1,1
20.08.2021 00:00:26.854,3.9266900000000002,3.9219800000000005,1,1
20.08.2021 00:00:27.055,3.9266199999999998,3.9217900000000006,1,1
20.08.2021 00:00:27.270,3.9265000000000003,3.92221,1,1
20.08.2021 00:00:27.673,3.927,3.92211,1,1
20.08.2021 00:00:27.874,3.92661,3.92192,1,1
20.08.2021 00:00:27.924,3.92654,3.92192,1,1
20.08.2021 00:00:27.975,3.92707,3.92191,1.5,1
20.08.2021 00:00:28.076,3.92681,3.92214,1,1
20.08.2021 00:00:28.284,3.9267600000000003,3.92192,1,1
20.08.2021 00:00:28.487,3.9267000000000003,3.92225,1,1
20.08.2021 00:00:28.688,3.92686,3.92194,1,1
20.08.2021 00:00:28.880,3.92686,3.92217,1,1
20.08.2021 00:00:29.049,3.92686,3.92217,1,1
20.08.2021 00:00:29.270,3.92677,3.9218699999999997,1,1
20.08.2021 00:00:29.471,3.92667,3.92222,1.5,1
20.08.2021 00:00:29.694,3.92692,3.92202,1,1
20.08.2021 00:00:29.896,3.92686,3.9220400000000004,1,1
20.08.2021 00:00:30.097,3.9269800000000004,3.9221900000000005,1.5,1
20.08.2021 00:00:30.298,3.92672,3.9221000000000004,1,1
20.08.2021 00:00:30.471,3.92686,3.92226,1,1
20.08.2021 00:00:30.694,3.9268199999999998,3.92192,1,1
20.08.2021 00:00:30.852,3.9268199999999998,3.92192,1,1
20.08.2021 00:00:31.103,3.92667,3.92221,1,1
20.08.2021 00:00:31.242,3.92667,3.92221,1,1
20.08.2021 00:00:31.493,3.9266199999999998,3.92242,1,1
20.08.2021 00:00:31.695,3.92667,3.9224699999999997,1,1
20.08.2021 00:00:31.896,3.9266900000000002,3.9224400000000004,1,1
20.08.2021 00:00:32.097,3.92655,3.92246,1,1
20.08.2021 00:00:32.298,3.92711,3.9221500000000002,1,1
20.08.2021 00:00:32.499,3.9267000000000003,3.9223500000000002,1,1
20.08.2021 00:00:32.701,3.92666,3.9224,1,1
20.08.2021 00:00:32.867,3.9265300000000005,3.9224400000000004,1,1
20.08.2021 00:00:33.118,3.92675,3.92245,1.5,1
20.08.2021 00:00:33.319,3.9266900000000002,3.9223500000000002,1,1
20.08.2021 00:00:33.520,3.9267600000000003,3.9224699999999997,1,1
20.08.2021 00:00:33.722,3.92657,3.92225,1,1
20.08.2021 00:00:33.917,3.9265800000000004,3.9222400000000004,1,1
20.08.2021 00:00:34.118,3.92652,3.9224800000000006,1,1.5
20.08.2021 00:00:34.320,3.92651,3.9225000000000003,1,1
20.08.2021 00:00:34.521,3.9269400000000005,3.9219000000000004,1.5,1
20.08.2021 00:00:35.100,3.9264699999999997,3.92236,1,1
20.08.2021 00:00:35.302,3.92661,3.9222800000000007,1,1
20.08.2021 00:00:35.503,3.9265800000000004,3.9224400000000004,1,1
20.08.2021 00:00:35.604,3.9265800000000004,3.92245,1,1
20.08.2021 00:00:35.805,3.92651,3.9224900000000003,1,1
20.08.2021 00:00:36.006,3.92654,3.922,1,1
20.08.2021 00:00:36.208,3.92697,3.9224,1.5,1
20.08.2021 00:00:36.309,3.9266800000000006,3.9223000000000003,1,1
20.08.2021 00:00:36.460,3.9264400000000004,3.92197,1.12,1
20.08.2021 00:00:36.661,3.9264400000000004,3.92245,1,1
20.08.2021 00:00:36.862,3.9270300000000007,3.922,1,1
20.08.2021 00:00:37.064,3.92667,3.9224400000000004,1,1
20.08.2021 00:00:37.265,3.92675,3.9224,1,1
20.08.2021 00:00:37.466,3.92656,3.9219800000000005,1,1
20.08.2021 00:00:37.667,3.9266900000000002,3.9220300000000003,1,1
20.08.2021 00:00:37.869,3.92645,3.9222800000000007,1,1
20.08.2021 00:00:38.071,3.9263900000000005,3.92196,1,1
20.08.2021 00:00:38.272,3.9263800000000004,3.9220300000000003,1,1
20.08.2021 00:00:38.473,3.92636,3.92251,1,1
20.08.2021 00:00:38.675,3.92642,3.9224800000000006,1,1
20.08.2021 00:00:38.876,3.92645,3.9223900000000005,1.5,1
20.08.2021 00:00:39.129,3.92631,3.92242,1,1
20.08.2021 00:00:39.330,3.9266300000000003,3.92242,1,1
20.08.2021 00:00:39.531,3.92655,3.9223000000000003,1,1
20.08.2021 00:00:39.632,3.92655,3.92245,1,1
20.08.2021 00:00:39.683,3.92655,3.92245,1,1
20.08.2021 00:00:39.733,3.92645,3.9223000000000003,1,1
20.08.2021 00:00:39.934,3.9264300000000003,3.92206,1,1
20.08.2021 00:00:40.086,3.92657,3.92201,1.5,1
20.08.2021 00:00:40.287,3.9265300000000005,3.9225000000000003,1,1
20.08.2021 00:00:40.488,3.9268400000000003,3.92202,1,1
20.08.2021 00:00:40.690,3.92652,3.92225,1,1
20.08.2021 00:00:40.891,3.92666,3.9219000000000004,1,1
20.08.2021 00:00:41.093,3.92654,3.9224699999999997,1,1
20.08.2021 00:00:41.294,3.9264900000000003,3.92246,1,1
20.08.2021 00:00:41.496,3.9267600000000003,3.9224800000000006,1,1
20.08.2021 00:00:41.603,3.9267600000000003,3.9224800000000006,1,1
20.08.2021 00:00:41.838,3.9266,3.92261,1,1
20.08.2021 00:00:42.039,3.92651,3.9224800000000006,1,1
20.08.2021 00:00:42.441,3.92651,3.92256,1.5,1
20.08.2021 00:00:42.492,3.92651,3.9225900000000005,1.5,1
20.08.2021 00:00:42.693,3.9264900000000003,3.9224800000000006,1,1
20.08.2021 00:00:42.844,3.92654,3.9220300000000003,1,1
20.08.2021 00:00:43.045,3.92652,3.9226,1.5,1
20.08.2021 00:00:43.246,3.92655,3.9221000000000004,1,1
20.08.2021 00:00:43.414,3.92642,3.92255,1,1
20.08.2021 00:00:43.622,3.9264800000000006,3.92267,1,1
20.08.2021 00:00:43.773,3.9266,3.92251,1,1
20.08.2021 00:00:43.975,3.9266300000000003,3.92261,1,1
20.08.2021 00:00:44.177,3.9267600000000003,3.9226,1,1
20.08.2021 00:00:44.379,3.92651,3.9224300000000003,1,1
20.08.2021 00:00:44.576,3.92641,3.9226800000000006,1,1
20.08.2021 00:00:44.784,3.92641,3.92271,1,1
20.08.2021 00:00:44.985,3.92654,3.9222,1,1
20.08.2021 00:00:45.186,3.92642,3.92266,1,1
20.08.2021 00:00:45.388,3.92654,3.9222300000000003,1,1
20.08.2021 00:00:45.589,3.92646,3.92255,1,1
20.08.2021 00:00:45.791,3.9266199999999998,3.92225,1,1
20.08.2021 00:00:45.942,3.92654,3.9226,1,1
20.08.2021 00:00:46.043,3.92675,3.9224300000000003,1,1
20.08.2021 00:00:46.194,3.9264400000000004,3.92272,1,1
20.08.2021 00:00:46.295,3.9267000000000003,3.92245,1.62,1
20.08.2021 00:00:46.496,3.9265000000000003,3.9226,1,1
20.08.2021 00:00:46.708,3.92667,3.9223800000000004,1,1
20.08.2021 00:00:46.910,3.9265800000000004,3.9226900000000002,1,1
20.08.2021 00:00:47.114,3.92655,3.92275,1,1
20.08.2021 00:00:47.214,3.9265800000000004,3.92272,1,1
20.08.2021 00:00:47.265,3.92655,3.92272,1,1
20.08.2021 00:00:47.366,3.9266300000000003,3.92254,1.5,1
20.08.2021 00:00:47.517,3.92655,3.92257,1.5,1
20.08.2021 00:00:47.718,3.92652,3.9222,1,1
20.08.2021 00:00:47.769,3.9266400000000004,3.92265,1,1
20.08.2021 00:00:47.819,3.9265900000000005,3.9221900000000005,1,1.5
20.08.2021 00:00:47.920,3.9266199999999998,3.9226,1.5,1
20.08.2021 00:00:48.122,3.9264800000000006,3.92266,1,1
20.08.2021 00:00:52.020,3.92645,3.92265,1,1
20.08.2021 00:01:02.089,3.92645,3.92265,1,1
20.08.2021 00:01:13.813,3.92645,3.92265,1,1
20.08.2021 00:01:14.015,3.92645,3.92265,1,1
20.08.2021 00:01:59.200,3.92632,3.92252,1,1
20.08.2021 00:01:59.413,3.92616,3.92251,1,1
20.08.2021 00:02:30.873,3.92616,3.9223300000000005,1,1
20.08.2021 00:02:40.610,3.9259900000000005,3.9223300000000005,1,1
20.08.2021 00:02:41.369,3.92597,3.92214,1,1
20.08.2021 00:02:41.516,3.92597,3.92214,1,1
20.08.2021 00:03:10.814,3.9256699999999998,3.92197,1.5,1
20.08.2021 00:03:10.968,3.9256300000000004,3.92194,1,1
20.08.2021 00:03:11.343,3.92562,3.9219500000000003,1,1
20.08.2021 00:03:14.301,3.9256300000000004,3.92194,1,1
20.08.2021 00:03:19.577,3.9254400000000005,3.9217900000000006,1,1
20.08.2021 00:03:19.738,3.9254400000000005,3.9217900000000006,1,1
20.08.2021 00:03:20.432,3.92542,3.9216800000000003,1,1
20.08.2021 00:03:20.586,3.9254300000000004,3.9216699999999998,1,1
20.08.2021 00:03:28.316,3.92526,3.9216,1,1
20.08.2021 00:03:29.894,3.92525,3.92157,1,1
20.08.2021 00:03:30.203,3.9254300000000004,3.9217300000000006,1.62,1
20.08.2021 00:03:32.287,3.9254300000000004,3.9217300000000006,1,1
20.08.2021 00:03:34.537,3.9254300000000004,3.9217300000000006,1,1
20.08.2021 00:03:35.587,3.92526,3.9215800000000005,1,1
20.08.2021 00:03:43.053,3.92526,3.92159,1,1
20.08.2021 00:03:43.561,3.92526,3.92159,1,1
20.08.2021 00:03:44.951,3.92526,3.92159,1,1
20.08.2021 00:03:45.051,3.92526,3.92159,1,1
20.08.2021 00:03:45.588,3.92525,3.9216,1,1
20.08.2021 00:03:51.633,3.92526,3.92159,1,1
20.08.2021 00:03:51.832,3.92526,3.92159,1,1
20.08.2021 00:03:54.918,3.92541,3.92176,1,1
20.08.2021 00:03:55.077,3.92541,3.92176,1,1
20.08.2021 00:03:59.098,3.9254300000000004,3.92177,1,1
20.08.2021 00:04:00.889,3.9254400000000005,3.92176,1,1
20.08.2021 00:04:02.382,3.9254300000000004,3.92177,1,1
20.08.2021 00:04:02.733,3.9254300000000004,3.92177,1,1
20.08.2021 00:04:03.131,3.9254400000000005,3.92176,1,1
20.08.2021 00:04:03.332,3.9254400000000005,3.92176,1,1
20.08.2021 00:04:03.809,3.9254300000000004,3.92177,1,1
20.08.2021 00:04:06.284,3.9254400000000005,3.92176,1,1
20.08.2021 00:04:22.941,3.92559,3.92192,1,1
20.08.2021 00:04:23.191,3.9254400000000005,3.9217500000000003,1,1
20.08.2021 00:04:31.357,3.9252400000000005,3.92141,1,1
20.08.2021 00:04:38.579,3.9253300000000007,3.9211400000000003,1,1
20.08.2021 00:04:38.761,3.9257400000000002,3.9211400000000003,1.9,1
20.08.2021 00:04:41.361,3.92502,3.9213500000000003,1,1
20.08.2021 00:04:55.517,3.92502,3.9213500000000003,1,1
20.08.2021 00:04:55.717,3.9250300000000005,3.9213400000000003,1,1
20.08.2021 00:04:59.388,3.92502,3.9213400000000003,1,1
20.08.2021 00:04:59.549,3.92502,3.9213400000000003,1,1
20.08.2021 00:05:00.022,3.92502,3.9213400000000003,1,1
20.08.2021 00:05:00.380,3.92502,3.9213400000000003,1,1
20.08.2021 00:05:55.412,3.92506,3.9213500000000003,1,1
20.08.2021 00:05:56.309,3.92505,3.92136,1,1
20.08.2021 00:06:02.844,3.92505,3.9213500000000003,1,1
20.08.2021 00:06:03.559,3.9248900000000004,3.9212300000000004,1,1
20.08.2021 00:06:03.625,3.9248900000000004,3.9212300000000004,1,1
20.08.2021 00:06:04.265,3.9248900000000004,3.9212300000000004,1,1
20.08.2021 00:06:14.887,3.9248900000000004,3.92119,1,1
20.08.2021 00:06:18.241,3.9248800000000004,3.9212000000000002,1,1
20.08.2021 00:06:18.443,3.9248900000000004,3.92119,1,1
20.08.2021 00:06:21.642,3.92507,3.92136,1.62,1
20.08.2021 00:06:40.514,3.92507,3.92136,1.62,1
20.08.2021 00:06:40.716,3.92506,3.92136,1,1
20.08.2021 00:07:00.806,3.9248900000000004,3.9211800000000006,1,1
20.08.2021 00:07:05.939,3.9248900000000004,3.9211800000000006,1,1
20.08.2021 00:07:35.037,3.9248900000000004,3.92119,1,1
20.08.2021 00:07:38.281,3.9248800000000004,3.9212000000000002,1,1
20.08.2021 00:07:38.481,3.9248900000000004,3.92119,1,1
20.08.2021 00:07:52.957,3.9249199999999997,3.92105,1,1
20.08.2021 00:07:57.548,3.92491,3.92106,1,1
20.08.2021 00:08:01.962,3.9248800000000004,3.92116,1,1
20.08.2021 00:08:05.611,3.9248800000000004,3.92116,1,1
20.08.2021 00:08:07.022,3.9248800000000004,3.92116,1,1
20.08.2021 00:08:16.056,3.9248800000000004,3.92116,1,1
20.08.2021 00:08:19.785,3.92487,3.92117,1,1
20.08.2021 00:08:31.783,3.9248800000000004,3.92116,1,1
20.08.2021 00:08:32.935,3.9248800000000004,3.92116,1,1
20.08.2021 00:08:43.326,3.9248800000000004,3.92116,1,1
20.08.2021 00:08:47.330,3.9248800000000004,3.92117,1,1
20.08.2021 00:09:20.571,3.92485,3.9211500000000004,1,1
20.08.2021 00:10:01.239,3.9248900000000004,3.9211800000000006,1,1
20.08.2021 00:10:01.324,3.9248900000000004,3.9211800000000006,1,1
20.08.2021 00:10:18.047,3.92507,3.92136,1.62,1
20.08.2021 00:10:20.040,3.92506,3.92137,1.62,1
20.08.2021 00:10:29.899,3.92507,3.92136,1.62,1
20.08.2021 00:10:49.693,3.9249,3.9212400000000005,1,1
20.08.2021 00:10:49.864,3.9248900000000004,3.92117,1,1
20.08.2021 00:10:52.995,3.9248900000000004,3.92117,1,1
20.08.2021 00:11:05.947,3.9248900000000004,3.92117,1,1
20.08.2021 00:11:06.150,3.9248800000000004,3.92119,1,1
20.08.2021 00:11:06.351,3.9248900000000004,3.9211800000000006,1,1
20.08.2021 00:11:06.552,3.9248800000000004,3.92119,1,1
20.08.2021 00:11:25.254,3.9248900000000004,3.92119,1,1
20.08.2021 00:11:40.755,3.9249,3.9211800000000006,1,1
20.08.2021 00:11:47.689,3.9249,3.9211800000000006,1,1
20.08.2021 00:11:48.128,3.9247400000000003,3.92119,1.5,1
20.08.2021 00:11:58.733,3.9247300000000003,3.9211,1.5,1
20.08.2021 00:12:00.971,3.9247400000000003,3.9210900000000004,1.5,1
20.08.2021 00:12:01.072,3.9247300000000003,3.9211,1.5,1
20.08.2021 00:12:18.946,3.9247400000000003,3.92111,1.5,1
20.08.2021 00:13:43.556,3.9247400000000003,3.9211400000000003,1.5,1
20.08.2021 00:14:18.718,3.9247400000000003,3.9211300000000007,1.5,1
20.08.2021 00:14:26.114,3.9247400000000003,3.9212900000000004,1.5,1
20.08.2021 00:14:37.125,3.9247300000000003,3.92131,1.5,1
20.08.2021 00:14:40.273,3.9247400000000003,3.9213,1.5,1
20.08.2021 00:14:46.410,3.9247300000000003,3.9212000000000002,1.5,1
20.08.2021 00:14:48.700,3.9247300000000003,3.9212000000000002,1.5,1
20.08.2021 00:14:48.900,3.9247400000000003,3.92119,1.5,1
20.08.2021 00:14:52.493,3.9247300000000003,3.9212000000000002,1.5,1
20.08.2021 00:15:10.545,3.9247400000000003,3.92119,1.5,1
20.08.2021 00:15:16.409,3.9247400000000003,3.92119,1.5,1
20.08.2021 00:15:19.766,3.9247400000000003,3.92119,1.5,1
20.08.2021 00:15:20.242,3.9247300000000003,3.9212000000000002,1.5,1
20.08.2021 00:15:21.197,3.9247400000000003,3.92119,1.5,1
20.08.2021 00:15:22.721,3.9247300000000003,3.9212000000000002,1.5,1
20.08.2021 00:15:25.492,3.9247400000000003,3.92119,1.5,1
20.08.2021 00:15:25.707,3.9247400000000003,3.92119,1.5,1
20.08.2021 00:15:25.896,3.9247300000000003,3.9212000000000002,1.5,1
20.08.2021 00:15:27.158,3.9247400000000003,3.9210800000000003,1.5,1
20.08.2021 00:15:27.392,3.9247300000000003,3.9210900000000004,1.5,1
20.08.2021 00:15:29.188,3.9247400000000003,3.9210800000000003,1.5,1
20.08.2021 00:15:30.488,3.9247400000000003,3.9210800000000003,1.5,1
20.08.2021 00:15:34.229,3.9247300000000003,3.92107,1.5,1
20.08.2021 00:15:45.531,3.9247400000000003,3.92106,1.5,1
20.08.2021 00:15:46.857,3.9247300000000003,3.92107,1.5,1
20.08.2021 00:15:54.241,3.9247300000000003,3.92107,1.5,1
20.08.2021 00:16:19.494,3.9247900000000002,3.92119,1,1
20.08.2021 00:16:32.550,3.9249500000000004,3.9212300000000004,1.5,1
20.08.2021 00:16:32.731,3.9249500000000004,3.92136,1.5,1
20.08.2021 00:16:32.822,3.9249500000000004,3.92136,1.5,1
20.08.2021 00:16:38.717,3.9249400000000003,3.92137,1.5,1
20.08.2021 00:16:38.972,3.9249500000000004,3.92136,1.5,1
20.08.2021 00:16:48.990,3.9249500000000004,3.92136,1.5,1
20.08.2021 00:17:36.673,3.9250000000000003,3.92136,1,1
20.08.2021 00:17:36.935,3.9250000000000003,3.92136,1,1
20.08.2021 00:17:37.137,3.9250000000000003,3.92136,1,1
20.08.2021 00:18:00.909,3.9250000000000003,3.92136,1,1
20.08.2021 00:18:07.217,3.92499,3.92137,1,1
20.08.2021 00:18:07.370,3.92499,3.92136,1,1
20.08.2021 00:18:07.730,3.92499,3.92136,1,1
20.08.2021 00:18:36.661,3.92499,3.9213500000000003,1.5,1
20.08.2021 00:18:36.864,3.92497,3.92136,1.5,1
20.08.2021 00:18:46.504,3.92497,3.92136,1.5,1
20.08.2021 00:18:48.056,3.9249800000000006,3.9213500000000003,1.5,1
20.08.2021 00:19:10.947,3.9249800000000006,3.9213500000000003,1.5,1
20.08.2021 00:19:11.150,3.92481,3.9213500000000003,1,1
20.08.2021 00:19:55.945,3.9248000000000003,3.92116,1,1
20.08.2021 00:19:56.146,3.9247400000000003,3.92116,1.5,1
20.08.2021 00:19:58.053,3.92471,3.92107,1,1
20.08.2021 00:20:34.538,3.92445,3.9209,1.5,1
20.08.2021 00:20:34.741,3.92444,3.9209199999999997,1.5,1
20.08.2021 00:20:38.336,3.92444,3.9209199999999997,1.5,1
20.08.2021 00:20:40.915,3.92445,3.92091,1.5,1
20.08.2021 00:21:00.760,3.92445,3.92091,1.5,1
20.08.2021 00:21:00.998,3.92444,3.9211199999999997,1.5,1
20.08.2021 00:22:07.447,3.9246300000000005,3.9210900000000004,1.5,1
20.08.2021 00:22:07.647,3.92464,3.9210800000000003,1.5,1
20.08.2021 00:22:11.168,3.92464,3.9210800000000003,1.5,1
20.08.2021 00:22:17.348,3.92464,3.9210800000000003,1.5,1
20.08.2021 00:22:17.824,3.92464,3.9210800000000003,1.5,1
20.08.2021 00:22:18.025,3.92464,3.9210800000000003,1.5,1
20.08.2021 00:22:23.058,3.92464,3.9210800000000003,1.5,1
20.08.2021 00:22:26.900,3.92464,3.9210900000000004,1.5,1
20.08.2021 00:22:27.100,3.92464,3.9210900000000004,1.5,1
20.08.2021 00:22:41.741,3.92464,3.9210900000000004,1.5,1
20.08.2021 00:22:44.320,3.92464,3.9210900000000004,1.5,1
20.08.2021 00:22:44.521,3.92464,3.9210900000000004,1.5,1
20.08.2021 00:22:46.020,3.92464,3.9210000000000003,1.5,1
20.08.2021 00:22:51.969,3.9245300000000003,3.92101,1.5,1
20.08.2021 00:22:56.740,3.9245400000000004,3.9210000000000003,1.5,1
20.08.2021 00:23:06.782,3.9244800000000004,3.9208300000000005,1,1
20.08.2021 00:23:37.053,3.9243800000000006,3.9208300000000005,1.5,1
20.08.2021 00:24:05.115,3.9242900000000005,3.92071,1,1
20.08.2021 00:24:05.317,3.9242900000000005,3.92071,1,1
20.08.2021 00:24:06.618,3.9243,3.9207,1,1
20.08.2021 00:24:07.555,3.9242900000000005,3.92071,1,1
20.08.2021 00:24:15.783,3.9243800000000006,3.92077,1.5,1
20.08.2021 00:24:21.815,3.9241300000000003,3.92077,1.5,1
20.08.2021 00:24:21.991,3.9241400000000004,3.9205800000000006,1.5,1
20.08.2021 00:24:22.429,3.9239300000000004,3.9205900000000002,1.5,1
20.08.2021 00:24:22.647,3.9239400000000004,3.92041,1.5,1
20.08.2021 00:24:22.885,3.9239400000000004,3.9202500000000002,1.5,1
20.08.2021 00:24:23.263,3.9239400000000004,3.9202500000000002,1.5,1
20.08.2021 00:24:41.438,3.9237,3.9202500000000002,1.5,1
20.08.2021 00:24:41.668,3.9237,3.9202500000000002,1.5,1
20.08.2021 00:25:24.003,3.9237,3.92016,1.5,1
20.08.2021 00:25:25.414,3.9237,3.92016,1.5,1
20.08.2021 00:25:27.223,3.92369,3.9201699999999997,1.5,1
20.08.2021 00:25:27.431,3.9239100000000002,3.9203800000000006,1.5,1
20.08.2021 00:25:27.626,3.9239100000000002,3.9203800000000006,1.5,1
20.08.2021 00:25:32.206,3.9239100000000002,3.9203800000000006,1.5,1
20.08.2021 00:25:39.341,3.9239,3.9203900000000003,1.5,1
20.08.2021 00:25:39.542,3.9239,3.9203900000000003,1.5,1
20.08.2021 00:25:39.987,3.9239100000000002,3.9203800000000006,1.5,1
20.08.2021 00:25:40.190,3.9239,3.9203900000000003,1.5,1
20.08.2021 00:25:42.222,3.9239,3.9203900000000003,1.5,1
20.08.2021 00:25:47.385,3.9239100000000002,3.9203800000000006,1.5,1
20.08.2021 00:25:47.584,3.9239100000000002,3.9203800000000006,1.5,1
20.08.2021 00:25:57.112,3.9239100000000002,3.9203800000000006,1.5,1
20.08.2021 00:26:03.636,3.9239100000000002,3.9203800000000006,1.5,1
20.08.2021 00:26:05.748,3.9240800000000005,3.9203900000000003,1,1
20.08.2021 00:26:07.281,3.9240800000000005,3.9203900000000003,1,1
20.08.2021 00:26:10.452,3.9240800000000005,3.9203900000000003,1,1
20.08.2021 00:26:10.661,3.92411,3.92055,1.5,1
20.08.2021 00:26:12.556,3.92411,3.92055,1.5,1
20.08.2021 00:26:20.556,3.92411,3.92055,1.5,1
20.08.2021 00:26:51.854,3.9241,3.92057,1.5,1
20.08.2021 00:26:52.054,3.9241,3.92057,1.5,1
20.08.2021 00:27:07.748,3.92411,3.92056,1.5,1
20.08.2021 00:27:08.378,3.92411,3.92056,1.5,1
20.08.2021 00:27:08.580,3.9241,3.92057,1.5,1
20.08.2021 00:27:14.271,3.92411,3.92055,1.5,1
20.08.2021 00:27:18.710,3.92411,3.92055,1.5,1
20.08.2021 00:27:26.336,3.92426,3.92055,1,1
20.08.2021 00:27:34.768,3.92431,3.9207199999999998,1.5,1
20.08.2021 00:27:34.969,3.92431,3.9207300000000003,1.5,1
20.08.2021 00:27:49.599,3.92431,3.9207300000000003,1.5,1
20.08.2021 00:27:49.802,3.92431,3.9207300000000003,1.5,1
20.08.2021 00:28:38.192,3.9244000000000003,3.9208000000000003,1.5,1
20.08.2021 00:28:39.148,3.9244000000000003,3.9208000000000003,1.5,1
20.08.2021 00:28:48.557,3.9244000000000003,3.9208000000000003,1.5,1
20.08.2021 00:28:54.993,3.9244000000000003,3.9208000000000003,1.5,1
20.08.2021 00:28:56.149,3.9244000000000003,3.9208000000000003,1.5,1
20.08.2021 00:29:18.133,3.9244000000000003,3.9208000000000003,1.5,1
20.08.2021 00:29:18.333,3.9242500000000002,3.92081,1.5,1
20.08.2021 00:29:39.224,3.92426,3.9207300000000003,1.5,1
20.08.2021 00:29:39.461,3.92426,3.9207300000000003,1.5,1
20.08.2021 00:29:45.939,3.92426,3.9207,1.5,1
20.08.2021 00:29:57.577,3.92406,3.9207,1.5,1
20.08.2021 00:29:59.452,3.92406,3.92052,1.5,1
20.08.2021 00:30:01.158,3.92406,3.92052,1.5,1
20.08.2021 00:30:02.495,3.9240500000000003,3.9205300000000003,1.5,1
20.08.2021 00:30:12.283,3.92426,3.9206900000000005,1.5,1
20.08.2021 00:30:12.404,3.92426,3.9206900000000005,1.5,1
20.08.2021 00:30:14.196,3.92426,3.9206900000000005,1.5,1
20.08.2021 00:30:36.174,3.92426,3.9206900000000005,1.5,1
20.08.2021 00:30:42.721,3.92412,3.9207,1.5,1
20.08.2021 00:30:49.170,3.9241300000000003,3.92051,1.5,1
20.08.2021 00:30:53.556,3.9241300000000003,3.92051,1.5,1
20.08.2021 00:31:02.091,3.9241300000000003,3.92051,1.5,1
20.08.2021 00:31:06.389,3.9241300000000003,3.92051,1.5,1
20.08.2021 00:31:09.320,3.9241300000000003,3.92051,1.5,1
20.08.2021 00:31:29.122,3.9239300000000004,3.9205,1.5,1
20.08.2021 00:31:34.656,3.9239300000000004,3.9205,1.5,1
20.08.2021 00:31:39.045,3.9238900000000005,3.9204300000000005,1.5,1
20.08.2021 00:31:41.587,3.9238500000000003,3.9202900000000005,1,1
20.08.2021 00:31:56.335,3.92386,3.92015,1,1
20.08.2021 00:32:07.948,3.92372,3.92021,1,1
20.08.2021 00:32:11.557,3.9237300000000004,3.9200300000000006,1,1
20.08.2021 00:32:35.799,3.9237100000000003,3.92004,1,1
20.08.2021 00:32:44.722,3.92372,3.9200300000000006,1,1
20.08.2021 00:32:44.898,3.92362,3.92004,1.5,1
20.08.2021 00:32:48.332,3.9236300000000006,3.9200300000000006,1.5,1
20.08.2021 00:32:48.534,3.92362,3.92004,1.5,1
20.08.2021 00:32:49.149,3.92362,3.92004,1.5,1
20.08.2021 00:32:50.651,3.9236300000000006,3.9200300000000006,1.5,1
20.08.2021 00:33:35.099,3.9236300000000006,3.9199699999999997,1.5,1
20.08.2021 00:33:39.979,3.9236300000000006,3.9199699999999997,1.5,1
20.08.2021 00:33:40.030,3.9236300000000006,3.9199699999999997,1.5,1
20.08.2021 00:33:40.080,3.9236300000000006,3.9199699999999997,1.5,1
20.08.2021 00:33:40.759,3.9236300000000006,3.9199699999999997,1.5,1
20.08.2021 00:33:51.733,3.92375,3.92007,1.5,1
20.08.2021 00:34:04.166,3.92376,3.92006,1.5,1
20.08.2021 00:34:37.302,3.92376,3.9201300000000003,1.5,1
20.08.2021 00:34:53.755,3.92375,3.9201699999999997,1.5,1
20.08.2021 00:34:53.956,3.92392,3.9202900000000005,1.62,1
20.08.2021 00:34:58.350,3.9239300000000004,3.9202800000000004,1.62,1
20.08.2021 00:35:06.394,3.9239300000000004,3.9202800000000004,1.62,1
20.08.2021 00:35:07.969,3.92392,3.9202900000000005,1.62,1
20.08.2021 00:35:16.297,3.92392,3.9202900000000005,1.62,1
20.08.2021 00:35:29.274,3.9237900000000003,3.9202800000000004,1.5,1
20.08.2021 00:35:44.262,3.9237900000000003,3.9202800000000004,1.5,1
20.08.2021 00:35:44.779,3.9237100000000003,3.9202800000000004,1.5,1
20.08.2021 00:35:46.442,3.9237,3.91996,1,1
20.08.2021 00:37:13.695,3.9236300000000006,3.9199,1,1
20.08.2021 00:37:20.005,3.92362,3.9199,1,1
20.08.2021 00:38:12.151,3.9235300000000004,3.9199,1.5,1
20.08.2021 00:38:18.057,3.9235300000000004,3.9199,1.5,1
20.08.2021 00:38:24.529,3.9235300000000004,3.9199,1.5,1
20.08.2021 00:38:45.517,3.9235400000000005,3.91992,1.5,1
20.08.2021 00:38:45.719,3.9235400000000005,3.91992,1.5,1
20.08.2021 00:39:20.613,3.92352,3.9199300000000004,1,1
20.08.2021 00:39:28.729,3.9235300000000004,3.91992,1,1
20.08.2021 00:39:36.119,3.9235300000000004,3.91992,1,1
20.08.2021 00:39:51.672,3.9235400000000005,3.9199400000000004,1.5,1
20.08.2021 00:40:00.369,3.9235300000000004,3.91995,1.5,1
20.08.2021 00:40:00.569,3.9235300000000004,3.91995,1.5,1
20.08.2021 00:40:06.312,3.9235400000000005,3.9199400000000004,1.5,1
20.08.2021 00:40:06.476,3.9235400000000005,3.9199400000000004,1.5,1
20.08.2021 00:40:15.451,3.9235400000000005,3.9199400000000004,1.5,1
20.08.2021 00:40:21.432,3.9235400000000005,3.9198900000000005,1.5,1
20.08.2021 00:40:24.041,3.9235400000000005,3.9198900000000005,1.5,1
20.08.2021 00:40:41.790,3.9235400000000005,3.9198900000000005,1.5,1
20.08.2021 00:41:20.672,3.9235400000000005,3.9198500000000003,1.5,1
20.08.2021 00:41:25.132,3.9235400000000005,3.9198500000000003,1.5,1
20.08.2021 00:41:26.921,3.9235300000000004,3.91986,1.5,1
20.08.2021 00:41:45.905,3.9235300000000004,3.91986,1.5,1
20.08.2021 00:41:46.105,3.9235400000000005,3.9198500000000003,1.5,1
20.08.2021 00:42:26.080,3.9235300000000004,3.91992,1.5,1
20.08.2021 00:42:26.281,3.9235300000000004,3.91992,1.5,1
20.08.2021 00:42:34.132,3.9235400000000005,3.9199100000000002,1.5,1
20.08.2021 00:42:35.635,3.9235300000000004,3.91992,1.5,1
20.08.2021 00:43:25.370,3.9235400000000005,3.9198800000000005,1.5,1
20.08.2021 00:43:30.428,3.92341,3.9198800000000005,1.5,1
20.08.2021 00:43:30.629,3.92341,3.9198800000000005,1.5,1
20.08.2021 00:43:39.152,3.92341,3.9198800000000005,1.5,1
20.08.2021 00:43:53.556,3.9234,3.9198900000000005,1.5,1
20.08.2021 00:44:09.113,3.92341,3.9198800000000005,1.5,1
20.08.2021 00:44:32.486,3.92341,3.9197800000000003,1.5,1
20.08.2021 00:45:00.387,3.9234,3.9197900000000003,1.5,1
20.08.2021 00:45:16.167,3.92341,3.9197800000000003,1.5,1
20.08.2021 00:45:18.649,3.9234,3.9197900000000003,1.5,1
20.08.2021 00:45:21.592,3.92341,3.9197400000000004,1.5,1
20.08.2021 00:45:34.176,3.92341,3.9197400000000004,1.5,1
20.08.2021 00:45:39.415,3.92341,3.9197400000000004,1.5,1
20.08.2021 00:45:44.409,3.9234,3.91975,1.5,1
20.08.2021 00:45:44.566,3.92341,3.9197400000000004,1.5,1
20.08.2021 00:45:49.833,3.9234500000000003,3.91975,1,1
20.08.2021 00:46:09.982,3.92346,3.9197400000000004,1,1
20.08.2021 00:46:21.553,3.92335,3.9196500000000003,1,1
20.08.2021 00:46:26.212,3.92335,3.9196500000000003,1,1
20.08.2021 00:46:34.428,3.9231800000000003,3.9196500000000003,1,1
20.08.2021 00:46:35.057,3.9231800000000003,3.91951,1,1
20.08.2021 00:46:40.639,3.9231800000000003,3.91951,1,1
20.08.2021 00:46:41.160,3.9231800000000003,3.91951,1,1
20.08.2021 00:46:43.700,3.9231800000000003,3.91951,1,1
20.08.2021 00:46:54.315,3.9231900000000004,3.9195,1,1
20.08.2021 00:47:04.040,3.9231900000000004,3.9195,1,1
20.08.2021 00:47:04.091,3.9231900000000004,3.9195,1,1
20.08.2021 00:47:05.496,3.9231900000000004,3.9195,1,1
20.08.2021 00:47:05.707,3.9231800000000003,3.91951,1,1
20.08.2021 00:47:11.429,3.9231800000000003,3.91951,1,1
20.08.2021 00:47:32.160,3.9231900000000004,3.9195,1,1
20.08.2021 00:47:32.506,3.9231900000000004,3.9195,1,1
20.08.2021 00:47:32.704,3.9231800000000003,3.91951,1,1
20.08.2021 00:47:38.477,3.9232800000000005,3.9196500000000003,1,1
20.08.2021 00:47:45.547,3.92329,3.9196400000000002,1,1
20.08.2021 00:47:51.601,3.92329,3.9196400000000002,1,1
20.08.2021 00:47:56.115,3.92329,3.9196400000000002,1,1
20.08.2021 00:48:08.995,3.9232800000000005,3.9196500000000003,1,1
20.08.2021 00:48:09.131,3.9232800000000005,3.9196500000000003,1,1
20.08.2021 00:48:21.433,3.92329,3.9196400000000002,1,1
20.08.2021 00:48:22.442,3.92329,3.9196400000000002,1,1
20.08.2021 00:48:23.884,3.9232800000000005,3.9196500000000003,1,1
20.08.2021 00:48:36.934,3.92326,3.9196,1,1
20.08.2021 00:48:38.769,3.92327,3.9195900000000004,1,1
20.08.2021 00:48:38.971,3.92326,3.9196,1,1
20.08.2021 00:48:39.436,3.92327,3.9195900000000004,1,1
20.08.2021 00:48:43.544,3.92326,3.9196,1,1
20.08.2021 00:48:50.161,3.92327,3.9195900000000004,1,1
20.08.2021 00:48:54.412,3.92327,3.9195900000000004,1,1
20.08.2021 00:48:54.615,3.92327,3.9195900000000004,1,1
20.08.2021 00:48:59.350,3.92327,3.9195900000000004,1,1
20.08.2021 00:48:59.553,3.92327,3.9195900000000004,1,1
20.08.2021 00:49:00.338,3.92326,3.9196,1,1
20.08.2021 00:49:08.986,3.92326,3.9196,1,1
20.08.2021 00:49:13.779,3.92326,3.9195900000000004,1,1
20.08.2021 00:49:43.417,3.92307,3.9194,1,1
20.08.2021 00:49:43.616,3.92307,3.9194,1,1
20.08.2021 00:49:51.939,3.92307,3.9194,1,1
20.08.2021 00:49:56.702,3.92306,3.91941,1,1
20.08.2021 00:49:57.686,3.92307,3.9194,1,1
20.08.2021 00:50:01.024,3.9231000000000003,3.91955,1.5,1
20.08.2021 00:50:07.238,3.9231000000000003,3.91955,1.5,1
20.08.2021 00:50:12.569,3.9231000000000003,3.91955,1.5,1
20.08.2021 00:50:14.476,3.9231000000000003,3.91955,1.5,1
20.08.2021 00:50:35.837,3.92291,3.91926,1,1
20.08.2021 00:50:41.357,3.92291,3.91926,1,1
20.08.2021 00:50:41.558,3.92291,3.91926,1,1
20.08.2021 00:50:41.793,3.9230800000000006,3.9194300000000006,1,1
20.08.2021 00:51:01.117,3.92307,3.9194400000000003,1,1
20.08.2021 00:51:19.445,3.9232300000000007,3.91955,1,1
20.08.2021 00:51:19.623,3.92326,3.9197400000000004,1,1
20.08.2021 00:51:20.149,3.9232300000000007,3.91955,1,1
20.08.2021 00:51:20.307,3.92326,3.9197400000000004,1,1
20.08.2021 00:51:20.516,3.9232300000000007,3.91955,1,1
20.08.2021 00:51:20.710,3.9232500000000003,3.91975,1,1
20.08.2021 00:51:20.960,3.9232199999999997,3.91956,1,1
20.08.2021 00:51:21.113,3.9232500000000003,3.91975,1,1
20.08.2021 00:51:21.364,3.9232300000000007,3.91955,1,1
20.08.2021 00:51:21.517,3.92326,3.9197400000000004,1,1
20.08.2021 00:51:21.767,3.9232300000000007,3.91955,1,1
20.08.2021 00:51:21.920,3.92326,3.91972,1,1
20.08.2021 00:51:22.241,3.9232500000000003,3.91975,1,1
20.08.2021 00:51:22.397,3.9232500000000003,3.91975,1,1
20.08.2021 00:51:22.598,3.9232300000000007,3.91956,1,1
20.08.2021 00:51:22.798,3.9232500000000003,3.91975,1,1
20.08.2021 00:51:22.999,3.9232300000000007,3.91956,1,1
20.08.2021 00:51:23.201,3.92326,3.9197400000000004,1,1
20.08.2021 00:51:26.148,3.92326,3.9197400000000004,1,1
20.08.2021 00:51:26.352,3.9232300000000007,3.91956,1,1
20.08.2021 00:51:26.554,3.92326,3.9197400000000004,1,1
20.08.2021 00:51:26.707,3.92326,3.9197400000000004,1,1
20.08.2021 00:51:26.954,3.9232500000000003,3.91975,1,1
20.08.2021 00:51:27.365,3.92326,3.9197400000000004,1,1
20.08.2021 00:51:27.565,3.9232199999999997,3.9195699999999998,1,1
20.08.2021 00:51:27.762,3.92326,3.9197400000000004,1,1
20.08.2021 00:51:27.965,3.9232300000000007,3.91955,1,1
20.08.2021 00:51:28.172,3.92326,3.9197400000000004,1,1
20.08.2021 00:51:28.375,3.9232300000000007,3.91955,1,1
20.08.2021 00:51:28.582,3.9232500000000003,3.91975,1,1
20.08.2021 00:51:28.773,3.9232300000000007,3.91955,1,1
20.08.2021 00:51:28.978,3.92326,3.9197400000000004,1,1
20.08.2021 00:51:29.483,3.9232300000000007,3.91956,1,1
20.08.2021 00:51:29.678,3.92326,3.9197400000000004,1,1
20.08.2021 00:51:29.878,3.9232199999999997,3.91956,1,1
20.08.2021 00:51:30.031,3.92326,3.9197400000000004,1,1
20.08.2021 00:51:51.748,3.92341,3.9197400000000004,1,1
20.08.2021 00:51:51.926,3.92337,3.9197400000000004,1.5,1
20.08.2021 00:52:12.807,3.92337,3.9197400000000004,1.5,1
20.08.2021 00:52:14.181,3.92337,3.9197400000000004,1.5,1
20.08.2021 00:52:19.693,3.92337,3.9197400000000004,1.5,1
20.08.2021 00:52:28.261,3.92336,3.91975,1.5,1
20.08.2021 00:52:32.507,3.92337,3.9197,1.62,1
20.08.2021 00:52:36.057,3.92336,3.9197100000000002,1.62,1
20.08.2021 00:52:40.872,3.92336,3.9197100000000002,1.62,1
20.08.2021 00:52:47.012,3.9233000000000002,3.9197,1,1
20.08.2021 00:53:02.553,3.9233000000000002,3.9197,1,1
20.08.2021 00:53:07.054,3.9233000000000002,3.9197,1,1
20.08.2021 00:53:08.109,3.92329,3.9197100000000002,1,1
20.08.2021 00:53:08.310,3.9233000000000002,3.9197,1,1
20.08.2021 00:53:21.727,3.92337,3.9194800000000005,1.5,1
20.08.2021 00:53:21.778,3.92336,3.9191900000000004,1,1.5
20.08.2021 00:53:21.828,3.9232300000000007,3.9191800000000003,1,1.5
20.08.2021 00:53:22.340,3.9234,3.9191900000000004,1,1.5
20.08.2021 00:53:38.160,3.92341,3.9190400000000003,1.5,1
20.08.2021 00:54:06.181,3.92341,3.9190400000000003,1.5,1
20.08.2021 00:54:06.382,3.9234,3.9190500000000004,1.5,1
20.08.2021 00:54:24.292,3.92341,3.9189300000000005,1,1
20.08.2021 00:54:29.746,3.9234,3.91897,1,1
20.08.2021 00:54:55.520,3.92341,3.9189300000000005,1,1
20.08.2021 00:54:56.399,3.92346,3.9189400000000005,1.5,1
20.08.2021 00:54:59.310,3.9234300000000006,3.9189300000000005,1.5,1
20.08.2021 00:55:00.421,3.92347,3.9189300000000005,1.5,1
20.08.2021 00:55:00.518,3.92346,3.9189400000000005,1.5,1
20.08.2021 00:55:01.306,3.9233900000000004,3.9189300000000005,1.5,1
20.08.2021 00:55:03.187,3.92332,3.9186800000000006,1.5,1
20.08.2021 00:55:03.339,3.92332,3.9186800000000006,1.5,1
20.08.2021 00:55:10.883,3.9231900000000004,3.9194400000000003,1,1
20.08.2021 00:55:51.062,3.92311,3.9194500000000003,1,1
20.08.2021 00:56:16.468,3.92312,3.91947,1,1
20.08.2021 00:56:16.684,3.92311,3.9194800000000005,1,1
20.08.2021 00:56:17.832,3.92312,3.9194800000000005,1,1
20.08.2021 00:56:19.541,3.92312,3.9194800000000005,1,1
20.08.2021 00:57:11.159,3.92312,3.9194300000000006,1,1
20.08.2021 00:57:21.026,3.92311,3.9194500000000003,1,1
20.08.2021 00:57:21.245,3.92317,3.9194400000000003,1.5,1
20.08.2021 00:57:26.428,3.92329,3.91962,1,1
20.08.2021 00:57:26.668,3.92337,3.91962,1.5,1
20.08.2021 00:57:46.862,3.92337,3.9198000000000004,1.5,1
20.08.2021 00:57:56.042,3.92337,3.9198000000000004,1.5,1
20.08.2021 00:58:03.556,3.92336,3.91981,1.5,1
20.08.2021 00:58:11.559,3.92337,3.9198000000000004,1.5,1
20.08.2021 00:58:34.556,3.92331,3.9196300000000006,1,1
20.08.2021 00:58:39.016,3.92332,3.91962,1,1
20.08.2021 00:58:42.499,3.92331,3.9196300000000006,1,1
20.08.2021 00:59:07.387,3.92332,3.91962,1,1
20.08.2021 00:59:13.715,3.92331,3.9196300000000006,1,1
20.08.2021 00:59:46.419,3.92332,3.91966,1,1
20.08.2021 00:59:47.033,3.92332,3.91966,1,1
20.08.2021 01:00:00.231,3.9233300000000004,3.9196500000000003,1,1
20.08.2021 01:00:03.182,3.9233300000000004,3.9196500000000003,1,1
20.08.2021 01:00:13.237,3.9233300000000004,3.9196500000000003,1,1
20.08.2021 01:00:20.737,3.92332,3.9196400000000002,1,1
20.08.2021 01:00:25.848,3.9233300000000004,3.9196400000000002,1,1
20.08.2021 01:00:27.518,3.92335,3.9196400000000002,1,1
20.08.2021 01:00:32.563,3.92335,3.9196400000000002,1,1
20.08.2021 01:00:33.260,3.92335,3.9196400000000002,1,1
20.08.2021 01:00:36.534,3.92335,3.9196400000000002,1,1
20.08.2021 01:00:52.600,3.92335,3.9196400000000002,1,1
20.08.2021 01:00:54.042,3.9233400000000005,3.9196500000000003,1,1
20.08.2021 01:01:04.917,3.92336,3.91975,1.5,1
20.08.2021 01:01:10.088,3.92337,3.9197400000000004,1.5,1
20.08.2021 01:01:10.286,3.92337,3.9197400000000004,1.5,1
20.08.2021 01:01:26.473,3.92356,3.9197900000000003,1,1
20.08.2021 01:01:26.652,3.92356,3.9197900000000003,1,1
20.08.2021 01:01:27.057,3.92356,3.9197900000000003,1,1
20.08.2021 01:01:53.924,3.92357,3.9199400000000004,1.5,1
20.08.2021 01:01:57.472,3.92357,3.9199400000000004,1.5,1
20.08.2021 01:02:02.479,3.92357,3.9199400000000004,1.5,1
20.08.2021 01:02:23.659,3.9237400000000004,3.9200900000000005,1,1
20.08.2021 01:02:36.763,3.9237300000000004,3.9201,1,1
20.08.2021 01:03:03.524,3.9236400000000002,3.9200900000000005,1.5,1
20.08.2021 01:03:27.640,3.9236300000000006,3.92001,1.5,1
20.08.2021 01:03:39.426,3.9236400000000002,3.9200000000000004,1.5,1
20.08.2021 01:03:52.276,3.9236400000000002,3.91995,1.5,1
20.08.2021 01:04:05.340,3.9236400000000002,3.91995,1.5,1
20.08.2021 01:04:20.367,3.9235800000000003,3.9199400000000004,1.5,1
20.08.2021 01:04:31.363,3.92357,3.91995,1.5,1
20.08.2021 01:04:33.122,3.9235800000000003,3.9199400000000004,1.5,1
20.08.2021 01:04:35.520,3.92357,3.91995,1.5,1
20.08.2021 01:04:35.719,3.92357,3.91995,1.5,1
20.08.2021 01:04:41.056,3.9233400000000005,3.9199400000000004,1.5,1
20.08.2021 01:04:55.626,3.9233400000000005,3.9199,1.5,1
20.08.2021 01:05:07.203,3.9231400000000005,3.9197300000000004,1.5,1
20.08.2021 01:05:07.404,3.9231400000000005,3.9197300000000004,1.5,1
20.08.2021 01:05:07.604,3.9231400000000005,3.9197300000000004,1.5,1
20.08.2021 01:05:09.243,3.9231300000000005,3.9197400000000004,1.5,1
20.08.2021 01:05:17.895,3.9231400000000005,3.9198900000000005,1.5,1
20.08.2021 01:05:18.086,3.92331,3.9199,1.5,1
20.08.2021 01:05:23.764,3.92331,3.9199,1.5,1
20.08.2021 01:05:29.910,3.92331,3.9199,1.5,1
20.08.2021 01:05:47.743,3.9231000000000003,3.91972,1.5,1
20.08.2021 01:05:48.464,3.92311,3.9197100000000002,1.5,1
20.08.2021 01:05:48.674,3.92297,3.9195400000000005,1.5,1
20.08.2021 01:06:00.773,3.9229600000000002,3.91955,1.5,1
20.08.2021 01:06:05.495,3.92297,3.9195400000000005,1.5,1
20.08.2021 01:06:11.232,3.9228400000000003,3.9195400000000005,1.5,1
20.08.2021 01:06:15.139,3.9228400000000003,3.9195400000000005,1.5,1
20.08.2021 01:06:24.533,3.9228300000000003,3.91955,1.5,1
20.08.2021 01:06:25.082,3.9229400000000005,3.91955,1.5,1
20.08.2021 01:06:28.505,3.9229400000000005,3.91955,1.5,1
20.08.2021 01:06:28.708,3.9229400000000005,3.91955,1.5,1
20.08.2021 01:06:33.423,3.9229400000000005,3.91955,1.5,1
20.08.2021 01:06:39.998,3.9229400000000005,3.91955,1.5,1
20.08.2021 01:06:45.144,3.9229400000000005,3.91955,1.5,1
20.08.2021 01:06:54.117,3.9229400000000005,3.91946,1.5,1
20.08.2021 01:07:24.561,3.9229400000000005,3.91946,1.5,1
20.08.2021 01:07:36.739,3.9229400000000005,3.91946,1.5,1
20.08.2021 01:07:58.619,3.9229400000000005,3.91932,1.5,1
20.08.2021 01:08:05.176,3.9229300000000005,3.9193300000000004,1.5,1
20.08.2021 01:08:06.093,3.92271,3.91932,1.5,1
20.08.2021 01:08:06.339,3.92271,3.91932,1.5,1
20.08.2021 01:08:06.822,3.9227000000000003,3.9193300000000004,1.5,1
20.08.2021 01:08:15.707,3.92271,3.91932,1.5,1
20.08.2021 01:08:49.393,3.92271,3.91932,1.5,1.5
20.08.2021 01:08:49.801,3.92291,3.91932,1.5,1.5
20.08.2021 01:08:56.691,3.9229000000000003,3.9193300000000004,1.5,1.5
20.08.2021 01:08:58.525,3.92291,3.91932,1.5,1.5
20.08.2021 01:09:06.561,3.92291,3.91932,1.5,1.5
20.08.2021 01:09:15.187,3.9230300000000007,3.91952,1.5,1
20.08.2021 01:09:49.241,3.9230400000000003,3.91951,1.5,1
20.08.2021 01:09:49.457,3.9231800000000003,3.9197,1.5,1
20.08.2021 01:09:49.934,3.9231800000000003,3.9197,1.5,1
20.08.2021 01:10:13.733,3.9231800000000003,3.9197,1.5,1
20.08.2021 01:10:13.933,3.9231800000000003,3.9197,1.5,1
20.08.2021 01:10:29.816,3.9231800000000003,3.9197,1.5,1
20.08.2021 01:10:37.046,3.9230300000000007,3.9197,1.5,1
20.08.2021 01:10:45.707,3.9230400000000003,3.91969,1.5,1
20.08.2021 01:11:16.317,3.9230300000000007,3.9196300000000006,1.5,1
20.08.2021 01:11:16.520,3.9230400000000003,3.91962,1.5,1
20.08.2021 01:12:19.444,3.9230400000000003,3.91961,1.5,1
20.08.2021 01:12:26.729,3.9232,3.91962,1.5,1
20.08.2021 01:12:26.929,3.92321,3.9197900000000003,1.5,1
20.08.2021 01:12:32.027,3.92337,3.91981,1.5,1
20.08.2021 01:12:39.050,3.92337,3.9199800000000007,1.5,1
20.08.2021 01:13:27.812,3.9233800000000003,3.9199699999999997,1.5,1
20.08.2021 01:13:39.561,3.9233800000000003,3.91995,1.5,1
20.08.2021 01:13:47.629,3.9233800000000003,3.91995,1.5,1
20.08.2021 01:13:53.949,3.92337,3.91996,1.5,1
20.08.2021 01:13:54.149,3.9233800000000003,3.91995,1.5,1
20.08.2021 01:13:56.766,3.9233800000000003,3.91995,1.5,1
20.08.2021 01:14:03.577,3.92337,3.91996,1.5,1
20.08.2021 01:14:49.923,3.92337,3.9200300000000006,1.5,1
20.08.2021 01:15:00.528,3.92337,3.9200300000000006,1.5,1
20.08.2021 01:15:00.810,3.9233800000000003,3.92002,1.5,1
20.08.2021 01:15:00.958,3.9233800000000003,3.91984,1.5,1
20.08.2021 01:15:03.026,3.92337,3.9198500000000003,1.5,1
20.08.2021 01:15:03.227,3.9231800000000003,3.91984,1.5,1
20.08.2021 01:15:04.727,3.9231800000000003,3.91967,1.5,1
20.08.2021 01:15:05.159,3.9231800000000003,3.91967,1.5,1
20.08.2021 01:15:16.450,3.9231800000000003,3.91967,1.5,1
20.08.2021 01:15:37.060,3.9231800000000003,3.91967,1.5,1
20.08.2021 01:15:37.264,3.92317,3.9196800000000005,1.5,1
20.08.2021 01:15:44.562,3.9231800000000003,3.91967,1.5,1
20.08.2021 01:15:47.625,3.9231800000000003,3.91967,1.5,1
20.08.2021 01:15:52.212,3.9231800000000003,3.91967,1.5,1
20.08.2021 01:15:52.876,3.92317,3.9196800000000005,1.5,1
20.08.2021 01:16:05.412,3.9231800000000003,3.9196400000000002,1.5,1
20.08.2021 01:17:10.077,3.92301,3.9195900000000004,1.5,1
20.08.2021 01:17:10.279,3.92301,3.9195900000000004,1.5,1
20.08.2021 01:17:18.428,3.923,3.9196,1.5,1
20.08.2021 01:17:28.203,3.92301,3.9195900000000004,1.5,1
20.08.2021 01:17:37.827,3.923,3.9196,1.5,1
20.08.2021 01:17:50.836,3.92301,3.9195900000000004,1.5,1
20.08.2021 01:17:51.747,3.92301,3.9195900000000004,1.5,1
20.08.2021 01:18:37.703,3.923,3.9187600000000002,1.5,1.5
20.08.2021 01:18:38.716,3.923,3.9187600000000002,1.5,1.5
20.08.2021 01:18:50.265,3.9228400000000003,3.9194199999999997,1.5,1
20.08.2021 01:18:50.873,3.9228400000000003,3.91941,1.5,1
20.08.2021 01:18:54.518,3.9228400000000003,3.91941,1.5,1
20.08.2021 01:18:59.562,3.9228300000000003,3.9194199999999997,1.5,1
20.08.2021 01:19:17.281,3.9228300000000003,3.9194199999999997,1.5,1
20.08.2021 01:19:22.760,3.9228300000000003,3.9194199999999997,1.5,1
20.08.2021 01:19:32.123,3.9228300000000003,3.9194199999999997,1.5,1
20.08.2021 01:19:32.578,3.92266,3.9192199999999997,1.5,1
20.08.2021 01:19:32.737,3.92267,3.91921,1.5,1
20.08.2021 01:19:38.263,3.92267,3.9192199999999997,1.5,1
20.08.2021 01:19:38.463,3.92267,3.9192199999999997,1.5,1
20.08.2021 01:19:39.260,3.92266,3.9192300000000007,1.5,1
20.08.2021 01:19:43.641,3.92266,3.9192300000000007,1.5,1
20.08.2021 01:19:43.841,3.92267,3.9192199999999997,1.5,1
20.08.2021 01:19:46.297,3.9228400000000003,3.9192199999999997,1.5,1
20.08.2021 01:19:48.990,3.9228400000000003,3.9192199999999997,1.5,1
20.08.2021 01:19:54.074,3.9228400000000003,3.9194,1.5,1
20.08.2021 01:20:03.554,3.923,3.9194,1.5,1
20.08.2021 01:20:03.754,3.923,3.9195699999999998,1.5,1
20.08.2021 01:20:11.342,3.92317,3.9195800000000003,1.5,1
20.08.2021 01:20:15.707,3.9230400000000003,3.9195699999999998,1.5,1
20.08.2021 01:20:17.715,3.9230300000000007,3.9195800000000003,1.5,1
20.08.2021 01:20:19.721,3.9230400000000003,3.9195699999999998,1.5,1
20.08.2021 01:20:34.961,3.9230400000000003,3.91941,1.5,1
20.08.2021 01:20:40.988,3.9230300000000007,3.9194199999999997,1.5,1
20.08.2021 01:20:47.174,3.9230400000000003,3.91941,1.5,1
20.08.2021 01:20:47.376,3.92291,3.91941,1.5,1
20.08.2021 01:20:48.762,3.92291,3.91941,1.5,1
20.08.2021 01:21:00.723,3.92271,3.91921,1.5,1
20.08.2021 01:21:04.061,3.92271,3.9192199999999997,1.5,1
20.08.2021 01:21:42.030,3.92271,3.9192199999999997,1.5,1
20.08.2021 01:21:49.502,3.92271,3.9192199999999997,1.5,1
20.08.2021 01:21:49.706,3.9227000000000003,3.9192300000000007,1.5,1
20.08.2021 01:21:57.852,3.92271,3.9192199999999997,1.5,1
20.08.2021 01:21:58.832,3.9227000000000003,3.9192300000000007,1.5,1
20.08.2021 01:22:12.016,3.9227000000000003,3.9193300000000004,1.5,1
20.08.2021 01:22:14.272,3.9227000000000003,3.9193300000000004,1.5,1
20.08.2021 01:22:20.329,3.92271,3.91932,1.5,1
20.08.2021 01:22:21.977,3.9227000000000003,3.9193300000000004,1.5,1
20.08.2021 01:22:27.068,3.92271,3.91932,1.5,1
20.08.2021 01:22:27.299,3.9227000000000003,3.9193300000000004,1.5,1
20.08.2021 01:22:28.112,3.92271,3.91932,1.5,1
20.08.2021 01:22:30.246,3.92291,3.91949,1.5,1
20.08.2021 01:22:31.964,3.92291,3.91949,1.5,1
20.08.2021 01:22:36.876,3.9229000000000003,3.9195,1.5,1
20.08.2021 01:22:37.221,3.9229000000000003,3.9195,1.5,1
20.08.2021 01:22:37.423,3.92291,3.91949,1.5,1
20.08.2021 01:22:38.249,3.9229000000000003,3.9195,1.5,1
20.08.2021 01:22:45.374,3.9229000000000003,3.9195,1.5,1
20.08.2021 01:22:47.081,3.92291,3.91949,1.5,1
20.08.2021 01:22:53.563,3.9229000000000003,3.9195,1.5,1
20.08.2021 01:23:00.788,3.92286,3.9195,1.5,1
20.08.2021 01:23:13.765,3.92287,3.91931,1.5,1
20.08.2021 01:23:13.948,3.92287,3.91931,1.5,1
20.08.2021 01:23:20.798,3.92267,3.91931,1.5,1
20.08.2021 01:23:37.622,3.92267,3.9191400000000005,1.5,1
20.08.2021 01:23:37.778,3.92267,3.9191400000000005,1.5,1
20.08.2021 01:24:11.468,3.92266,3.91915,1.5,1
20.08.2021 01:24:30.496,3.92266,3.91915,1.5,1
20.08.2021 01:24:45.241,3.9227000000000003,3.91921,1.5,1
20.08.2021 01:24:46.038,3.92271,3.9192,1.5,1
20.08.2021 01:24:46.240,3.92271,3.9192,1.5,1
20.08.2021 01:24:48.860,3.92271,3.9192,1.5,1
20.08.2021 01:24:49.981,3.9227000000000003,3.91921,1.5,1
20.08.2021 01:24:50.182,3.92271,3.9192,1.5,1
20.08.2021 01:24:51.169,3.9227000000000003,3.91921,1.5,1
20.08.2021 01:25:02.421,3.92267,3.9192,1.5,1
20.08.2021 01:25:03.583,3.92266,3.91921,1.5,1
20.08.2021 01:25:05.522,3.92267,3.9192,1.5,1
20.08.2021 01:25:07.262,3.92267,3.9192,1.5,1
20.08.2021 01:25:08.631,3.92266,3.91921,1.5,1
20.08.2021 01:25:14.574,3.92267,3.9192,1.5,1
20.08.2021 01:25:14.776,3.92267,3.9192,1.5,1
20.08.2021 01:25:34.231,3.92267,3.9192,1.5,1
20.08.2021 01:25:46.623,3.92267,3.9191400000000005,1.5,1
20.08.2021 01:26:07.064,3.9224699999999997,3.91897,1.5,1
20.08.2021 01:26:07.756,3.9224699999999997,3.91897,1.5,1
20.08.2021 01:26:48.045,3.9222699999999997,3.9188400000000003,1.5,1
20.08.2021 01:26:51.501,3.92226,3.9188500000000004,1.5,1
20.08.2021 01:26:51.701,3.92226,3.9188500000000004,1.5,1
20.08.2021 01:26:52.723,3.9222699999999997,3.9188400000000003,1.5,1
20.08.2021 01:26:58.045,3.92226,3.91886,1.5,1
20.08.2021 01:27:00.467,3.92226,3.91886,1.5,1
20.08.2021 01:27:06.944,3.9222699999999997,3.9188500000000004,1.5,1
20.08.2021 01:27:08.922,3.9224699999999997,3.9190300000000007,1.5,1
20.08.2021 01:27:09.765,3.9224699999999997,3.9190300000000007,1.5,1
20.08.2021 01:27:15.189,3.9224699999999997,3.9190300000000007,1.5,1
20.08.2021 01:27:16.458,3.9224699999999997,3.9190300000000007,1.5,1
20.08.2021 01:27:20.915,3.9224699999999997,3.9190300000000007,1.5,1
20.08.2021 01:27:32.061,3.9224699999999997,3.9190300000000007,1.5,1
20.08.2021 01:27:33.382,3.9224699999999997,3.9190300000000007,1.5,1
20.08.2021 01:27:33.787,3.9224699999999997,3.9190300000000007,1.5,1
20.08.2021 01:28:00.931,3.9224,3.9190199999999997,1.5,1
20.08.2021 01:28:04.579,3.9224,3.9190199999999997,1.5,1
20.08.2021 01:28:09.365,3.9224,3.91896,1.5,1
20.08.2021 01:28:14.364,3.9224699999999997,3.91896,1.5,1
20.08.2021 01:28:30.693,3.9224699999999997,3.91896,1.5,1
20.08.2021 01:28:32.949,3.9224699999999997,3.91896,1.5,1
20.08.2021 01:28:50.247,3.9224699999999997,3.91896,1.5,1
20.08.2021 01:28:50.466,3.9223000000000003,3.91896,1.5,1
20.08.2021 01:28:50.653,3.9223000000000003,3.91896,1.5,1
20.08.2021 01:28:52.247,3.9223000000000003,3.91896,1.5,1
20.08.2021 01:29:01.724,3.9222900000000003,3.91897,1.5,1
20.08.2021 01:29:01.927,3.9223000000000003,3.91896,1.5,1
20.08.2021 01:29:08.705,3.9223000000000003,3.91896,1.5,1
20.08.2021 01:29:08.905,3.9222900000000003,3.9188300000000003,1.5,1
20.08.2021 01:29:48.271,3.9222900000000003,3.9188300000000003,1.5,1
20.08.2021 01:30:00.631,3.9222900000000003,3.9188300000000003,1.5,1
20.08.2021 01:30:13.545,3.9223000000000003,3.9189300000000005,1.5,1
20.08.2021 01:30:13.695,3.9223000000000003,3.9189300000000005,1.5,1
20.08.2021 01:30:14.097,3.9223000000000003,3.9189300000000005,1.5,1
20.08.2021 01:30:19.055,3.9223000000000003,3.9189300000000005,1.5,1
20.08.2021 01:30:24.163,3.9224300000000003,3.9189300000000005,1.5,1
20.08.2021 01:30:24.345,3.9224300000000003,3.9191000000000003,1.5,1
20.08.2021 01:30:31.654,3.9226,3.91911,1.5,1
20.08.2021 01:30:31.863,3.92261,3.91926,1.5,1
20.08.2021 01:30:32.058,3.92261,3.91926,1.5,1
20.08.2021 01:30:33.513,3.92261,3.91926,1.5,1
20.08.2021 01:30:40.741,3.92261,3.9190800000000006,1.5,1
20.08.2021 01:30:45.790,3.9226,3.91909,1.5,1
20.08.2021 01:30:46.457,3.9226,3.91909,1.5,1
20.08.2021 01:30:46.676,3.92261,3.9190800000000006,1.5,1
20.08.2021 01:30:48.666,3.9224,3.9190800000000006,1.5,1
20.08.2021 01:30:49.351,3.9223900000000005,3.91909,1.5,1
20.08.2021 01:30:52.141,3.9224,3.9190800000000006,1.5,1
20.08.2021 01:30:52.342,3.9224,3.9190800000000006,1.5,1
20.08.2021 01:30:53.661,3.9224,3.9190800000000006,1.5,1
20.08.2021 01:30:53.864,3.9224,3.9190800000000006,1.5,1
20.08.2021 01:31:10.348,3.9224,3.9189000000000003,1.5,1
20.08.2021 01:31:10.499,3.9224,3.9189000000000003,1.5,1
20.08.2021 01:31:15.014,3.9224,3.9189000000000003,1.5,1
20.08.2021 01:31:15.214,3.9224,3.9189000000000003,1.5,1
20.08.2021 01:31:38.078,3.9224,3.9189000000000003,1.5,1
20.08.2021 01:31:51.235,3.9223900000000005,3.91891,1.5,1
20.08.2021 01:31:52.738,3.9223900000000005,3.91891,1.5,1
20.08.2021 01:31:56.632,3.9223900000000005,3.91909,1.5,1
20.08.2021 01:32:36.779,3.92261,3.91909,1.5,1
20.08.2021 01:32:42.473,3.9226,3.9191000000000003,1.5,1
20.08.2021 01:32:42.655,3.92261,3.91926,1.5,1
20.08.2021 01:32:47.024,3.92277,3.91927,1.5,1
20.08.2021 01:32:47.242,3.9227600000000002,3.9192800000000005,1.5,1
20.08.2021 01:32:55.585,3.92277,3.91927,1.5,1
20.08.2021 01:32:58.257,3.92277,3.91927,1.5,1
20.08.2021 01:33:01.152,3.92291,3.91927,1.5,1
20.08.2021 01:33:01.903,3.92291,3.91927,1.5,1
20.08.2021 01:33:03.530,3.92291,3.91927,1.5,1
20.08.2021 01:33:04.068,3.9229000000000003,3.9192800000000005,1.5,1
20.08.2021 01:33:08.228,3.92291,3.91927,1.5,1
20.08.2021 01:33:17.633,3.92291,3.91927,1.5,1
20.08.2021 01:33:17.836,3.92291,3.91927,1.5,1
20.08.2021 01:33:18.377,3.92291,3.91927,1.5,1
20.08.2021 01:33:18.612,3.92291,3.91927,1.5,1
20.08.2021 01:33:23.156,3.92274,3.91927,1.5,1
20.08.2021 01:33:27.180,3.92274,3.91927,1.5,1
20.08.2021 01:33:27.380,3.9227300000000005,3.9192800000000005,1.5,1
20.08.2021 01:33:30.392,3.92287,3.9194500000000003,1.5,1
20.08.2021 01:33:33.101,3.92287,3.9194500000000003,1.5,1
20.08.2021 01:33:58.198,3.92287,3.9194500000000003,1.5,1
20.08.2021 01:34:00.471,3.92274,3.91926,1.5,1
20.08.2021 01:34:00.628,3.92274,3.91926,1.5,1
20.08.2021 01:34:03.191,3.9227300000000005,3.91927,1.5,1
20.08.2021 01:34:17.098,3.92274,3.91926,1.5,1
20.08.2021 01:34:17.298,3.9227300000000005,3.91927,1.5,1
20.08.2021 01:34:18.573,3.92287,3.9194400000000003,1.5,1
20.08.2021 01:34:18.776,3.92287,3.9194400000000003,1.5,1
20.08.2021 01:34:42.179,3.92287,3.9194400000000003,1.5,1
20.08.2021 01:34:42.579,3.92287,3.9194400000000003,1.5,1
20.08.2021 01:34:45.377,3.92287,3.9194400000000003,1.5,1
20.08.2021 01:34:49.265,3.92287,3.9194400000000003,1.5,1
20.08.2021 01:34:53.453,3.92287,3.9194400000000003,1.5,1
20.08.2021 01:34:53.655,3.92287,3.9194400000000003,1.5,1
20.08.2021 01:35:27.926,3.92287,3.9194,1.5,1
20.08.2021 01:35:28.566,3.92287,3.9194,1.5,1
20.08.2021 01:35:30.263,3.92287,3.9194,1.5,1
20.08.2021 01:35:47.845,3.92286,3.91941,1.5,1
20.08.2021 01:36:01.527,3.92287,3.9194,1.5,1
20.08.2021 01:36:01.729,3.92271,3.9192400000000003,1.5,1
20.08.2021 01:36:02.096,3.92271,3.9192400000000003,1.5,1
20.08.2021 01:36:05.847,3.92271,3.9192400000000003,1.5,1
20.08.2021 01:36:12.250,3.92271,3.9192400000000003,1.5,1
20.08.2021 01:36:12.654,3.9227000000000003,3.9192500000000003,1.5,1
20.08.2021 01:36:13.058,3.92271,3.9192400000000003,1.5,1
20.08.2021 01:36:18.266,3.92271,3.9192400000000003,1.5,1
20.08.2021 01:36:20.169,3.9227000000000003,3.9192500000000003,1.5,1
20.08.2021 01:36:20.632,3.92271,3.9192400000000003,1.5,1
20.08.2021 01:36:21.367,3.92271,3.9192400000000003,1.5,1
20.08.2021 01:36:23.938,3.9227000000000003,3.9192500000000003,1.5,1
20.08.2021 01:36:35.393,3.92271,3.91941,1.5,1
20.08.2021 01:36:37.541,3.92291,3.91941,1.5,1
20.08.2021 01:36:37.746,3.92291,3.91941,1.5,1
20.08.2021 01:36:47.956,3.92291,3.9195800000000003,1.5,1
20.08.2021 01:36:48.137,3.92307,3.9195900000000004,1.5,1
20.08.2021 01:36:56.743,3.92307,3.9195900000000004,1.5,1
20.08.2021 01:36:59.799,3.9230800000000006,3.9195800000000003,1.5,1
20.08.2021 01:37:00.327,3.92307,3.9195900000000004,1.5,1
20.08.2021 01:37:01.208,3.9230800000000006,3.9195800000000003,1.5,1
20.08.2021 01:37:01.679,3.92307,3.91976,1.5,1
20.08.2021 01:37:02.122,3.9230800000000006,3.91975,1.5,1
20.08.2021 01:37:07.133,3.9232400000000003,3.91975,1.5,1
20.08.2021 01:37:07.183,3.9232400000000003,3.91975,1.5,1
20.08.2021 01:37:07.575,3.9232400000000003,3.91975,1.5,1
20.08.2021 01:37:08.253,3.9232400000000003,3.91975,1.5,1
20.08.2021 01:37:08.893,3.9232400000000003,3.91975,1.5,1
20.08.2021 01:37:09.744,3.9230800000000006,3.91975,1.5,1
20.08.2021 01:37:09.917,3.92307,3.91976,1.5,1
20.08.2021 01:37:11.516,3.9230800000000006,3.91975,1.5,1
20.08.2021 01:37:11.682,3.923,3.91976,1.5,1
20.08.2021 01:37:15.707,3.92301,3.9195900000000004,1.5,1
20.08.2021 01:37:15.908,3.92301,3.9195800000000003,1.5,1
20.08.2021 01:37:22.145,3.92301,3.9195800000000003,1.5,1
20.08.2021 01:37:25.502,3.92301,3.9195800000000003,1.5,1
20.08.2021 01:37:27.059,3.92301,3.9195800000000003,1.5,1
20.08.2021 01:37:29.166,3.92301,3.9195800000000003,1.5,1
20.08.2021 01:37:29.365,3.92301,3.9195800000000003,1.5,1
20.08.2021 01:37:29.568,3.92301,3.9195800000000003,1.5,1
20.08.2021 01:37:31.862,3.92301,3.9195800000000003,1.5,1
20.08.2021 01:37:36.198,3.9228300000000003,3.9194199999999997,1.5,1
20.08.2021 01:37:41.279,3.9228400000000003,3.91941,1.5,1
20.08.2021 01:37:43.589,3.9228400000000003,3.91941,1.5,1
20.08.2021 01:37:43.756,3.9228400000000003,3.91941,1.5,1
20.08.2021 01:37:44.973,3.9228400000000003,3.91941,1.5,1
20.08.2021 01:37:46.422,3.9228400000000003,3.91941,1.5,1
20.08.2021 01:38:07.265,3.9229900000000004,3.9194199999999997,1,1
20.08.2021 01:38:07.532,3.92291,3.91941,1.5,1
20.08.2021 01:38:07.582,3.9229000000000003,3.9194199999999997,1.5,1
20.08.2021 01:38:10.239,3.9229000000000003,3.9194199999999997,1.5,1
20.08.2021 01:38:10.647,3.92291,3.91941,1.5,1
20.08.2021 01:38:10.787,3.92291,3.91941,1.5,1
20.08.2021 01:38:10.994,3.92291,3.91941,1.5,1
20.08.2021 01:38:11.360,3.92291,3.91941,1.5,1
20.08.2021 01:38:15.553,3.9229000000000003,3.9194199999999997,1.5,1
20.08.2021 01:38:19.264,3.92291,3.91941,1.5,1
20.08.2021 01:38:21.563,3.92291,3.91941,1.5,1
20.08.2021 01:38:21.764,3.9229000000000003,3.9194199999999997,1.5,1
20.08.2021 01:38:28.704,3.92291,3.91941,1.5,1
20.08.2021 01:38:35.873,3.9229000000000003,3.9194199999999997,1.5,1
20.08.2021 01:38:37.790,3.9230500000000004,3.91951,1.5,1
20.08.2021 01:38:37.989,3.9230500000000004,3.9197699999999998,1.5,1
20.08.2021 01:38:42.999,3.9230400000000003,3.9197800000000003,1.5,1
20.08.2021 01:38:49.446,3.92315,3.9197800000000003,1.5,1
20.08.2021 01:38:52.802,3.92335,3.9199699999999997,1.5,1
20.08.2021 01:38:56.741,3.92335,3.9199699999999997,1.5,1
20.08.2021 01:39:00.109,3.92335,3.9199699999999997,1.5,1
20.08.2021 01:39:00.968,3.9233400000000005,3.9199800000000007,1.5,1
20.08.2021 01:39:01.312,3.92335,3.9199699999999997,1.5,1
20.08.2021 01:39:02.541,3.92335,3.9199699999999997,1.5,1
20.08.2021 01:39:04.836,3.9233400000000005,3.9199800000000007,1.5,1
20.08.2021 01:39:06.513,3.92335,3.9199699999999997,1.5,1
20.08.2021 01:39:08.043,3.92335,3.9199699999999997,1.5,1
20.08.2021 01:39:17.155,3.92335,3.9199699999999997,1.5,1
20.08.2021 01:39:18.366,3.9233400000000005,3.9199800000000007,1.5,1
20.08.2021 01:39:19.593,3.9234800000000005,3.9201400000000004,1.5,1
20.08.2021 01:39:19.747,3.92347,3.92015,1.5,1
20.08.2021 01:40:08.321,3.92347,3.92015,1.5,1
20.08.2021 01:40:09.019,3.9234800000000005,3.9201400000000004,1.5,1
20.08.2021 01:40:10.081,3.92335,3.9201400000000004,1.5,1
20.08.2021 01:40:23.256,3.92335,3.9199900000000003,1.5,1
20.08.2021 01:40:23.602,3.92335,3.9199900000000003,1.5,1
20.08.2021 01:40:25.448,3.92317,3.9200000000000004,1.5,1
20.08.2021 01:40:27.765,3.9231800000000003,3.9198000000000004,1.5,1
20.08.2021 01:40:32.521,3.92331,3.91981,1.5,1
20.08.2021 01:40:35.528,3.92315,3.91981,1.5,1
20.08.2021 01:40:44.201,3.92316,3.9198000000000004,1.5,1
20.08.2021 01:40:46.442,3.92316,3.9198000000000004,1.5,1
20.08.2021 01:40:46.643,3.92315,3.9196300000000006,1.5,1
20.08.2021 01:40:49.806,3.92316,3.91962,1.5,1
20.08.2021 01:41:02.023,3.92316,3.91962,1.5,1
20.08.2021 01:41:02.224,3.92327,3.91962,1.5,1
20.08.2021 01:41:06.807,3.92327,3.91962,1.5,1
20.08.2021 01:41:07.818,3.92326,3.9196300000000006,1.5,1
20.08.2021 01:41:16.392,3.92326,3.9196300000000006,1.5,1
20.08.2021 01:41:22.482,3.92306,3.91962,1.5,1
20.08.2021 01:41:23.778,3.92306,3.91962,1.5,1
20.08.2021 01:41:32.371,3.92306,3.91962,1.5,1
20.08.2021 01:41:34.758,3.9229600000000002,3.91962,1.5,1
20.08.2021 01:41:34.959,3.9229600000000002,3.91962,1.5,1
20.08.2021 01:41:46.956,3.9229600000000002,3.9195800000000003,1.5,1
20.08.2021 01:41:47.159,3.92295,3.9195900000000004,1.5,1
20.08.2021 01:41:47.431,3.92295,3.9195900000000004,1.5,1
20.08.2021 01:41:50.159,3.9229600000000002,3.9195800000000003,1.5,1
20.08.2021 01:41:51.610,3.9229600000000002,3.9195800000000003,1.5,1
20.08.2021 01:42:00.917,3.92295,3.9195900000000004,1.5,1
20.08.2021 01:42:01.118,3.92295,3.9195900000000004,1.5,1
20.08.2021 01:42:13.078,3.92309,3.9196,1.5,1
20.08.2021 01:42:15.446,3.9231000000000003,3.9195900000000004,1.5,1
20.08.2021 01:42:42.667,3.92309,3.9196,1.5,1
20.08.2021 01:42:43.770,3.9231000000000003,3.9195900000000004,1.5,1
20.08.2021 01:42:55.034,3.92307,3.9195,1.5,1
20.08.2021 01:42:56.385,3.92307,3.9195,1.5,1
20.08.2021 01:43:05.121,3.92307,3.9195,1.5,1
20.08.2021 01:43:05.566,3.92307,3.9195,1.5,1
20.08.2021 01:43:05.763,3.92286,3.9193400000000005,1.5,1
20.08.2021 01:43:08.677,3.92286,3.9193400000000005,1.5,1
20.08.2021 01:43:14.312,3.9229800000000004,3.9193400000000005,1.5,1
20.08.2021 01:43:15.188,3.92297,3.91935,1.5,1
20.08.2021 01:43:15.588,3.9229800000000004,3.9193400000000005,1.5,1
20.08.2021 01:43:20.750,3.92297,3.91935,1.5,1
20.08.2021 01:43:25.764,3.92297,3.91935,1.5,1
20.08.2021 01:43:28.736,3.9229800000000004,3.9193400000000005,1.5,1
20.08.2021 01:43:28.937,3.9229800000000004,3.9193400000000005,1.5,1
20.08.2021 01:43:40.339,3.9231300000000005,3.91951,1.5,1
20.08.2021 01:43:40.569,3.9231400000000005,3.91967,1.5,1
20.08.2021 01:43:41.970,3.92335,3.91969,1.62,1
20.08.2021 01:43:42.156,3.9233400000000005,3.9197,1.62,1
20.08.2021 01:43:43.695,3.92335,3.91969,1.62,1
20.08.2021 01:43:57.125,3.92335,3.91969,1.62,1
20.08.2021 01:43:58.976,3.92335,3.91969,1.62,1
20.08.2021 01:44:00.025,3.92335,3.91969,1.62,1
20.08.2021 01:44:00.227,3.92335,3.91969,1.62,1
20.08.2021 01:44:03.777,3.92335,3.91969,1.62,1
20.08.2021 01:44:03.980,3.92335,3.91969,1.62,1
20.08.2021 01:44:07.733,3.92335,3.91969,1.62,1
20.08.2021 01:44:08.705,3.92335,3.91969,1.62,1
20.08.2021 01:44:08.911,3.92335,3.91969,1.62,1
20.08.2021 01:44:10.090,3.92335,3.91969,1.62,1
20.08.2021 01:44:10.715,3.92335,3.91969,1.62,1
20.08.2021 01:44:11.357,3.9233400000000005,3.9197,1.62,1
20.08.2021 01:44:13.826,3.92335,3.91969,1.62,1
20.08.2021 01:44:14.938,3.92327,3.9197,1.5,1
20.08.2021 01:44:15.201,3.9232800000000005,3.91969,1.5,1
20.08.2021 01:44:30.077,3.9233400000000005,3.9197,1,1
20.08.2021 01:44:35.707,3.92335,3.91969,1,1
20.08.2021 01:44:40.644,3.9233800000000003,3.91986,1.5,1
20.08.2021 01:44:40.990,3.9233800000000003,3.91986,1.5,1
20.08.2021 01:44:42.182,3.9233800000000003,3.91986,1.5,1
20.08.2021 01:44:42.384,3.9233800000000003,3.91986,1.5,1
20.08.2021 01:44:48.723,3.9233800000000003,3.91986,1.5,1
20.08.2021 01:44:49.492,3.92352,3.91986,1,1
20.08.2021 01:44:50.969,3.92352,3.91986,1,1
20.08.2021 01:45:00.565,3.92352,3.91986,1,1
20.08.2021 01:45:00.767,3.92351,3.91987,1,1
20.08.2021 01:45:06.907,3.9234500000000003,3.91986,1.5,1
20.08.2021 01:45:08.736,3.9234400000000003,3.91987,1.5,1
20.08.2021 01:45:09.112,3.9234500000000003,3.91986,1.5,1
20.08.2021 01:45:09.314,3.9234500000000003,3.91986,1.5,1
20.08.2021 01:45:16.711,3.9234400000000003,3.91987,1.5,1
20.08.2021 01:45:16.943,3.9234400000000003,3.91987,1.5,1
20.08.2021 01:45:18.737,3.9234500000000003,3.91986,1.5,1
20.08.2021 01:45:18.940,3.9234500000000003,3.91986,1.5,1
20.08.2021 01:45:20.891,3.9234500000000003,3.91986,1.5,1
20.08.2021 01:45:21.142,3.92361,3.9200500000000003,1.5,1
20.08.2021 01:45:21.293,3.92362,3.92004,1.5,1
20.08.2021 01:45:27.664,3.9237800000000003,3.92012,1.5,1
20.08.2021 01:45:27.862,3.9238000000000004,3.92022,1,1
20.08.2021 01:45:30.428,3.9238000000000004,3.92022,1,1
20.08.2021 01:45:34.655,3.9238000000000004,3.92022,1,1
20.08.2021 01:45:35.079,3.9238000000000004,3.92022,1,1
20.08.2021 01:45:39.034,3.9237900000000003,3.9202300000000005,1,1
20.08.2021 01:45:39.237,3.9238000000000004,3.92022,1,1
20.08.2021 01:45:39.744,3.9238000000000004,3.92022,1,1
20.08.2021 01:45:39.974,3.9239900000000003,3.92031,1,1
20.08.2021 01:45:40.163,3.9239900000000003,3.92031,1,1
20.08.2021 01:45:41.347,3.9239800000000007,3.92032,1,1
20.08.2021 01:45:41.928,3.9239800000000007,3.92032,1,1
20.08.2021 01:45:43.187,3.9239800000000007,3.92032,1,1
20.08.2021 01:45:43.951,3.9239900000000003,3.92031,1,1
20.08.2021 01:45:45.334,3.92392,3.92031,1.5,1
20.08.2021 01:45:45.978,3.92392,3.92031,1.5,1
20.08.2021 01:45:46.202,3.92392,3.92031,1.5,1
20.08.2021 01:45:50.963,3.9239100000000002,3.92031,1.5,1
20.08.2021 01:45:52.047,3.92392,3.9203,1.5,1
20.08.2021 01:45:52.983,3.92392,3.9203,1.5,1
20.08.2021 01:45:54.626,3.9240500000000003,3.9203,1.5,1
20.08.2021 01:45:54.876,3.92395,3.9203,1.5,1
20.08.2021 01:45:55.701,3.9239400000000004,3.92031,1.5,1
20.08.2021 01:45:55.901,3.9240500000000003,3.9203,1.5,1
20.08.2021 01:45:56.405,3.9240500000000003,3.9203,1.5,1
20.08.2021 01:45:59.363,3.9240500000000003,3.9204000000000003,1.5,1
20.08.2021 01:45:59.763,3.9240500000000003,3.9204000000000003,1.5,1
20.08.2021 01:46:00.809,3.9241900000000003,3.9205900000000002,1.5,1
20.08.2021 01:46:06.816,3.9241800000000007,3.9206000000000003,1.5,1
20.08.2021 01:46:07.220,3.9241900000000003,3.9205900000000002,1.5,1
20.08.2021 01:46:08.759,3.9241900000000003,3.9205900000000002,1.5,1
20.08.2021 01:46:12.866,3.92431,3.9206600000000003,1,1
20.08.2021 01:46:14.237,3.92431,3.9206600000000003,1,1
20.08.2021 01:46:14.474,3.92431,3.9206600000000003,1,1
20.08.2021 01:46:16.221,3.92431,3.9206600000000003,1,1
20.08.2021 01:46:17.910,3.92435,3.9207800000000006,1.5,1
20.08.2021 01:46:18.312,3.9243400000000004,3.92079,1.5,1
20.08.2021 01:46:18.515,3.92435,3.9207800000000006,1.5,1
20.08.2021 01:46:21.376,3.92435,3.9207800000000006,1.5,1
20.08.2021 01:46:21.576,3.92435,3.9207800000000006,1.5,1
20.08.2021 01:46:22.886,3.92435,3.9207800000000006,1.5,1
20.08.2021 01:46:23.088,3.9243400000000004,3.92079,1.5,1
20.08.2021 01:46:24.804,3.9243400000000004,3.92079,1.5,1
20.08.2021 01:46:27.325,3.9243300000000003,3.9206600000000003,1,1
20.08.2021 01:46:30.954,3.9243400000000004,3.92065,1,1
20.08.2021 01:46:32.016,3.9243400000000004,3.92065,1,1
20.08.2021 01:46:32.217,3.9243300000000003,3.9206600000000003,1,1
20.08.2021 01:46:32.418,3.9243300000000003,3.9206600000000003,1,1
20.08.2021 01:46:32.759,3.9243300000000003,3.9206600000000003,1,1
20.08.2021 01:46:32.960,3.9243300000000003,3.9206600000000003,1,1
20.08.2021 01:46:35.230,3.92435,3.9210000000000003,1.5,1
20.08.2021 01:46:37.261,3.92435,3.92101,1.5,1
20.08.2021 01:46:37.659,3.92451,3.92101,1.5,1
20.08.2021 01:46:38.813,3.92447,3.9212000000000002,1.5,1
20.08.2021 01:46:44.120,3.92455,3.92119,1.5,1
20.08.2021 01:46:44.367,3.92455,3.92119,1.5,1
20.08.2021 01:46:46.637,3.92451,3.9212000000000002,1.5,1
20.08.2021 01:46:47.426,3.9245300000000003,3.92119,1.5,1
20.08.2021 01:46:47.783,3.9244300000000005,3.92119,1.5,1
20.08.2021 01:46:47.985,3.92446,3.92119,1.5,1
20.08.2021 01:46:48.086,3.92446,3.92119,1.5,1
20.08.2021 01:46:48.288,3.9245300000000003,3.92139,1,1
20.08.2021 01:46:48.456,3.92465,3.9213800000000005,1.5,1
20.08.2021 01:46:48.506,3.92467,3.92156,1,1
20.08.2021 01:46:48.557,3.9250300000000005,3.92156,1,1
20.08.2021 01:46:48.607,3.9250300000000005,3.92156,1,1
20.08.2021 01:46:48.658,3.92507,3.92156,1,1
20.08.2021 01:46:49.661,3.9251199999999997,3.92157,1.5,1
20.08.2021 01:46:50.468,3.92477,3.92156,1.5,1
20.08.2021 01:46:50.910,3.92476,3.92157,1.5,1
20.08.2021 01:46:51.112,3.92477,3.92156,1.5,1
20.08.2021 01:46:51.313,3.92477,3.92156,1.5,1
20.08.2021 01:46:53.662,3.92477,3.92156,1.5,1
20.08.2021 01:46:54.700,3.92476,3.92157,1.5,1
20.08.2021 01:46:55.402,3.92477,3.92157,1.5,1
20.08.2021 01:46:55.605,3.92517,3.9215800000000005,1,1
20.08.2021 01:46:58.995,3.9251800000000006,3.92157,1,1
20.08.2021 01:46:59.545,3.9251800000000006,3.92157,1,1
20.08.2021 01:46:59.928,3.92517,3.9215800000000005,1,1
20.08.2021 01:47:00.292,3.92506,3.92139,1.5,1
20.08.2021 01:47:00.512,3.9247,3.92139,1.5,1
20.08.2021 01:47:02.029,3.92505,3.9214,1.62,1
20.08.2021 01:47:02.470,3.92505,3.9214,1.5,1
20.08.2021 01:47:06.868,3.9251800000000006,3.92159,1,1
20.08.2021 01:47:08.060,3.92526,3.92159,1.5,1
20.08.2021 01:47:08.260,3.92525,3.9216,1.5,1
20.08.2021 01:47:10.462,3.92526,3.92159,1.5,1
20.08.2021 01:47:10.862,3.92526,3.92159,1.5,1
20.08.2021 01:47:11.224,3.92526,3.92159,1.5,1
20.08.2021 01:47:12.026,3.92526,3.92159,1.5,1
20.08.2021 01:47:13.811,3.92526,3.9216,1,1
20.08.2021 01:47:14.572,3.92527,3.92159,1,1
20.08.2021 01:47:15.575,3.92527,3.92159,1,1
20.08.2021 01:47:15.774,3.92527,3.92159,1,1
20.08.2021 01:47:16.070,3.92526,3.9216,1,1
20.08.2021 01:47:20.383,3.92527,3.92159,1,1
20.08.2021 01:47:21.331,3.92527,3.92159,1,1
20.08.2021 01:47:27.568,3.92527,3.92159,1,1
20.08.2021 01:47:30.764,3.9254000000000002,3.92176,1.5,1
20.08.2021 01:47:32.335,3.9254000000000002,3.92176,1.5,1
20.08.2021 01:47:34.532,3.9254000000000002,3.92176,1.5,1
20.08.2021 01:47:34.804,3.9254000000000002,3.92176,1.5,1
20.08.2021 01:47:36.921,3.92525,3.92171,1,1
20.08.2021 01:47:37.093,3.92525,3.92157,1,1
20.08.2021 01:47:39.222,3.9252400000000005,3.9215800000000005,1,1
20.08.2021 01:47:52.816,3.92525,3.92217,1.5,1
20.08.2021 01:47:52.929,3.9254900000000004,3.9222400000000004,1.5,1
20.08.2021 01:47:53.821,3.9254900000000004,3.9222400000000004,1.5,1
20.08.2021 01:47:54.023,3.92551,3.92237,1.5,1
20.08.2021 01:47:54.895,3.92547,3.92206,1.5,1.87
20.08.2021 01:47:55.147,3.92547,3.92182,1.5,1
20.08.2021 01:47:56.901,3.9255,3.92237,1.5,1
20.08.2021 01:47:57.077,3.9253800000000005,3.92231,1.5,1.5
20.08.2021 01:47:58.622,3.92537,3.92232,1.5,1.5
20.08.2021 01:47:59.077,3.9253800000000005,3.9218300000000004,1,1.5
20.08.2021 01:48:00.693,3.92521,3.92171,1.5,1
20.08.2021 01:48:01.096,3.92527,3.92216,1.5,1.25
20.08.2021 01:48:03.267,3.92521,3.9216100000000003,1.5,1.75
20.08.2021 01:48:03.454,3.9251300000000007,3.92159,1.5,1.5
20.08.2021 01:48:03.903,3.9250400000000005,3.9217000000000004,1.5,1
20.08.2021 01:48:04.459,3.9250400000000005,3.9217000000000004,1.5,1
20.08.2021 01:48:05.476,3.9251800000000006,3.9217500000000003,1.5,1.75
20.08.2021 01:48:05.885,3.9251800000000006,3.92191,1.5,1
20.08.2021 01:48:05.986,3.92521,3.9222400000000004,1.5,1
20.08.2021 01:48:06.475,3.92521,3.9222400000000004,1.5,1
20.08.2021 01:48:07.270,3.9250900000000004,3.9220900000000003,1.5,1
20.08.2021 01:48:07.405,3.92516,3.92206,1.5,1
20.08.2021 01:48:07.506,3.9251300000000007,3.92171,1.5,1.5
20.08.2021 01:48:08.066,3.9251400000000003,3.9216800000000003,1.5,1
20.08.2021 01:48:09.357,3.9251400000000003,3.9216800000000003,1.5,1
20.08.2021 01:48:09.457,3.92519,3.9220800000000007,1.5,1.75
20.08.2021 01:48:09.558,3.92519,3.9220800000000007,1.5,1.25
20.08.2021 01:48:11.682,3.9251300000000007,3.9217300000000006,1.5,1.75
20.08.2021 01:48:11.732,3.9251300000000007,3.9218,1.5,1.5
20.08.2021 01:48:11.887,3.9251199999999997,3.92166,1.5,1
20.08.2021 01:48:12.088,3.9251199999999997,3.9216800000000003,1.5,1.5
20.08.2021 01:48:12.638,3.9251199999999997,3.9216800000000003,1.5,1.5
20.08.2021 01:48:13.256,3.9251199999999997,3.9216800000000003,1.5,1.5
20.08.2021 01:48:13.868,3.9251199999999997,3.9216800000000003,1.5,1.5
20.08.2021 01:48:14.071,3.92526,3.9216800000000003,1.5,1.5
20.08.2021 01:48:14.272,3.92525,3.9216900000000003,1.5,1.5
20.08.2021 01:48:16.657,3.92526,3.9216800000000003,1.5,1.5
20.08.2021 01:48:18.498,3.9251500000000004,3.92166,1.5,1
20.08.2021 01:48:18.634,3.9251500000000004,3.92166,1.5,1
20.08.2021 01:48:19.419,3.9251500000000004,3.92166,1.5,1
20.08.2021 01:48:31.525,3.9251500000000004,3.92166,1.5,1
20.08.2021 01:48:37.560,3.9251500000000004,3.92166,1.5,1
20.08.2021 01:48:41.922,3.9251500000000004,3.92166,1.5,1
20.08.2021 01:48:42.123,3.92522,3.92166,1.5,1
20.08.2021 01:48:51.718,3.92522,3.92166,1.5,1
20.08.2021 01:48:52.797,3.92521,3.9216699999999998,1.5,1
20.08.2021 01:48:52.999,3.92522,3.92166,1.5,1
20.08.2021 01:48:53.199,3.92522,3.92166,1.5,1
20.08.2021 01:48:53.299,3.92522,3.92166,1.5,1
20.08.2021 01:48:55.047,3.92522,3.92166,1.5,1
20.08.2021 01:48:55.250,3.92522,3.92166,1.5,1
20.08.2021 01:48:59.980,3.9250900000000004,3.92166,1.5,1
20.08.2021 01:49:00.276,3.9250900000000004,3.92166,1.5,1
20.08.2021 01:49:08.103,3.9250900000000004,3.92166,1.5,1
20.08.2021 01:49:08.319,3.92522,3.9216800000000003,1.5,1.5
20.08.2021 01:49:09.943,3.92522,3.9216800000000003,1.5,1.5
20.08.2021 01:49:17.134,3.92502,3.9216400000000005,1.5,1
20.08.2021 01:49:17.880,3.92502,3.92162,1.5,1
20.08.2021 01:49:18.031,3.92502,3.9214800000000003,1.5,1.5
20.08.2021 01:49:20.217,3.92502,3.9214800000000003,1.5,1.5
20.08.2021 01:49:26.078,3.92501,3.9214900000000004,1.5,1.5
20.08.2021 01:49:26.674,3.92502,3.9214800000000003,1.5,1.5
20.08.2021 01:49:34.299,3.92501,3.9214900000000004,1.5,2
20.08.2021 01:49:34.349,3.92502,3.9214800000000003,1.5,2
20.08.2021 01:49:34.532,3.9251400000000003,3.9215800000000005,1,1.5
20.08.2021 01:49:34.735,3.9251800000000006,3.92166,1.5,1
20.08.2021 01:49:41.823,3.92517,3.9216699999999998,1.5,1
20.08.2021 01:49:44.059,3.9251800000000006,3.92166,1.5,1
20.08.2021 01:49:45.041,3.9251800000000006,3.92166,1.5,1
20.08.2021 01:49:45.244,3.92517,3.9216699999999998,1.5,1
20.08.2021 01:49:45.447,3.9251800000000006,3.92166,1.5,1
20.08.2021 01:49:51.728,3.9253300000000007,3.9217900000000006,1,1.5
20.08.2021 01:49:54.668,3.9253400000000003,3.9217800000000005,1,1.5
20.08.2021 01:49:55.342,3.9253400000000003,3.9217800000000005,1,1.5
20.08.2021 01:50:02.152,3.9253300000000007,3.9218100000000002,1,1
20.08.2021 01:50:02.354,3.9252400000000005,3.9218100000000002,1.5,1
20.08.2021 01:50:05.486,3.92525,3.9216800000000003,1.5,1.5
20.08.2021 01:50:06.182,3.92525,3.9216800000000003,1.5,1.5
20.08.2021 01:50:06.387,3.92525,3.9216800000000003,1.5,1.5
20.08.2021 01:50:06.588,3.92525,3.9216800000000003,1.5,1.5
20.08.2021 01:50:06.990,3.92525,3.9216800000000003,1.5,1.5
20.08.2021 01:50:07.623,3.92525,3.92166,1.5,1
20.08.2021 01:50:10.285,3.9252400000000005,3.9216699999999998,1.5,1
20.08.2021 01:50:11.766,3.92525,3.92166,1.5,1
20.08.2021 01:50:14.957,3.92525,3.92166,1.5,1
20.08.2021 01:50:16.081,3.9252400000000005,3.9216699999999998,1.5,1
20.08.2021 01:50:16.407,3.92525,3.92166,1.5,1
20.08.2021 01:50:18.914,3.9252400000000005,3.9216699999999998,1.5,1
20.08.2021 01:50:21.206,3.92525,3.92166,1.5,1
20.08.2021 01:50:22.319,3.92525,3.92166,1.5,1
20.08.2021 01:50:23.915,3.9252400000000005,3.9216699999999998,1.5,1
20.08.2021 01:50:24.116,3.92525,3.92166,1.5,1
20.08.2021 01:50:25.551,3.92525,3.92166,1.5,1
20.08.2021 01:50:26.237,3.9252400000000005,3.9216699999999998,1.5,1
20.08.2021 01:50:26.439,3.92525,3.92166,1.5,1
20.08.2021 01:50:28.917,3.92519,3.92166,1.5,1
20.08.2021 01:50:34.668,3.92519,3.92166,1.5,1
20.08.2021 01:50:36.829,3.92519,3.92166,1.5,1
20.08.2021 01:50:37.031,3.9252900000000004,3.92171,1.5,1.5
20.08.2021 01:50:43.196,3.9252900000000004,3.92171,1.5,1.5
20.08.2021 01:50:50.546,3.9252900000000004,3.92171,1.5,1.5
20.08.2021 01:51:02.124,3.9252900000000004,3.9217800000000005,1,1
20.08.2021 01:51:03.169,3.9252800000000003,3.9217900000000006,1.5,1.5
20.08.2021 01:51:05.850,3.9252900000000004,3.9217800000000005,1.5,1.5
20.08.2021 01:51:06.509,3.9252900000000004,3.9217800000000005,1.5,1.5
20.08.2021 01:51:11.189,3.9252900000000004,3.9217800000000005,1.5,1.5
20.08.2021 01:51:19.243,3.9252800000000003,3.9219900000000005,1.5,1.5
20.08.2021 01:51:19.402,3.92546,3.9220800000000007,1.5,1.5
20.08.2021 01:51:20.589,3.92545,3.9220900000000003,1.5,1.5
20.08.2021 01:51:21.564,3.92545,3.9220900000000003,1.5,1.5
20.08.2021 01:51:33.563,3.92545,3.9220900000000003,1.5,1.5
20.08.2021 01:51:33.716,3.92546,3.9219800000000005,1.5,1.5
20.08.2021 01:51:33.942,3.92545,3.9219900000000005,1.5,1.5
20.08.2021 01:51:38.341,3.92546,3.9219800000000005,1.5,1.5
20.08.2021 01:51:38.542,3.92545,3.9219900000000005,1.5,1.5
20.08.2021 01:51:42.553,3.92546,3.92196,1.5,1
20.08.2021 01:51:49.746,3.92536,3.92194,1.5,1
20.08.2021 01:51:52.968,3.9253500000000003,3.9217900000000006,1.5,1.5
20.08.2021 01:51:59.091,3.92536,3.9217800000000005,1.5,1.5
20.08.2021 01:51:59.307,3.92536,3.9217800000000005,1.5,1.5
20.08.2021 01:52:11.505,3.9253500000000003,3.9218900000000003,1.5,1.5
20.08.2021 01:52:11.719,3.9254900000000004,3.9219800000000005,1.5,1.5
20.08.2021 01:52:22.739,3.9254900000000004,3.9219800000000005,1.5,1.5
20.08.2021 01:52:25.387,3.92531,3.9219900000000005,1.5,1.5
20.08.2021 01:52:47.268,3.9253199999999997,3.9219300000000006,1.5,1
20.08.2021 01:52:50.279,3.92522,3.9218800000000007,1.5,1.5
20.08.2021 01:52:53.976,3.92522,3.9218800000000007,1.5,1.5
20.08.2021 01:52:56.342,3.92521,3.9218,1.5,1
20.08.2021 01:52:59.835,3.92522,3.9217900000000006,1.5,1
20.08.2021 01:53:00.011,3.92522,3.9217900000000006,1.5,1
20.08.2021 01:53:03.096,3.92522,3.9217900000000006,1.5,1
20.08.2021 01:53:03.297,3.92521,3.9218,1.5,1
20.08.2021 01:53:03.498,3.92522,3.9217900000000006,1.5,1
20.08.2021 01:53:03.700,3.92521,3.9218,1.5,1
20.08.2021 01:53:04.422,3.92522,3.9217900000000006,1.5,1
20.08.2021 01:53:11.183,3.92521,3.9218,1.5,1
20.08.2021 01:53:18.866,3.92522,3.9217900000000006,1.5,1
20.08.2021 01:53:19.144,3.92522,3.9217900000000006,1.5,1
20.08.2021 01:53:28.144,3.92522,3.9217900000000006,1.5,1
20.08.2021 01:53:28.506,3.92521,3.9218,1.5,1
20.08.2021 01:53:37.483,3.9250900000000004,3.92162,1.5,1
20.08.2021 01:53:48.440,3.92491,3.9216300000000004,1.5,1
20.08.2021 01:53:51.834,3.9249199999999997,3.9215800000000005,1.5,1.5
20.08.2021 01:53:57.840,3.92507,3.9216900000000003,1.5,1.5
20.08.2021 01:53:58.461,3.9250800000000003,3.9216800000000003,1.5,1.5
20.08.2021 01:54:00.927,3.92507,3.9216900000000003,1.5,1.5
20.08.2021 01:54:01.130,3.9250800000000003,3.9216800000000003,1.5,1.5
20.08.2021 01:54:03.736,3.9250800000000003,3.9216800000000003,1.5,1.5
20.08.2021 01:54:04.379,3.92522,3.9217800000000005,1.5,1.5
20.08.2021 01:54:04.577,3.92522,3.9217800000000005,1.5,1.5
20.08.2021 01:54:12.143,3.92522,3.9218800000000007,1.5,1.5
20.08.2021 01:54:12.329,3.92522,3.9217800000000005,1.5,1.5
20.08.2021 01:54:12.530,3.92522,3.9217800000000005,1.5,1.5
20.08.2021 01:54:12.887,3.92522,3.9217800000000005,1.5,1.5
20.08.2021 01:54:14.709,3.92522,3.9217800000000005,1.5,1.5
20.08.2021 01:54:32.031,3.9250900000000004,3.92172,1.5,1
20.08.2021 01:54:40.032,3.9250800000000003,3.9217300000000006,1.5,1
20.08.2021 01:54:42.612,3.9250900000000004,3.9215800000000005,1.5,1.5
20.08.2021 01:54:42.767,3.9250800000000003,3.92159,1.5,1.5
20.08.2021 01:54:42.967,3.9250900000000004,3.9215800000000005,1.5,1.5
20.08.2021 01:54:50.063,3.9250900000000004,3.9215500000000003,1.5,1
20.08.2021 01:55:10.286,3.9249500000000004,3.9214800000000003,1.5,1.5
20.08.2021 01:55:13.663,3.9249500000000004,3.92141,1.5,1.5
20.08.2021 01:55:16.669,3.9249500000000004,3.92141,1.5,1.5
20.08.2021 01:55:17.307,3.9249500000000004,3.92141,1.5,1.5
20.08.2021 01:55:19.047,3.9249400000000003,3.92142,1.5,1.5
20.08.2021 01:55:20.254,3.9249500000000004,3.92141,1.5,1.5
20.08.2021 01:55:23.563,3.9249500000000004,3.92141,1.5,1.5
20.08.2021 01:55:31.266,3.9249400000000003,3.92142,1.5,1.5
20.08.2021 01:55:40.624,3.9249400000000003,3.92142,1.5,1.5
20.08.2021 01:55:43.485,3.9247800000000006,3.92136,1.5,1
20.08.2021 01:55:47.349,3.9247800000000006,3.92136,1.5,1
20.08.2021 01:55:54.221,3.92477,3.92137,1.5,1
20.08.2021 01:56:21.459,3.9247800000000006,3.92131,1.5,1.5
20.08.2021 01:56:21.509,3.92477,3.9213199999999997,1.5,1.5
20.08.2021 01:56:30.042,3.9247199999999998,3.9213,1.5,1
20.08.2021 01:56:34.658,3.92457,3.9211400000000003,1.5,1
20.08.2021 01:56:36.713,3.92457,3.9211400000000003,1.5,1
20.08.2021 01:56:36.915,3.92451,3.9211400000000003,1.5,1
20.08.2021 01:56:52.660,3.92456,3.9211400000000003,1.5,1
20.08.2021 01:56:52.889,3.9246600000000003,3.9213199999999997,1.5,1
20.08.2021 01:57:02.378,3.92491,3.9213199999999997,1.5,1
20.08.2021 01:57:10.464,3.92491,3.9213199999999997,1.5,1
20.08.2021 01:57:13.536,3.92502,3.9215,1.5,1
20.08.2021 01:57:13.688,3.92501,3.92151,1.5,1
20.08.2021 01:57:15.251,3.9250900000000004,3.9215400000000002,1.5,1.5
20.08.2021 01:57:23.116,3.9250900000000004,3.9215400000000002,1.5,1.5
20.08.2021 01:57:23.643,3.9250900000000004,3.9215400000000002,1.5,1.5
20.08.2021 01:57:24.961,3.9250900000000004,3.9215400000000002,1.5,1.5
20.08.2021 01:57:28.755,3.9250900000000004,3.9215400000000002,1.5,1.5
20.08.2021 01:57:31.140,3.9250900000000004,3.9215400000000002,1.5,1.5
20.08.2021 01:57:31.489,3.9250900000000004,3.92165,1.5,1
20.08.2021 01:57:33.517,3.9250900000000004,3.92165,1.5,1
20.08.2021 01:57:36.266,3.9250900000000004,3.92165,1.5,1
20.08.2021 01:57:36.489,3.9250900000000004,3.92165,1.5,1
20.08.2021 01:57:37.264,3.9250900000000004,3.92165,1.5,1
20.08.2021 01:57:37.465,3.9250900000000004,3.92165,1.5,1
20.08.2021 01:57:37.666,3.9250800000000003,3.92166,1.5,1
20.08.2021 01:57:37.868,3.9250900000000004,3.92165,1.5,1
20.08.2021 01:57:45.464,3.9250900000000004,3.92165,1.5,1
20.08.2021 01:57:47.983,3.9250900000000004,3.92165,1.5,1
20.08.2021 01:57:56.929,3.9250800000000003,3.92166,1.5,1
20.08.2021 01:58:00.391,3.9250800000000003,3.92166,1.5,1
20.08.2021 01:58:03.580,3.9250800000000003,3.92166,1.5,1
20.08.2021 01:58:08.388,3.9250900000000004,3.92165,1.5,1
20.08.2021 01:58:37.479,3.9250800000000003,3.9216400000000005,1.5,1
20.08.2021 01:58:38.684,3.9250900000000004,3.9216300000000004,1.5,1
20.08.2021 01:58:39.779,3.9250800000000003,3.9216400000000005,1.5,1
20.08.2021 01:58:40.438,3.9250900000000004,3.9216300000000004,1.5,1
20.08.2021 01:58:43.745,3.9250800000000003,3.9216400000000005,1.5,1
20.08.2021 01:58:46.743,3.92521,3.9216400000000005,1.5,1
20.08.2021 01:59:01.352,3.92522,3.9218100000000002,1.5,1
20.08.2021 01:59:02.710,3.92522,3.9218100000000002,1.5,1
20.08.2021 01:59:05.041,3.92522,3.9216400000000005,1.5,1
20.08.2021 01:59:05.192,3.92522,3.9216400000000005,1.5,1
20.08.2021 01:59:05.393,3.92521,3.92165,1.5,1
20.08.2021 01:59:06.487,3.92522,3.9216400000000005,1.5,1
20.08.2021 01:59:07.038,3.92522,3.9216400000000005,1.5,1
20.08.2021 01:59:08.013,3.92521,3.92165,1.5,1
20.08.2021 01:59:08.683,3.92522,3.9216400000000005,1.5,1
20.08.2021 01:59:08.884,3.92522,3.9216400000000005,1.5,1
20.08.2021 01:59:17.564,3.92521,3.92165,1.5,1
20.08.2021 01:59:24.463,3.92522,3.9216400000000005,1.5,1
20.08.2021 01:59:27.573,3.92522,3.9216400000000005,1.5,1
20.08.2021 01:59:31.282,3.92506,3.9216400000000005,1.5,1
20.08.2021 01:59:31.502,3.92485,3.9214800000000003,1.5,1
20.08.2021 01:59:33.174,3.92481,3.92147,1.5,1
20.08.2021 01:59:35.706,3.92465,3.9212900000000004,1.5,1
20.08.2021 01:59:36.325,3.92465,3.9212900000000004,1.5,1
20.08.2021 01:59:45.329,3.92464,3.92127,1.5,1
20.08.2021 01:59:46.821,3.92465,3.92126,1.5,1
20.08.2021 01:59:50.481,3.92465,3.92126,1.5,1
20.08.2021 01:59:53.165,3.92481,3.92127,1.5,1
20.08.2021 01:59:53.364,3.92481,3.92127,1.5,1
20.08.2021 01:59:58.719,3.92482,3.9212800000000003,1.5,1.5
20.08.2021 02:00:01.817,3.92482,3.9212800000000003,1.5,1.5
20.08.2021 02:00:02.019,3.92482,3.9212800000000003,1.5,1.5
20.08.2021 02:00:02.440,3.92481,3.92127,1.5,1
20.08.2021 02:00:03.256,3.92482,3.92126,1.5,1
20.08.2021 02:00:03.457,3.92481,3.92127,1.5,1
20.08.2021 02:00:04.414,3.92482,3.92126,1.5,1
20.08.2021 02:00:04.537,3.92482,3.92126,1.5,1
20.08.2021 02:00:04.741,3.92482,3.92126,1.5,1
20.08.2021 02:00:10.014,3.92481,3.92127,1.5,1
20.08.2021 02:00:15.159,3.92481,3.92127,1.5,1
20.08.2021 02:00:15.239,3.92482,3.92126,1.5,1
20.08.2021 02:00:29.385,3.92482,3.92126,1.5,1
20.08.2021 02:00:29.517,3.92482,3.92126,1.5,1
20.08.2021 02:00:31.589,3.92481,3.92127,1.5,1
20.08.2021 02:00:46.874,3.9247199999999998,3.9213800000000005,1.5,1.5
20.08.2021 02:00:47.041,3.92496,3.9213800000000005,1.5,1.5
20.08.2021 02:00:50.585,3.92496,3.9213800000000005,1.5,1.5
20.08.2021 02:00:54.207,3.92496,3.9212800000000003,1.5,1.5
20.08.2021 02:00:55.505,3.92496,3.9212800000000003,1.5,1.5
20.08.2021 02:00:56.135,3.9249500000000004,3.9212900000000004,1.5,1.5
20.08.2021 02:00:56.539,3.92496,3.9212800000000003,1.5,1.5
20.08.2021 02:00:58.242,3.9249500000000004,3.9212900000000004,1.5,1.5
20.08.2021 02:01:02.707,3.92496,3.9212800000000003,1.5,1.5
20.08.2021 02:01:03.468,3.92496,3.9212800000000003,1.5,1.5
20.08.2021 02:01:05.140,3.9249500000000004,3.9212900000000004,1.5,1.5
20.08.2021 02:01:05.598,3.92496,3.9212800000000003,1.5,1.5
20.08.2021 02:01:05.799,3.92496,3.92147,1.5,1
20.08.2021 02:01:06.614,3.92496,3.92147,1.5,1
20.08.2021 02:01:08.211,3.92496,3.9214800000000003,1.5,1.5
20.08.2021 02:01:11.337,3.92516,3.9215800000000005,1.5,1.5
20.08.2021 02:01:12.706,3.9251500000000004,3.92159,1.5,1.5
20.08.2021 02:01:12.932,3.92516,3.9215800000000005,1.5,1.5
20.08.2021 02:01:20.117,3.92511,3.92159,1.5,1.5
20.08.2021 02:01:24.876,3.9249500000000004,3.9214800000000003,1,1.5
20.08.2021 02:01:32.824,3.9249500000000004,3.9214800000000003,1,1.5
20.08.2021 02:01:37.205,3.9249500000000004,3.9214800000000003,1,1.5
20.08.2021 02:01:37.407,3.9249500000000004,3.9214800000000003,1,1.5
20.08.2021 02:01:40.105,3.9249500000000004,3.9215800000000005,1,1.5
20.08.2021 02:01:40.741,3.9249500000000004,3.9215800000000005,1,1.5
20.08.2021 02:01:41.999,3.9249500000000004,3.9215800000000005,1,1.5
20.08.2021 02:01:42.685,3.9251199999999997,3.9216100000000003,1.5,1
20.08.2021 02:01:46.639,3.92517,3.9216300000000004,1.5,1.5
20.08.2021 02:01:47.744,3.9250400000000005,3.9216100000000003,1.5,1
20.08.2021 02:01:53.191,3.9250400000000005,3.9216100000000003,1.5,1
20.08.2021 02:01:59.326,3.9250400000000005,3.9216100000000003,1.5,1
20.08.2021 02:02:07.724,3.9250400000000005,3.9216100000000003,1.5,1
20.08.2021 02:02:09.359,3.9250300000000005,3.92162,1.5,1
20.08.2021 02:02:10.092,3.92487,3.9214400000000005,1.5,1
20.08.2021 02:02:26.670,3.92487,3.9214400000000005,1.5,1
20.08.2021 02:02:27.411,3.92487,3.9214400000000005,1.5,1
20.08.2021 02:02:27.623,3.92452,3.9212800000000003,1.5,1
20.08.2021 02:02:27.825,3.9242500000000002,3.9206800000000004,1.5,1.5
20.08.2021 02:02:30.581,3.9240300000000006,3.92061,1.5,1
20.08.2021 02:02:36.662,3.92402,3.92061,1.5,1
20.08.2021 02:03:10.459,3.9240000000000004,3.9208000000000003,1.5,1
20.08.2021 02:03:18.601,3.92404,3.92081,1.12,1
20.08.2021 02:03:27.042,3.92406,3.9208000000000003,1.5,1
20.08.2021 02:03:30.583,3.9240000000000004,3.9208000000000003,1.5,1
20.08.2021 02:03:30.980,3.9239699999999997,3.9208000000000003,1.5,1
20.08.2021 02:03:31.595,3.9239699999999997,3.9208000000000003,1.5,1
20.08.2021 02:03:32.653,3.9239800000000007,3.92081,1.5,1
20.08.2021 02:03:33.569,3.9239,3.9208000000000003,1.5,1
20.08.2021 02:03:33.733,3.9239,3.9208000000000003,1.5,1
20.08.2021 02:03:35.511,3.92415,3.92067,1.5,1
20.08.2021 02:03:35.715,3.9243,3.92067,1.5,1
20.08.2021 02:03:39.290,3.9242900000000005,3.9206800000000004,1.5,1
20.08.2021 02:04:03.103,3.9243,3.92067,1.5,1
20.08.2021 02:04:04.575,3.9243,3.92067,1.5,1
20.08.2021 02:04:11.495,3.9241,3.92064,1.5,1
20.08.2021 02:04:25.272,3.9243400000000004,3.92064,1,1
20.08.2021 02:04:31.679,3.9243400000000004,3.92064,1,1
20.08.2021 02:04:38.730,3.92416,3.9207500000000004,1.5,1
20.08.2021 02:04:55.707,3.92416,3.92087,1.5,1
20.08.2021 02:04:55.904,3.92432,3.9209199999999997,1.5,1
20.08.2021 02:05:09.766,3.92431,3.9209300000000007,1.5,1
20.08.2021 02:05:10.307,3.9242500000000002,3.9209199999999997,1.5,1
20.08.2021 02:05:12.953,3.9243300000000003,3.9209300000000007,1.5,1
20.08.2021 02:05:17.364,3.9243,3.9209199999999997,1.5,1
20.08.2021 02:05:17.563,3.92426,3.9209300000000007,1.5,1
20.08.2021 02:05:19.133,3.92426,3.9209300000000007,1.5,1
20.08.2021 02:05:24.184,3.9242900000000005,3.9209300000000007,1.5,1
20.08.2021 02:05:30.202,3.9242800000000004,3.9209199999999997,1.5,1
20.08.2021 02:05:34.073,3.9243,3.9210900000000004,1.5,1
20.08.2021 02:05:34.240,3.92435,3.9210900000000004,1.5,1
20.08.2021 02:05:36.251,3.9243800000000006,3.9210900000000004,1.5,1
20.08.2021 02:05:40.187,3.92445,3.9211,1.5,1
20.08.2021 02:05:43.268,3.92446,3.9210900000000004,1.5,1
20.08.2021 02:05:47.147,3.92442,3.9210900000000004,1.5,1
20.08.2021 02:05:55.968,3.9244300000000005,3.9210900000000004,1.5,1
20.08.2021 02:05:58.171,3.9244000000000003,3.9210900000000004,1.5,1
20.08.2021 02:05:58.372,3.92436,3.9210900000000004,1.5,1
20.08.2021 02:06:11.944,3.92426,3.9211,1.5,1
20.08.2021 02:06:12.145,3.92416,3.9208800000000004,1.5,1
20.08.2021 02:06:23.417,3.9240900000000005,3.92087,1.5,1
20.08.2021 02:06:23.624,3.9241900000000003,3.92087,1.5,1
20.08.2021 02:06:24.884,3.9241800000000007,3.9208800000000004,1.5,1
20.08.2021 02:06:32.372,3.9242000000000004,3.9208800000000004,1.5,1
20.08.2021 02:06:32.574,3.92421,3.92087,1.5,1
20.08.2021 02:06:40.114,3.92421,3.92087,1.5,1
20.08.2021 02:07:11.446,3.9242500000000002,3.92087,1.5,1
20.08.2021 02:07:11.724,3.9242500000000002,3.92087,1.5,1
20.08.2021 02:07:13.587,3.9242500000000002,3.92096,1.5,1
20.08.2021 02:07:13.850,3.9242000000000004,3.92096,1.5,1
20.08.2021 02:07:23.548,3.92421,3.92096,1,1
20.08.2021 02:07:23.598,3.92427,3.9211300000000007,1.5,1
20.08.2021 02:07:23.750,3.9242900000000005,3.9211300000000007,1,1
20.08.2021 02:07:24.698,3.92442,3.9211400000000003,1.5,1
20.08.2021 02:07:36.565,3.9244000000000003,3.9211300000000007,1.5,1
20.08.2021 02:07:44.770,3.92436,3.9211300000000007,1.5,1
20.08.2021 02:08:03.328,3.9242800000000004,3.9209400000000003,1.5,1
20.08.2021 02:08:12.045,3.92427,3.9209400000000003,1.5,1
20.08.2021 02:08:43.032,3.92427,3.9209400000000003,1.5,1
20.08.2021 02:09:11.455,3.92441,3.92111,1.5,1
20.08.2021 02:09:18.061,3.92444,3.92111,1.5,1
20.08.2021 02:09:19.763,3.92444,3.92111,1,1
20.08.2021 02:09:19.947,3.92447,3.92111,1.5,1
20.08.2021 02:09:19.997,3.92447,3.9212900000000004,1.5,1
20.08.2021 02:09:23.373,3.92444,3.9212900000000004,1,1
20.08.2021 02:09:23.474,3.9244900000000005,3.9212900000000004,1.5,1
20.08.2021 02:09:28.814,3.9246000000000003,3.9212900000000004,1.5,1
20.08.2021 02:09:41.862,3.92507,3.92147,1,1
20.08.2021 02:09:55.604,3.9250900000000004,3.92147,1.5,1
20.08.2021 02:10:11.648,3.9250800000000003,3.9214800000000003,1.5,1
20.08.2021 02:10:11.847,3.9250900000000004,3.92147,1.5,1
20.08.2021 02:10:13.117,3.9250800000000003,3.9214800000000003,1.5,1
20.08.2021 02:10:25.144,3.92519,3.92147,1,1
20.08.2021 02:10:26.141,3.92519,3.92147,1,1
20.08.2021 02:10:31.064,3.9251800000000006,3.9214800000000003,1,1
20.08.2021 02:10:32.589,3.9251800000000006,3.9214800000000003,1,1
20.08.2021 02:10:35.582,3.9251800000000006,3.9214800000000003,1,1
20.08.2021 02:11:16.887,3.92519,3.92152,1,1
20.08.2021 02:11:17.280,3.92519,3.92152,1,1
20.08.2021 02:11:24.068,3.92521,3.92151,1,1
20.08.2021 02:11:44.879,3.92526,3.92166,1.5,1
20.08.2021 02:11:45.285,3.92526,3.92166,1.5,1
20.08.2021 02:11:46.064,3.92525,3.9216699999999998,1.5,1
20.08.2021 02:12:00.233,3.92526,3.92166,1.5,1
20.08.2021 02:12:02.706,3.92525,3.9216699999999998,1.5,1
20.08.2021 02:12:02.783,3.92526,3.92166,1.5,1
20.08.2021 02:12:02.984,3.92536,3.92166,1,1
20.08.2021 02:12:38.954,3.9254900000000004,3.9218300000000004,1.5,1
20.08.2021 02:12:39.006,3.9254900000000004,3.9218300000000004,1.5,1
20.08.2021 02:13:05.058,3.9254800000000003,3.9218400000000004,1.5,1
20.08.2021 02:13:10.840,3.9254900000000004,3.9218300000000004,1.5,1.5
20.08.2021 02:13:14.071,3.9254900000000004,3.9218300000000004,1.5,1.5
20.08.2021 02:13:14.121,3.9254900000000004,3.9218300000000004,1.5,1.5
20.08.2021 02:13:14.336,3.9255199999999997,3.9218300000000004,1,1.5
20.08.2021 02:13:17.761,3.92551,3.9218400000000004,1,1.5
20.08.2021 02:13:18.305,3.9255199999999997,3.9218300000000004,1,1.5
20.08.2021 02:13:40.286,3.9255199999999997,3.9218300000000004,1,1.5
20.08.2021 02:13:42.281,3.92551,3.9218400000000004,1,1.5
20.08.2021 02:13:52.197,3.92551,3.9218400000000004,1,1.5
20.08.2021 02:13:52.413,3.9255199999999997,3.9218300000000004,1,1.5
20.08.2021 02:13:52.941,3.9255199999999997,3.9218300000000004,1,1.5
20.08.2021 02:14:02.866,3.92546,3.9218300000000004,1.5,1.5
20.08.2021 02:14:04.826,3.92546,3.9218300000000004,1.5,1.5
20.08.2021 02:14:52.455,3.92545,3.9218100000000002,1.5,1
20.08.2021 02:15:00.908,3.92545,3.9218100000000002,1.5,1
20.08.2021 02:15:01.108,3.92546,3.9218,1.5,1
20.08.2021 02:15:01.322,3.9252900000000004,3.9216300000000004,1.5,1
20.08.2021 02:15:25.366,3.9251400000000003,3.92152,1,1
20.08.2021 02:15:25.707,3.9251300000000007,3.9215300000000006,1,1
20.08.2021 02:15:25.894,3.9251400000000003,3.92146,1,1
20.08.2021 02:15:26.652,3.9251400000000003,3.92146,1,1
20.08.2021 02:16:01.291,3.9251400000000003,3.92146,1,1
20.08.2021 02:16:02.742,3.9251400000000003,3.92146,1,1
20.08.2021 02:16:05.486,3.9250300000000005,3.92146,1.5,1
20.08.2021 02:16:05.687,3.9250300000000005,3.92146,1.5,1
20.08.2021 02:16:11.581,3.9250300000000005,3.92146,1.5,1
20.08.2021 02:16:11.989,3.9250300000000005,3.92146,1.5,1
20.08.2021 02:16:54.155,3.9250300000000005,3.92142,1.5,1
20.08.2021 02:17:18.946,3.92461,3.92125,1.5,1
20.08.2021 02:17:21.871,3.92457,3.92126,1.5,1
20.08.2021 02:17:37.066,3.9244900000000005,3.92125,1.5,1
20.08.2021 02:17:51.892,3.92446,3.9211300000000007,1.5,1
20.08.2021 02:17:55.018,3.9243400000000004,3.9210800000000003,1.5,1
20.08.2021 02:17:55.219,3.9242900000000005,3.92091,1.5,1
20.08.2021 02:17:58.277,3.92422,3.9209,1.5,1
20.08.2021 02:17:58.474,3.9242500000000002,3.92091,1.5,1
20.08.2021 02:18:01.474,3.92431,3.9209,1.5,1
20.08.2021 02:18:27.524,3.9243300000000003,3.9210800000000003,1.5,1
20.08.2021 02:18:30.263,3.92444,3.9210800000000003,1.5,1
20.08.2021 02:18:38.542,3.92445,3.92107,1.5,1
20.08.2021 02:19:12.468,3.92442,3.92107,1.5,1
20.08.2021 02:19:15.301,3.92442,3.92107,1.5,1
20.08.2021 02:19:16.954,3.92442,3.92107,1.5,1
20.08.2021 02:19:17.157,3.92442,3.92107,1.5,1
20.08.2021 02:19:17.510,3.9244300000000005,3.92107,1.5,1
20.08.2021 02:19:18.278,3.9244300000000005,3.92107,1.5,1
20.08.2021 02:19:18.480,3.92442,3.9210800000000003,1.5,1
20.08.2021 02:19:19.881,3.9244300000000005,3.92107,1.5,1
20.08.2021 02:19:20.284,3.9244300000000005,3.92107,1.5,1
20.08.2021 02:20:01.174,3.9243699999999997,3.92117,1.5,1
20.08.2021 02:20:01.376,3.92442,3.9211800000000006,1,1
20.08.2021 02:20:03.007,3.92444,3.92117,1,1
20.08.2021 02:20:04.101,3.92445,3.9211800000000006,1.5,1
20.08.2021 02:20:04.151,3.92446,3.92117,1.5,1
20.08.2021 02:20:14.789,3.92446,3.92117,1.5,1
20.08.2021 02:20:18.348,3.92446,3.92117,1.5,1
20.08.2021 02:20:25.906,3.9244300000000005,3.92117,1,1
20.08.2021 02:20:25.972,3.9244800000000004,3.92117,1.5,1
20.08.2021 02:20:26.107,3.9244800000000004,3.92117,1.5,1
20.08.2021 02:20:26.986,3.92451,3.92117,1.5,1
20.08.2021 02:20:29.342,3.9244800000000004,3.92126,1.5,1
20.08.2021 02:20:30.283,3.92444,3.92126,1,1
20.08.2021 02:20:30.566,3.92447,3.92127,1.5,1
20.08.2021 02:20:31.205,3.9244800000000004,3.92126,1.5,1
20.08.2021 02:20:33.807,3.92446,3.92127,1.5,1
20.08.2021 02:20:40.300,3.92446,3.92127,1.5,1
20.08.2021 02:20:40.501,3.9244900000000005,3.92126,1.5,1
20.08.2021 02:20:41.514,3.92445,3.92126,1.12,1
20.08.2021 02:20:44.566,3.9245,3.92126,1.5,1
20.08.2021 02:21:10.863,3.92451,3.92126,1.5,1
20.08.2021 02:21:12.590,3.92444,3.92126,1,1
20.08.2021 02:21:13.367,3.92446,3.92126,1.5,1
20.08.2021 02:21:41.607,3.92446,3.9213199999999997,1.5,1
20.08.2021 02:21:41.807,3.92446,3.9213199999999997,1.5,1
20.08.2021 02:21:54.161,3.92442,3.9213300000000006,1,1
20.08.2021 02:22:14.898,3.92447,3.9213199999999997,1.5,1
20.08.2021 02:22:15.505,3.92446,3.9213300000000006,1,1
20.08.2021 02:22:19.071,3.92447,3.9213199999999997,1,1
20.08.2021 02:22:19.121,3.9245,3.9213199999999997,1,1
20.08.2021 02:22:19.193,3.9245300000000003,3.9213300000000006,1,1
20.08.2021 02:22:19.410,3.9250000000000003,3.9213199999999997,1,1
20.08.2021 02:22:22.692,3.9250900000000004,3.9215300000000006,1.5,1
20.08.2021 02:22:53.776,3.9251,3.92152,1.5,1
20.08.2021 02:22:54.920,3.9251,3.92152,1.5,1
20.08.2021 02:23:00.914,3.92519,3.92152,1,1
20.08.2021 02:23:04.157,3.92519,3.92152,1,1
20.08.2021 02:23:06.561,3.9251800000000006,3.9215300000000006,1,1
20.08.2021 02:23:07.367,3.9251800000000006,3.9215300000000006,1,1
20.08.2021 02:23:07.568,3.92519,3.92152,1,1
20.08.2021 02:23:08.177,3.92519,3.92152,1,1
20.08.2021 02:23:46.987,3.9251800000000006,3.9215,1,1
20.08.2021 02:24:01.249,3.9251800000000006,3.9215,1,1
20.08.2021 02:24:02.308,3.9251800000000006,3.9215,1,1
20.08.2021 02:24:15.079,3.9251800000000006,3.9215,1,1
20.08.2021 02:24:35.732,3.9253500000000003,3.9216400000000005,1,1
20.08.2021 02:24:42.675,3.9253500000000003,3.9216400000000005,1,1
20.08.2021 02:24:50.396,3.9253400000000003,3.92165,1,1
20.08.2021 02:24:58.657,3.9253400000000003,3.9216400000000005,1,1
20.08.2021 02:25:00.325,3.9253500000000003,3.9218,1,1
20.08.2021 02:25:00.521,3.9253400000000003,3.9218100000000002,1,1
20.08.2021 02:25:16.368,3.9253500000000003,3.9216400000000005,1,1
20.08.2021 02:25:19.444,3.9253500000000003,3.9216400000000005,1,1
20.08.2021 02:25:19.502,3.9253500000000003,3.9216400000000005,1,1
20.08.2021 02:25:25.499,3.92527,3.9216100000000003,1,1
20.08.2021 02:25:32.059,3.92526,3.92162,1,1
20.08.2021 02:25:40.574,3.92526,3.92162,1,1
20.08.2021 02:26:04.068,3.92527,3.9216100000000003,1,1
20.08.2021 02:26:08.495,3.92527,3.9216100000000003,1,1
20.08.2021 02:26:29.308,3.9251800000000006,3.9215500000000003,1,1
20.08.2021 02:26:29.669,3.92519,3.9215400000000002,1,1
20.08.2021 02:26:43.061,3.92519,3.9215400000000002,1,1
20.08.2021 02:27:21.801,3.92519,3.9215,1,1
20.08.2021 02:27:30.267,3.9251800000000006,3.92151,1,1
20.08.2021 02:27:30.468,3.92519,3.9215,1,1
20.08.2021 02:28:00.355,3.92536,3.92166,1,1
20.08.2021 02:28:05.018,3.92536,3.9217000000000004,1,1
20.08.2021 02:28:16.567,3.92536,3.9217000000000004,1,1
20.08.2021 02:28:24.566,3.92536,3.9217000000000004,1,1
20.08.2021 02:28:32.683,3.92536,3.9217000000000004,1,1
20.08.2021 02:28:33.541,3.92536,3.9217000000000004,1,1
20.08.2021 02:28:40.067,3.92536,3.9217000000000004,1,1
20.08.2021 02:28:46.970,3.92536,3.9217000000000004,1,1
20.08.2021 02:28:57.311,3.92536,3.9217000000000004,1,1
20.08.2021 02:28:57.720,3.92536,3.9217000000000004,1,1
20.08.2021 02:29:19.441,3.9253500000000003,3.92171,1,1
20.08.2021 02:29:20.403,3.9253400000000003,3.92172,1,1
20.08.2021 02:29:29.902,3.9253500000000003,3.92171,1,1
20.08.2021 02:29:31.113,3.9253500000000003,3.92171,1,1
20.08.2021 02:29:34.379,3.9253400000000003,3.92172,1,1
20.08.2021 02:29:34.589,3.9253400000000003,3.92172,1,1
20.08.2021 02:29:38.792,3.9253500000000003,3.92171,1,1
20.08.2021 02:29:42.767,3.9253400000000003,3.92172,1,1
20.08.2021 02:30:12.691,3.9253400000000003,3.9217000000000004,1,1
20.08.2021 02:30:20.882,3.9253400000000003,3.9216900000000003,1,1
20.08.2021 02:30:25.157,3.9253300000000007,3.9217000000000004,1,1
20.08.2021 02:30:25.359,3.9253300000000007,3.9217000000000004,1,1
20.08.2021 02:30:29.323,3.9253400000000003,3.9216900000000003,1,1
20.08.2021 02:30:49.250,3.9253400000000003,3.9216900000000003,1,1
20.08.2021 02:30:49.453,3.9253500000000003,3.9216900000000003,1,1
20.08.2021 02:31:16.067,3.9254800000000003,3.9218400000000004,1,1
20.08.2021 02:31:39.996,3.92547,3.92185,1,1
20.08.2021 02:31:42.747,3.9254800000000003,3.9218400000000004,1,1
20.08.2021 02:31:42.948,3.9254800000000003,3.9218400000000004,1,1
20.08.2021 02:31:45.329,3.9254800000000003,3.9218400000000004,1,1
20.08.2021 02:31:48.547,3.92547,3.92185,1,1
20.08.2021 02:31:56.312,3.9254800000000003,3.9218400000000004,1,1
20.08.2021 02:31:56.620,3.9253199999999997,3.92185,1.5,1
20.08.2021 02:31:58.462,3.9253300000000007,3.9217800000000005,1.5,1
20.08.2021 02:31:58.663,3.9253199999999997,3.9217900000000006,1.5,1
20.08.2021 02:32:02.281,3.9253199999999997,3.9216800000000003,1.5,1
20.08.2021 02:32:59.534,3.9253199999999997,3.9216800000000003,1.5,1
20.08.2021 02:33:21.087,3.9253300000000007,3.9216699999999998,1.5,1
20.08.2021 02:33:43.431,3.9253199999999997,3.9218699999999997,1.5,1
20.08.2021 02:34:01.652,3.9253300000000007,3.92186,1.5,1
20.08.2021 02:34:01.856,3.9253199999999997,3.9218699999999997,1.5,1
20.08.2021 02:34:07.769,3.9253300000000007,3.92186,1.5,1
20.08.2021 02:34:13.390,3.9253199999999997,3.9218699999999997,1.5,1
20.08.2021 02:34:17.435,3.9255199999999997,3.9218699999999997,1.62,1
20.08.2021 02:34:17.636,3.9255300000000006,3.92186,1.62,1
20.08.2021 02:34:18.420,3.9255300000000006,3.92186,1.62,1
20.08.2021 02:34:45.064,3.9255300000000006,3.9219900000000005,1.5,1
20.08.2021 02:34:45.466,3.9255300000000006,3.9219900000000005,1.5,1
20.08.2021 02:34:46.364,3.9255300000000006,3.9219900000000005,1.5,1
20.08.2021 02:34:46.565,3.9255199999999997,3.922,1.5,1
20.08.2021 02:34:46.826,3.9255300000000006,3.9219900000000005,1.5,1
20.08.2021 02:34:47.429,3.9255300000000006,3.9219900000000005,1.5,1
20.08.2021 02:34:53.186,3.9255300000000006,3.9219900000000005,1.5,1
20.08.2021 02:34:53.387,3.9255300000000006,3.9219900000000005,1.5,1
20.08.2021 02:35:02.161,3.9255300000000006,3.9219900000000005,1.5,1
20.08.2021 02:35:02.253,3.9255300000000006,3.9219900000000005,1.5,1
20.08.2021 02:35:02.461,3.9255300000000006,3.9219900000000005,1.5,1
20.08.2021 02:35:03.272,3.9255199999999997,3.922,1.5,1
20.08.2021 02:35:03.663,3.9255300000000006,3.9219900000000005,1.5,1
20.08.2021 02:35:10.618,3.9255300000000006,3.9219900000000005,1.5,1
20.08.2021 02:35:10.814,3.9255300000000006,3.9219900000000005,1.5,1
20.08.2021 02:35:18.225,3.9255199999999997,3.922,1.5,1
20.08.2021 02:35:30.174,3.92551,3.92185,1,1
20.08.2021 02:36:37.317,3.9255300000000006,3.9219300000000006,1.5,1
20.08.2021 02:36:43.768,3.9255300000000006,3.9219300000000006,1.5,1
20.08.2021 02:36:55.114,3.9255300000000006,3.92182,1.62,1
20.08.2021 02:36:55.634,3.92525,3.9218300000000004,1.5,1
20.08.2021 02:36:55.836,3.92525,3.9218300000000004,1.5,1
20.08.2021 02:37:04.411,3.9254300000000004,3.92182,1.5,1
