Gmt time,Ask,Bid,AskVolume,BidVolume
10.08.2021 00:00:00.443,3.89061,3.8879900000000003,1,1
10.08.2021 00:00:15.835,3.8904199999999998,3.8879900000000003,1,1
10.08.2021 00:00:16.238,3.8904199999999998,3.8879900000000003,1.5,1
10.08.2021 00:00:16.441,3.89041,3.8880000000000003,1,1
10.08.2021 00:00:17.735,3.89041,3.8880000000000003,1.5,1
10.08.2021 00:00:17.985,3.89041,3.8880000000000003,1,1
10.08.2021 00:00:18.141,3.8904199999999998,3.8879900000000003,1.5,1
10.08.2021 00:00:22.384,3.89002,3.8879900000000003,1,1
10.08.2021 00:00:23.109,3.8901800000000004,3.8879900000000003,1.5,1
10.08.2021 00:00:23.159,3.89002,3.8879900000000003,1.5,1
10.08.2021 00:00:25.747,3.89002,3.8879900000000003,1,1
10.08.2021 00:00:33.138,3.89017,3.8880000000000003,1.5,1
10.08.2021 00:00:33.189,3.89002,3.8879900000000003,1,1
10.08.2021 00:00:48.343,3.89001,3.8880000000000003,1.5,1
10.08.2021 00:00:49.986,3.88992,3.8879900000000003,1,1
10.08.2021 00:00:50.245,3.88992,3.8877900000000003,1,1
10.08.2021 00:00:52.048,3.88992,3.8877900000000003,1.5,1
10.08.2021 00:00:52.149,3.88982,3.8877900000000003,1,1
10.08.2021 00:00:53.620,3.88997,3.8878000000000004,1.5,1
10.08.2021 00:00:54.852,3.88982,3.8877900000000003,1,1
10.08.2021 00:01:07.768,3.88992,3.8877900000000003,1,1
10.08.2021 00:01:26.295,3.88992,3.88795,1,1
10.08.2021 00:01:50.138,3.88991,3.8878300000000006,1.5,1
10.08.2021 00:01:51.433,3.88992,3.88782,1,1
10.08.2021 00:02:04.587,3.89002,3.88802,1,1
10.08.2021 00:02:04.712,3.89012,3.88802,1.5,1
10.08.2021 00:02:04.763,3.89012,3.88802,1,1
10.08.2021 00:02:16.105,3.89002,3.88802,1,1
10.08.2021 00:02:16.155,3.89002,3.88792,1,1
10.08.2021 00:02:16.307,3.89001,3.8879300000000003,1.5,1
10.08.2021 00:02:23.858,3.89002,3.88792,1,1
10.08.2021 00:02:30.861,3.89017,3.8879300000000003,1.5,1
10.08.2021 00:02:30.912,3.89002,3.88792,1,1
10.08.2021 00:02:45.109,3.89031,3.8879300000000003,1.5,1
10.08.2021 00:02:45.160,3.89002,3.88792,1,1
10.08.2021 00:02:56.023,3.89001,3.88806,1,1
10.08.2021 00:02:56.183,3.89011,3.88806,1,1
10.08.2021 00:02:57.971,3.89022,3.88822,1,1
10.08.2021 00:02:59.535,3.89032,3.88822,1,1
10.08.2021 00:03:00.033,3.89032,3.88822,1.5,1
10.08.2021 00:03:00.485,3.89031,3.8882300000000005,1,1
10.08.2021 00:03:04.294,3.89032,3.8882800000000004,1,1
10.08.2021 00:03:04.365,3.89041,3.8882900000000005,1.5,1
10.08.2021 00:03:04.499,3.89031,3.8882900000000005,1,1
10.08.2021 00:03:21.329,3.89041,3.8882900000000005,1.5,1
10.08.2021 00:03:27.117,3.8904199999999998,3.88845,1.5,1
10.08.2021 00:03:27.218,3.89061,3.88859,1,1
10.08.2021 00:03:27.368,3.89071,3.88859,1.5,1
10.08.2021 00:03:27.538,3.89072,3.8885800000000006,1,1
10.08.2021 00:03:27.697,3.89072,3.88871,1,1
10.08.2021 00:03:28.788,3.89071,3.8886600000000002,1,1
10.08.2021 00:03:28.940,3.89072,3.88865,1.5,1
10.08.2021 00:03:31.716,3.89061,3.8886600000000002,1,1
10.08.2021 00:03:31.767,3.8906199999999997,3.8885199999999998,1,1
10.08.2021 00:03:31.817,3.8906199999999997,3.8885199999999998,1.5,1
10.08.2021 00:03:35.357,3.8906199999999997,3.8885199999999998,1,1
10.08.2021 00:03:54.053,3.89072,3.8885199999999998,1.5,1
10.08.2021 00:03:54.103,3.89072,3.88865,1,1
10.08.2021 00:04:01.471,3.8908199999999997,3.88865,1,1
10.08.2021 00:04:03.124,3.89092,3.88865,1.5,1
10.08.2021 00:04:03.638,3.8908199999999997,3.88865,1,1
10.08.2021 00:04:10.965,3.8908199999999997,3.88881,1,1
10.08.2021 00:04:11.015,3.89092,3.88881,1.5,1
10.08.2021 00:04:11.167,3.89092,3.88881,1.5,1
10.08.2021 00:04:11.578,3.89112,3.88881,1.5,1
10.08.2021 00:04:11.780,3.89101,3.88882,1.5,1
10.08.2021 00:04:12.135,3.89101,3.88882,1.5,1
10.08.2021 00:04:14.772,3.8910199999999997,3.88891,1.5,1
10.08.2021 00:04:14.873,3.89112,3.88891,1.5,1
10.08.2021 00:04:15.031,3.89112,3.8890800000000003,1.5,1
10.08.2021 00:04:15.082,3.89112,3.8890800000000003,1,1
10.08.2021 00:04:23.436,3.89112,3.8890800000000003,1.5,1
10.08.2021 00:04:24.835,3.89112,3.88891,1.5,1
10.08.2021 00:04:24.885,3.89112,3.88891,1.5,1
10.08.2021 00:04:29.021,3.89111,3.8889199999999997,1.5,1
10.08.2021 00:04:30.285,3.89111,3.8889199999999997,1.5,1
10.08.2021 00:04:37.960,3.8910199999999997,3.8887800000000006,1.5,1
10.08.2021 00:04:38.061,3.8910199999999997,3.8887800000000006,1.5,1
10.08.2021 00:04:38.260,3.8910199999999997,3.8887800000000006,1.5,1
10.08.2021 00:05:02.939,3.8912199999999997,3.88891,1.5,1
10.08.2021 00:05:03.051,3.8912199999999997,3.88891,1.5,1
10.08.2021 00:05:03.101,3.89112,3.8887800000000006,1.5,1
10.08.2021 00:05:03.151,3.8910199999999997,3.8887800000000006,1,1
10.08.2021 00:05:03.264,3.89101,3.88879,1.5,1
10.08.2021 00:05:03.548,3.8910199999999997,3.8887800000000006,1,1
10.08.2021 00:05:03.752,3.8910199999999997,3.8887800000000006,1.5,1
10.08.2021 00:05:08.790,3.8910199999999997,3.8887800000000006,1,1
10.08.2021 00:05:09.903,3.89117,3.88879,1.5,1
10.08.2021 00:05:10.467,3.89111,3.88879,1.5,1
10.08.2021 00:05:10.680,3.89111,3.88879,1.5,1
10.08.2021 00:05:13.246,3.89111,3.88879,1,1.5
10.08.2021 00:05:13.384,3.89112,3.88891,1,1
10.08.2021 00:05:14.576,3.89112,3.88891,1.5,1
10.08.2021 00:05:16.618,3.8912199999999997,3.88891,1.5,1
10.08.2021 00:05:17.725,3.8912199999999997,3.88891,1,1
10.08.2021 00:05:17.849,3.89132,3.88891,1.5,1
10.08.2021 00:05:19.160,3.89132,3.8889800000000005,1.5,1
10.08.2021 00:05:23.470,3.89132,3.8889199999999997,1.5,1
10.08.2021 00:05:24.194,3.89132,3.88891,1.5,1
10.08.2021 00:05:26.418,3.89132,3.88891,1.5,1
10.08.2021 00:05:38.308,3.89112,3.8887400000000003,1.5,1
10.08.2021 00:05:45.878,3.89111,3.8887500000000004,1.5,1
10.08.2021 00:05:46.779,3.89112,3.8887500000000004,1.5,1
10.08.2021 00:05:47.432,3.89112,3.8887400000000003,1.5,1
10.08.2021 00:05:48.820,3.89112,3.8887800000000006,1.5,1
10.08.2021 00:05:48.871,3.89112,3.8887400000000003,1.5,1
10.08.2021 00:05:49.048,3.89112,3.8887400000000003,1.5,1
10.08.2021 00:06:06.962,3.89112,3.8887400000000003,1,1
10.08.2021 00:06:07.130,3.89101,3.8887500000000004,1,1
10.08.2021 00:06:07.331,3.8910199999999997,3.8887400000000003,1.5,1
10.08.2021 00:06:10.024,3.89092,3.88861,1,1
10.08.2021 00:06:24.571,3.8908199999999997,3.88845,1,1
10.08.2021 00:06:28.345,3.89071,3.8884600000000002,1,1
10.08.2021 00:06:28.505,3.89072,3.88845,1.5,1
10.08.2021 00:06:46.408,3.89072,3.8883199999999998,1.5,1
10.08.2021 00:06:46.458,3.89061,3.8883300000000003,1.5,1
10.08.2021 00:06:46.924,3.89061,3.8883300000000003,1.5,1
10.08.2021 00:06:48.649,3.8906199999999997,3.8883199999999998,1,1
10.08.2021 00:06:55.577,3.89061,3.8884900000000004,1,1
10.08.2021 00:06:55.636,3.89077,3.8884900000000004,1.5,1
10.08.2021 00:06:55.737,3.8908199999999997,3.8884800000000004,1.5,1
10.08.2021 00:06:58.310,3.8908199999999997,3.8885,1.5,1
10.08.2021 00:06:58.483,3.8908199999999997,3.88856,1.5,1
10.08.2021 00:07:01.138,3.89081,3.88851,1.5,1
10.08.2021 00:07:01.188,3.89081,3.8885400000000003,1.5,1
10.08.2021 00:07:01.440,3.8908199999999997,3.88856,1.5,1
10.08.2021 00:07:02.927,3.89081,3.88851,1.5,1
10.08.2021 00:07:04.450,3.89081,3.8884900000000004,1.5,1
10.08.2021 00:07:06.286,3.8908199999999997,3.88856,1.5,1
10.08.2021 00:07:10.275,3.8908199999999997,3.88859,1.5,1
10.08.2021 00:07:11.061,3.8908199999999997,3.8884800000000004,1.5,1
10.08.2021 00:07:11.112,3.8908199999999997,3.88856,1.5,1
10.08.2021 00:07:22.232,3.89081,3.8886000000000003,1.5,1
10.08.2021 00:07:22.341,3.8908199999999997,3.8885300000000003,1.5,1
10.08.2021 00:07:22.391,3.8908199999999997,3.88856,1.5,1
10.08.2021 00:07:33.694,3.8908199999999997,3.8884800000000004,1.5,1
10.08.2021 00:07:34.776,3.89081,3.88857,1.5,1
10.08.2021 00:07:35.397,3.8908199999999997,3.8885,1.5,1
10.08.2021 00:07:35.448,3.8908199999999997,3.8884800000000004,1.5,1
10.08.2021 00:08:06.847,3.89091,3.8884900000000004,1,1
10.08.2021 00:08:06.897,3.89092,3.8886400000000005,1,1
10.08.2021 00:08:28.987,3.89081,3.88865,1,1
10.08.2021 00:08:29.090,3.8908199999999997,3.8886400000000005,1.5,1
10.08.2021 00:08:29.191,3.89071,3.88865,1,1
10.08.2021 00:08:39.595,3.8906199999999997,3.8884800000000004,1,1
10.08.2021 00:08:47.401,3.8906199999999997,3.8884800000000004,1.5,1
10.08.2021 00:09:00.252,3.8906199999999997,3.8884800000000004,1,1
10.08.2021 00:09:50.404,3.8907800000000003,3.8884800000000004,1.5,1
10.08.2021 00:09:50.454,3.89072,3.8884800000000004,1,1
10.08.2021 00:09:51.572,3.89072,3.8885800000000006,1,1
10.08.2021 00:10:02.795,3.89072,3.8885800000000006,1.5,1
10.08.2021 00:10:04.630,3.8906199999999997,3.8885800000000006,1,1
10.08.2021 00:10:14.565,3.8906199999999997,3.8884800000000004,1,1
10.08.2021 00:10:25.641,3.8906199999999997,3.8884800000000004,1.5,1
10.08.2021 00:10:31.799,3.89061,3.8884900000000004,1,1
10.08.2021 00:10:38.363,3.8906199999999997,3.8884800000000004,1.5,1
10.08.2021 00:10:39.236,3.8906199999999997,3.8884800000000004,1,1
10.08.2021 00:10:56.845,3.8906199999999997,3.8884800000000004,1.5,1
10.08.2021 00:11:20.346,3.8906199999999997,3.8884800000000004,1,1
10.08.2021 00:11:59.585,3.89061,3.8884900000000004,1.5,1
10.08.2021 00:12:02.875,3.8906199999999997,3.8884800000000004,1,1
10.08.2021 00:12:14.919,3.8907800000000003,3.8884800000000004,1.5,1
10.08.2021 00:12:15.020,3.89081,3.8884900000000004,1.5,1
10.08.2021 00:12:19.595,3.89072,3.8884800000000004,1,1
10.08.2021 00:12:27.650,3.8906199999999997,3.8884800000000004,1,1
10.08.2021 00:12:30.346,3.8906199999999997,3.8884800000000004,1.5,1
10.08.2021 00:12:32.121,3.8906199999999997,3.8884800000000004,1,1
10.08.2021 00:12:35.556,3.89061,3.8884900000000004,1.5,1
10.08.2021 00:12:39.819,3.89052,3.8884800000000004,1,1
10.08.2021 00:12:40.066,3.89051,3.88836,1,1
10.08.2021 00:12:40.116,3.89051,3.88836,1.5,1
10.08.2021 00:12:42.113,3.89052,3.88835,1,1
10.08.2021 00:12:43.942,3.89061,3.88836,1.5,1
10.08.2021 00:12:45.875,3.89061,3.88836,1.5,1
10.08.2021 00:12:46.064,3.8906199999999997,3.88835,1.5,1
10.08.2021 00:12:55.573,3.8906199999999997,3.88845,1.5,1
10.08.2021 00:12:55.748,3.8906199999999997,3.88845,1,1
10.08.2021 00:13:03.698,3.8906199999999997,3.88845,1.5,1
10.08.2021 00:13:05.926,3.8906199999999997,3.88845,1,1
10.08.2021 00:13:10.786,3.8906199999999997,3.88845,1.5,1
10.08.2021 00:13:45.972,3.8906199999999997,3.88831,1.5,1
10.08.2021 00:13:46.095,3.89061,3.8883199999999998,1.5,1
10.08.2021 00:14:04.548,3.89052,3.88831,1,1
10.08.2021 00:14:04.750,3.89052,3.88831,1.5,1
10.08.2021 00:14:23.520,3.8904199999999998,3.88831,1,1
10.08.2021 00:14:32.070,3.8904199999999998,3.88831,1.5,1
10.08.2021 00:14:43.343,3.8904199999999998,3.88831,1.5,1
10.08.2021 00:14:52.163,3.8904199999999998,3.88831,1.5,1
10.08.2021 00:14:52.363,3.89041,3.8883199999999998,1,1
10.08.2021 00:15:04.527,3.8904199999999998,3.88831,1.5,1
10.08.2021 00:15:07.550,3.89041,3.8883199999999998,1,1
10.08.2021 00:15:09.252,3.8906199999999997,3.88831,1.5,1
10.08.2021 00:15:13.438,3.8904199999999998,3.88831,1,1
10.08.2021 00:15:14.794,3.8904199999999998,3.88831,1.5,1
10.08.2021 00:15:15.939,3.89041,3.8883199999999998,1,1
10.08.2021 00:15:17.241,3.89051,3.8883199999999998,1.5,1
10.08.2021 00:15:26.330,3.8904199999999998,3.88831,1,1
10.08.2021 00:15:38.185,3.89052,3.88831,1.5,1
10.08.2021 00:15:38.285,3.89051,3.8883199999999998,1,1
10.08.2021 00:15:41.183,3.89052,3.88831,1.5,1
10.08.2021 00:16:18.230,3.8904199999999998,3.88831,1,1
10.08.2021 00:16:30.597,3.89041,3.8882300000000005,1,1
10.08.2021 00:16:30.794,3.8904199999999998,3.88822,1.5,1
10.08.2021 00:16:52.953,3.8904199999999998,3.88822,1,1
10.08.2021 00:16:53.003,3.8904199999999998,3.8883199999999998,1,1
10.08.2021 00:17:05.044,3.89041,3.8883300000000003,1.5,1
10.08.2021 00:17:05.587,3.89032,3.8881800000000006,1,1
10.08.2021 00:17:05.638,3.89032,3.8881800000000006,1.5,1
10.08.2021 00:17:05.791,3.89032,3.8881800000000006,1,1
10.08.2021 00:17:19.345,3.89032,3.8881800000000006,1.5,1
10.08.2021 00:17:30.720,3.89022,3.8881800000000006,1,1
10.08.2021 00:17:40.543,3.89022,3.8880500000000002,1.5,1
10.08.2021 00:17:40.593,3.89012,3.8880500000000002,1,1
10.08.2021 00:17:52.141,3.89022,3.8880500000000002,1,1
10.08.2021 00:17:52.198,3.89021,3.88816,1,1
10.08.2021 00:18:02.521,3.89021,3.8880900000000005,1,1
10.08.2021 00:18:02.572,3.89021,3.8880900000000005,1.5,1
10.08.2021 00:18:02.722,3.89012,3.8880800000000004,1,1
10.08.2021 00:18:07.302,3.89001,3.8880900000000005,1,1
10.08.2021 00:18:07.352,3.89002,3.8878800000000004,1,1
10.08.2021 00:18:09.920,3.89002,3.8878000000000004,1,1
10.08.2021 00:18:11.869,3.89001,3.88781,1.5,1
10.08.2021 00:18:12.979,3.88991,3.88781,1,1
10.08.2021 00:18:16.007,3.88992,3.88767,1,1
10.08.2021 00:18:16.076,3.88982,3.88767,1,1
10.08.2021 00:18:16.592,3.88982,3.88767,1.5,1
10.08.2021 00:18:17.138,3.88982,3.8875300000000004,1.5,1
10.08.2021 00:18:18.904,3.88972,3.8875300000000004,1,1
10.08.2021 00:18:31.374,3.88972,3.88761,1,1
10.08.2021 00:18:41.710,3.88981,3.88762,1,1
10.08.2021 00:18:41.782,3.88982,3.8877699999999997,1,1
10.08.2021 00:18:50.380,3.88992,3.8877699999999997,1,1
10.08.2021 00:19:01.987,3.88982,3.8877699999999997,1,1
10.08.2021 00:19:10.074,3.88982,3.8877699999999997,1.5,1
10.08.2021 00:19:11.523,3.88982,3.88762,1.5,1
10.08.2021 00:19:16.350,3.88971,3.8876300000000006,1,1
10.08.2021 00:19:16.553,3.88971,3.8876300000000006,1.5,1
10.08.2021 00:19:17.673,3.88972,3.8875400000000004,1.5,1
10.08.2021 00:19:20.465,3.88962,3.8875400000000004,1,1
10.08.2021 00:19:28.594,3.88962,3.88761,1,1
10.08.2021 00:20:29.875,3.88962,3.88755,1,1
10.08.2021 00:20:42.123,3.88972,3.88755,1.5,1
10.08.2021 00:20:42.224,3.88972,3.88755,1,1
10.08.2021 00:20:44.385,3.88972,3.88771,1,1
10.08.2021 00:20:44.772,3.88982,3.88771,1,1
10.08.2021 00:20:50.195,3.88982,3.88784,1,1
10.08.2021 00:20:50.245,3.88992,3.88784,1,1
10.08.2021 00:21:52.437,3.8909000000000002,3.88784,1.5,1
10.08.2021 00:22:07.439,3.88992,3.88784,1,1
10.08.2021 00:22:07.613,3.88992,3.88784,1.5,1
10.08.2021 00:22:07.778,3.88992,3.88771,1.5,1
10.08.2021 00:22:11.740,3.88992,3.88771,1,1
10.08.2021 00:22:39.442,3.88992,3.88784,1,1
10.08.2021 00:22:39.543,3.89001,3.8878500000000003,1.5,1
10.08.2021 00:22:39.594,3.89002,3.88784,1,1
10.08.2021 00:22:40.688,3.89002,3.8879699999999997,1,1
10.08.2021 00:22:58.576,3.89011,3.8879800000000007,1,1
10.08.2021 00:23:06.299,3.89012,3.88807,1,1
10.08.2021 00:23:40.374,3.89011,3.88802,1,1
10.08.2021 00:23:59.498,3.8911000000000002,3.88801,1.5,1
10.08.2021 00:24:04.246,3.8912199999999997,3.88811,1.5,1
10.08.2021 00:24:04.371,3.89021,3.88812,1,1
10.08.2021 00:24:04.986,3.8903800000000004,3.88811,1.5,1
10.08.2021 00:24:05.036,3.89032,3.88811,1,1
10.08.2021 00:24:07.524,3.89031,3.88812,1.5,1
10.08.2021 00:24:07.675,3.89032,3.88807,1.5,1
10.08.2021 00:24:08.321,3.89021,3.8880800000000004,1,1
10.08.2021 00:24:12.343,3.89022,3.88807,1.5,1
10.08.2021 00:25:12.310,3.89112,3.8880800000000004,1.5,1
10.08.2021 00:25:27.183,3.89022,3.88807,1,1
10.08.2021 00:25:27.361,3.89012,3.88807,1,1
10.08.2021 00:25:32.528,3.89022,3.88807,1.5,1
10.08.2021 00:25:44.194,3.89022,3.8882900000000005,1.5,1
10.08.2021 00:26:07.040,3.89021,3.8882000000000003,1.5,1
10.08.2021 00:26:24.113,3.89021,3.8882000000000003,1,1
10.08.2021 00:26:27.582,3.89022,3.8881900000000003,1.5,1
10.08.2021 00:26:50.378,3.89022,3.8881900000000003,1,1
10.08.2021 00:26:50.428,3.89032,3.8883199999999998,1.5,1
10.08.2021 00:27:39.306,3.8904199999999998,3.8883199999999998,1.5,1
10.08.2021 00:27:43.222,3.8904199999999998,3.8881900000000003,1.5,1
10.08.2021 00:27:47.464,3.8904199999999998,3.8882900000000005,1.5,1
10.08.2021 00:29:20.300,3.89051,3.8883,1.5,1
10.08.2021 00:29:25.459,3.89052,3.8882900000000005,1.5,1
10.08.2021 00:29:29.873,3.89052,3.8882900000000005,1.5,1
10.08.2021 00:29:36.940,3.89052,3.8882900000000005,1.5,1
10.08.2021 00:29:38.380,3.8904199999999998,3.8882900000000005,1.5,1
10.08.2021 00:29:47.608,3.89052,3.88845,1.5,1
10.08.2021 00:29:47.659,3.89052,3.88845,1.5,1
10.08.2021 00:29:48.069,3.89052,3.88845,1.5,1
10.08.2021 00:29:51.169,3.89051,3.8884600000000002,1.5,1
10.08.2021 00:30:00.067,3.89051,3.8884600000000002,1.5,1
10.08.2021 00:30:01.896,3.89051,3.8884600000000002,1.5,1
10.08.2021 00:30:05.417,3.89052,3.88845,1.5,1
10.08.2021 00:30:06.731,3.89052,3.88845,1.5,1
10.08.2021 00:30:08.322,3.89052,3.88845,1.5,1
10.08.2021 00:30:10.387,3.89052,3.88845,1.5,1
10.08.2021 00:30:13.216,3.89052,3.88845,1.5,1
10.08.2021 00:30:20.345,3.89052,3.88845,1.5,1
10.08.2021 00:30:20.992,3.8904199999999998,3.88845,1,1
10.08.2021 00:30:23.230,3.89061,3.8884600000000002,1.5,1
10.08.2021 00:30:36.542,3.89051,3.8883300000000003,1.5,1
10.08.2021 00:30:39.617,3.89051,3.88836,1.5,1
10.08.2021 00:31:40.077,3.89149,3.8884300000000005,1.5,1
10.08.2021 00:31:58.166,3.89132,3.8883400000000004,1.5,1
10.08.2021 00:32:08.919,3.89147,3.88842,1.5,1
10.08.2021 00:32:11.962,3.8904199999999998,3.88841,1,1
10.08.2021 00:32:12.063,3.8904199999999998,3.88831,1,1
10.08.2021 00:32:12.113,3.8904199999999998,3.88831,1.5,1
10.08.2021 00:32:12.269,3.89041,3.88824,1.5,1
10.08.2021 00:32:19.621,3.89032,3.8882300000000005,1,1
10.08.2021 00:32:48.173,3.8904800000000006,3.8882300000000005,1.5,1
10.08.2021 00:33:03.718,3.89031,3.88824,1,1
10.08.2021 00:33:12.097,3.89052,3.8882300000000005,1.5,1
10.08.2021 00:33:12.147,3.89032,3.8882300000000005,1,1
10.08.2021 00:33:24.230,3.89032,3.8882300000000005,1.5,1
10.08.2021 00:33:33.125,3.89032,3.8882300000000005,1,1
10.08.2021 00:33:48.132,3.89032,3.8882300000000005,1.5,1
10.08.2021 00:33:48.183,3.89021,3.8881400000000004,1,1
10.08.2021 00:33:48.283,3.89021,3.8881400000000004,1.5,1
10.08.2021 00:33:49.577,3.89011,3.8881400000000004,1,1
10.08.2021 00:34:02.779,3.8902800000000006,3.8881300000000003,1.5,1
10.08.2021 00:34:02.829,3.89011,3.8881400000000004,1,1
10.08.2021 00:34:29.808,3.89022,3.8881300000000003,1,1
10.08.2021 00:34:40.389,3.89032,3.8881300000000003,1.5,1
10.08.2021 00:34:40.440,3.89031,3.8881400000000004,1,1
10.08.2021 00:34:41.085,3.89032,3.8881300000000003,1.5,1
10.08.2021 00:34:44.141,3.89031,3.8881400000000004,1,1
10.08.2021 00:34:44.343,3.89032,3.8881300000000003,1.5,1
10.08.2021 00:34:46.414,3.89032,3.88822,1.5,1
10.08.2021 00:34:47.225,3.89032,3.8881400000000004,1.5,1
10.08.2021 00:35:06.128,3.89022,3.8881400000000004,1,1
10.08.2021 00:35:06.273,3.89022,3.8881400000000004,1.5,1
10.08.2021 00:35:24.485,3.89011,3.88815,1,1
10.08.2021 00:35:24.535,3.89012,3.8879800000000007,1.5,1
10.08.2021 00:35:24.792,3.89011,3.8879900000000003,1,1
10.08.2021 00:35:33.031,3.89022,3.8879800000000007,1.5,1
10.08.2021 00:35:50.612,3.89012,3.8879800000000007,1,1
10.08.2021 00:35:52.706,3.89021,3.8879900000000003,1.5,1
10.08.2021 00:35:52.807,3.89022,3.8881699999999997,1.5,1
10.08.2021 00:35:52.913,3.89022,3.8881699999999997,1,1
10.08.2021 00:35:58.004,3.89021,3.8881800000000006,1.5,1
10.08.2021 00:36:04.045,3.89022,3.8881699999999997,1,1
10.08.2021 00:36:08.331,3.89031,3.8881800000000006,1.5,1
10.08.2021 00:36:23.691,3.89032,3.8881699999999997,1.5,1
10.08.2021 00:36:24.977,3.89032,3.8881699999999997,1.5,1
10.08.2021 00:36:56.721,3.89031,3.8883199999999998,1.5,1
10.08.2021 00:36:56.846,3.89032,3.88831,1,1
10.08.2021 00:36:57.046,3.89031,3.8883199999999998,1.5,1
10.08.2021 00:37:00.230,3.89031,3.8883199999999998,1.5,1
10.08.2021 00:37:00.472,3.89031,3.8883199999999998,1.5,1
10.08.2021 00:37:05.556,3.89032,3.88831,1.5,1
10.08.2021 00:37:05.707,3.89032,3.8881800000000006,1.5,1
10.08.2021 00:37:07.462,3.89032,3.8881,1.5,1
10.08.2021 00:37:43.606,3.89012,3.8881,1,1
10.08.2021 00:38:00.164,3.89012,3.8879699999999997,1,1
10.08.2021 00:38:00.230,3.89012,3.8879699999999997,1.5,1
10.08.2021 00:38:03.298,3.89012,3.88807,1.5,1
10.08.2021 00:38:03.348,3.89021,3.8880800000000004,1.5,1
10.08.2021 00:38:17.615,3.89012,3.88807,1,1
10.08.2021 00:38:50.875,3.89002,3.88807,1,1
10.08.2021 00:38:50.925,3.89002,3.8879699999999997,1,1
10.08.2021 00:38:51.082,3.89002,3.8879699999999997,1.5,1
10.08.2021 00:38:55.182,3.88991,3.8879800000000007,1,1
10.08.2021 00:38:56.617,3.89002,3.8879699999999997,1.5,1
10.08.2021 00:38:56.902,3.89002,3.8879699999999997,1,1
10.08.2021 00:38:57.543,3.89002,3.8879699999999997,1.5,1
10.08.2021 00:39:14.127,3.89002,3.8878500000000003,1.5,1
10.08.2021 00:39:23.414,3.88992,3.8878500000000003,1,1
10.08.2021 00:40:08.574,3.88992,3.8878500000000003,1.5,1
10.08.2021 00:40:08.624,3.88992,3.8876800000000005,1.5,1
10.08.2021 00:40:13.833,3.88991,3.8876900000000005,1.5,1
10.08.2021 00:40:27.343,3.88981,3.8876900000000005,1,1
10.08.2021 00:40:49.664,3.88992,3.8876800000000005,1,1
10.08.2021 00:40:58.074,3.88992,3.8877800000000007,1,1
10.08.2021 00:41:06.226,3.88992,3.8877800000000007,1.5,1
10.08.2021 00:41:06.426,3.88992,3.8877800000000007,1,1
10.08.2021 00:41:14.850,3.88992,3.8877800000000007,1.5,1
10.08.2021 00:41:15.641,3.88992,3.8877800000000007,1,1
10.08.2021 00:41:53.038,3.88991,3.8876900000000005,1,1
10.08.2021 00:41:53.088,3.88992,3.8876800000000005,1.5,1
10.08.2021 00:41:53.189,3.88981,3.8876900000000005,1,1
10.08.2021 00:42:11.407,3.88992,3.8876800000000005,1,1
10.08.2021 00:42:53.389,3.88991,3.8876900000000005,1.5,1
10.08.2021 00:42:53.865,3.88992,3.88775,1.5,1
10.08.2021 00:42:54.011,3.88981,3.88776,1,1
10.08.2021 00:42:55.606,3.88992,3.88775,1,1
10.08.2021 00:43:02.319,3.88992,3.8876800000000005,1,1
10.08.2021 00:43:09.384,3.89002,3.88772,1.5,1
10.08.2021 00:43:09.485,3.89002,3.8878500000000003,1,1
10.08.2021 00:44:09.939,3.89091,3.88786,1.5,1
10.08.2021 00:44:10.482,3.89001,3.88786,1,1
10.08.2021 00:44:10.595,3.89001,3.88786,1.5,1
10.08.2021 00:44:11.151,3.89002,3.8877800000000007,1.5,1
10.08.2021 00:44:33.313,3.88991,3.8877900000000003,1,1
10.08.2021 00:45:05.488,3.88991,3.8877900000000003,1.5,1
10.08.2021 00:45:05.589,3.88981,3.8877900000000003,1,1
10.08.2021 00:45:05.639,3.88982,3.88762,1,1
10.08.2021 00:45:18.721,3.88982,3.88762,1.5,1
10.08.2021 00:46:31.908,3.88981,3.8876300000000006,1,1
10.08.2021 00:46:40.130,3.88981,3.8876300000000006,1.5,1
10.08.2021 00:46:51.159,3.88971,3.8876300000000006,1,1
10.08.2021 00:46:55.707,3.88972,3.88762,1.5,1
10.08.2021 00:46:55.911,3.88971,3.8876300000000006,1,1
10.08.2021 00:47:04.538,3.88971,3.8876300000000006,1.5,1
10.08.2021 00:47:04.674,3.88971,3.8875,1.5,1
10.08.2021 00:47:07.484,3.88962,3.88749,1,1
10.08.2021 00:47:36.165,3.8896100000000002,3.88766,1,1
10.08.2021 00:47:36.216,3.88971,3.88766,1.5,1
10.08.2021 00:47:36.284,3.88972,3.8876500000000003,1,1
10.08.2021 00:47:49.470,3.88982,3.8876500000000003,1,1
10.08.2021 00:47:56.563,3.88972,3.8876500000000003,1,1
10.08.2021 00:47:56.668,3.88972,3.88749,1,1
10.08.2021 00:47:56.718,3.88962,3.88749,1,1
10.08.2021 00:48:35.955,3.88962,3.88749,1.5,1
10.08.2021 00:48:38.997,3.88962,3.88749,1,1
10.08.2021 00:48:52.614,3.88962,3.88749,1.5,1
10.08.2021 00:48:52.717,3.88952,3.88749,1,1
10.08.2021 00:48:52.868,3.88952,3.88749,1.5,1
10.08.2021 00:48:54.801,3.88951,3.8873400000000005,1.5,1
10.08.2021 00:49:00.853,3.88952,3.8873300000000004,1,1
10.08.2021 00:49:00.973,3.88952,3.88742,1,1
10.08.2021 00:49:10.274,3.8896100000000002,3.8874300000000006,1,1
10.08.2021 00:49:10.443,3.88962,3.8875800000000003,1,1
10.08.2021 00:51:00.504,3.88972,3.8875800000000003,1,1
10.08.2021 00:51:06.892,3.88971,3.8877300000000004,1,1
10.08.2021 00:51:06.942,3.88981,3.8877300000000004,1,1
10.08.2021 00:51:16.013,3.88982,3.88772,1.5,1
10.08.2021 00:51:18.455,3.88982,3.8875900000000003,1.5,1
10.08.2021 00:51:22.691,3.88972,3.8875900000000003,1,1
10.08.2021 00:51:22.879,3.88971,3.8876000000000004,1.5,1
10.08.2021 00:51:24.191,3.88972,3.8874500000000003,1.5,1
10.08.2021 00:51:44.440,3.88971,3.8875699999999997,1.5,1
10.08.2021 00:51:44.653,3.88972,3.88756,1,1
10.08.2021 00:52:04.421,3.88972,3.88772,1,1
10.08.2021 00:52:04.471,3.88982,3.88772,1,1
10.08.2021 00:52:25.354,3.88982,3.88772,1.5,1
10.08.2021 00:52:32.988,3.88981,3.8877300000000004,1,1
10.08.2021 00:52:36.606,3.88982,3.88772,1.5,1
10.08.2021 00:52:37.328,3.88981,3.8876300000000006,1.5,1
10.08.2021 00:52:38.794,3.88982,3.88762,1,1
10.08.2021 00:52:38.996,3.88981,3.8876300000000006,1.5,1
10.08.2021 00:52:50.044,3.88981,3.8876300000000006,1,1
10.08.2021 00:53:01.120,3.88982,3.88766,1,1
10.08.2021 00:53:09.461,3.88981,3.8875900000000003,1,1
10.08.2021 00:53:56.792,3.88971,3.8875900000000003,1.5,1
10.08.2021 00:53:57.187,3.88972,3.8874500000000003,1.5,1
10.08.2021 00:54:03.751,3.88962,3.8874500000000003,1,1
10.08.2021 00:54:06.169,3.8897800000000005,3.8874500000000003,1.5,1
10.08.2021 00:54:06.220,3.88952,3.8874500000000003,1,1
10.08.2021 00:54:13.267,3.88952,3.8874500000000003,1.5,1
10.08.2021 00:54:13.317,3.88952,3.88729,1.5,1
10.08.2021 00:54:14.798,3.88952,3.88729,1,1
10.08.2021 00:54:15.823,3.88951,3.8874300000000006,1,1
10.08.2021 00:54:18.010,3.88962,3.88742,1,1
10.08.2021 00:54:23.092,3.88971,3.8874300000000006,1,1
10.08.2021 00:54:28.247,3.88972,3.88742,1.5,1
10.08.2021 00:54:39.001,3.88962,3.88742,1,1
10.08.2021 00:54:39.630,3.88951,3.8874300000000006,1,1
10.08.2021 00:54:39.680,3.88952,3.88729,1,1
10.08.2021 00:54:39.868,3.88952,3.88729,1.5,1
10.08.2021 00:54:56.816,3.88952,3.88729,1,1
10.08.2021 00:55:00.152,3.88952,3.88729,1.5,1
10.08.2021 00:55:00.586,3.88942,3.88729,1,1
10.08.2021 00:55:00.636,3.88942,3.88715,1,1
10.08.2021 00:55:00.753,3.88942,3.88715,1.5,1
10.08.2021 00:55:00.954,3.88942,3.88715,1,1
10.08.2021 00:55:08.917,3.88942,3.88729,1,1
10.08.2021 00:55:12.292,3.88952,3.88729,1.5,1
10.08.2021 00:55:12.343,3.88952,3.88729,1,1
10.08.2021 00:55:12.407,3.88952,3.88742,1,1
10.08.2021 00:55:21.437,3.8896100000000002,3.8874300000000006,1.5,1
10.08.2021 00:55:21.504,3.8896100000000002,3.8874300000000006,1,1
10.08.2021 00:55:56.165,3.88962,3.88755,1,1
10.08.2021 00:56:05.630,3.88962,3.88755,1.5,1
10.08.2021 00:56:21.991,3.88962,3.8876500000000003,1.5,1
10.08.2021 00:56:32.122,3.8896100000000002,3.8875900000000003,1.5,1
10.08.2021 00:56:33.492,3.88962,3.8874800000000005,1.5,1
10.08.2021 00:56:43.933,3.8896100000000002,3.88756,1.5,1
10.08.2021 00:56:50.685,3.88962,3.8874800000000005,1.5,1
10.08.2021 00:56:58.984,3.88962,3.88756,1.5,1
10.08.2021 00:57:00.063,3.88962,3.8874800000000005,1.5,1
10.08.2021 00:57:01.582,3.88962,3.88756,1.5,1
10.08.2021 00:57:03.023,3.8896100000000002,3.8875699999999997,1.5,1
10.08.2021 00:57:03.121,3.88962,3.88756,1.5,1
10.08.2021 00:57:15.994,3.88962,3.8874800000000005,1.5,1
10.08.2021 00:57:30.432,3.88951,3.88749,1.5,1
10.08.2021 00:57:30.534,3.88952,3.8873400000000005,1.5,1
10.08.2021 00:57:30.588,3.88952,3.8873400000000005,1.5,1
10.08.2021 00:57:37.345,3.88951,3.88735,1.5,1
10.08.2021 00:57:39.616,3.88952,3.8873400000000005,1.5,1
10.08.2021 00:58:03.669,3.88951,3.88735,1.5,1
10.08.2021 00:58:08.974,3.88952,3.8873400000000005,1.5,1
10.08.2021 00:58:25.347,3.88952,3.8873400000000005,1.5,1
10.08.2021 00:58:31.551,3.88952,3.8873400000000005,1.5,1
10.08.2021 00:59:19.084,3.88932,3.8871800000000003,1.5,1
10.08.2021 00:59:19.174,3.88932,3.8871800000000003,1.5,1
10.08.2021 00:59:22.227,3.88932,3.8871800000000003,1.5,1
10.08.2021 00:59:45.146,3.88932,3.8871800000000003,1.5,1
10.08.2021 00:59:45.330,3.88932,3.8871800000000003,1.5,1
10.08.2021 01:00:02.207,3.88932,3.8871800000000003,1.5,1
10.08.2021 01:00:10.984,3.88932,3.88701,1.5,1
10.08.2021 01:00:14.728,3.8891199999999997,3.88701,1,1
10.08.2021 01:00:14.829,3.8891199999999997,3.88701,1.5,1
10.08.2021 01:00:15.656,3.88911,3.8870199999999997,1.5,1
10.08.2021 01:00:18.426,3.8891199999999997,3.88701,1.5,1
10.08.2021 01:00:19.490,3.88911,3.8870199999999997,1.5,1
10.08.2021 01:00:23.129,3.8891199999999997,3.88701,1.5,1
10.08.2021 01:00:25.654,3.8891199999999997,3.88709,1.5,1
10.08.2021 01:00:25.812,3.88911,3.8871,1.5,1
10.08.2021 01:00:27.568,3.8891199999999997,3.88709,1.5,1
10.08.2021 01:00:35.127,3.88922,3.88709,1.5,1
10.08.2021 01:00:37.145,3.88922,3.88729,1.5,1
10.08.2021 01:00:37.196,3.88932,3.88729,1.5,1
10.08.2021 01:00:46.211,3.88942,3.88721,1.5,1
10.08.2021 01:00:50.192,3.8894100000000003,3.8872199999999997,1.5,1
10.08.2021 01:01:04.932,3.88932,3.88721,1.5,1
10.08.2021 01:01:21.529,3.88931,3.8872199999999997,1.5,1
10.08.2021 01:01:22.143,3.88931,3.8872199999999997,1.5,1
10.08.2021 01:01:27.695,3.88932,3.88721,1.5,1
10.08.2021 01:02:18.063,3.88931,3.8872199999999997,1.5,1
10.08.2021 01:02:27.452,3.8894100000000003,3.8872199999999997,1.5,1
10.08.2021 01:02:33.826,3.8894100000000003,3.8872199999999997,1.5,1
10.08.2021 01:02:37.083,3.88942,3.88721,1.5,1
10.08.2021 01:02:38.439,3.88942,3.8873400000000005,1.5,1
10.08.2021 01:02:42.576,3.88951,3.88735,1.5,1
10.08.2021 01:02:46.004,3.88951,3.88735,1.5,1
10.08.2021 01:02:46.206,3.88952,3.8873400000000005,1.5,1
10.08.2021 01:02:47.597,3.88952,3.8874400000000002,1.5,1
10.08.2021 01:02:56.902,3.88972,3.8875800000000003,1.5,1
10.08.2021 01:02:57.044,3.88972,3.8875800000000003,1.5,1
10.08.2021 01:03:06.333,3.88972,3.8875800000000003,1.5,1
10.08.2021 01:03:40.953,3.88981,3.8875900000000003,1.5,1
10.08.2021 01:03:46.316,3.88972,3.8875800000000003,1.5,1
10.08.2021 01:03:52.235,3.88971,3.8875900000000003,1.5,1
10.08.2021 01:03:59.066,3.88972,3.8875800000000003,1.5,1
10.08.2021 01:04:18.225,3.88962,3.8874800000000005,1.5,1
10.08.2021 01:04:20.163,3.88962,3.8874800000000005,1.5,1
10.08.2021 01:04:20.291,3.88942,3.88731,1.5,1
10.08.2021 01:04:20.776,3.88952,3.88731,1.5,1
10.08.2021 01:04:28.710,3.88952,3.8874800000000005,1.5,1
10.08.2021 01:04:45.100,3.88951,3.88732,1.5,1
10.08.2021 01:04:45.151,3.88951,3.88732,1.5,1
10.08.2021 01:04:46.487,3.88951,3.88732,1.5,1
10.08.2021 01:05:09.546,3.88951,3.88732,1.5,1
10.08.2021 01:05:09.748,3.88951,3.88732,1.5,1
10.08.2021 01:05:10.641,3.88951,3.88732,1.5,1
10.08.2021 01:05:17.342,3.88952,3.88731,1.5,1
10.08.2021 01:05:28.075,3.88931,3.88716,1.5,1
10.08.2021 01:05:28.176,3.88931,3.88716,1.5,1
10.08.2021 01:05:32.589,3.88932,3.88715,1.5,1
10.08.2021 01:05:33.562,3.88932,3.88715,1.5,1
10.08.2021 01:05:53.372,3.88931,3.88716,1.5,1
10.08.2021 01:05:54.571,3.88932,3.88715,1.5,1
10.08.2021 01:06:01.903,3.88932,3.88715,1.5,1
10.08.2021 01:06:08.037,3.88931,3.88716,1.5,1
10.08.2021 01:06:17.989,3.88932,3.88715,1.5,1
10.08.2021 01:06:20.044,3.88932,3.88715,1.5,1
10.08.2021 01:07:10.431,3.88931,3.88716,1.5,1
10.08.2021 01:07:14.054,3.88922,3.88715,1,1
10.08.2021 01:07:14.154,3.88922,3.88701,1,1
10.08.2021 01:07:14.279,3.88922,3.88701,1.5,1
10.08.2021 01:07:16.531,3.88922,3.88701,1,1
10.08.2021 01:07:38.626,3.88922,3.88701,1.5,1
10.08.2021 01:07:39.045,3.88921,3.8870199999999997,1,1
10.08.2021 01:07:40.506,3.88937,3.8870199999999997,1.5,1
10.08.2021 01:07:40.556,3.88921,3.8870199999999997,1,1
10.08.2021 01:08:17.499,3.88922,3.8869400000000005,1,1
10.08.2021 01:08:27.290,3.88921,3.88695,1.5,1
10.08.2021 01:08:30.452,3.88921,3.88695,1,1
10.08.2021 01:08:34.387,3.88922,3.8869400000000005,1.5,1
10.08.2021 01:08:37.222,3.88921,3.8870199999999997,1.5,1
10.08.2021 01:08:39.883,3.88922,3.88701,1,1
10.08.2021 01:08:44.499,3.88922,3.8869400000000005,1,1
10.08.2021 01:09:29.514,3.88932,3.8869400000000005,1.5,1
10.08.2021 01:09:29.565,3.88932,3.8869400000000005,1,1
10.08.2021 01:09:40.343,3.88932,3.887,1,1
10.08.2021 01:09:53.364,3.88931,3.88701,1.5,1
10.08.2021 01:10:06.046,3.88931,3.88701,1,1
10.08.2021 01:10:13.846,3.88932,3.887,1.5,1
10.08.2021 01:10:44.846,3.88932,3.887,1,1
10.08.2021 01:10:52.842,3.88932,3.887,1.5,1
10.08.2021 01:10:57.144,3.88931,3.88709,1.5,1
10.08.2021 01:10:58.197,3.88922,3.8870800000000005,1,1
10.08.2021 01:10:58.984,3.88921,3.88701,1,1
10.08.2021 01:11:40.995,3.88921,3.88701,1.5,1
10.08.2021 01:11:41.313,3.88922,3.8869000000000002,1.5,1
10.08.2021 01:11:42.009,3.88922,3.8869800000000003,1.5,1
10.08.2021 01:11:43.072,3.88922,3.8869000000000002,1.5,1
10.08.2021 01:12:05.470,3.8891199999999997,3.8869000000000002,1,1
10.08.2021 01:12:06.168,3.88911,3.8869900000000004,1,1
10.08.2021 01:12:08.869,3.8891199999999997,3.8869800000000003,1.5,1
10.08.2021 01:12:09.069,3.8891199999999997,3.8869800000000003,1,1
10.08.2021 01:12:16.678,3.88911,3.88691,1,1
10.08.2021 01:12:24.157,3.8891199999999997,3.8869800000000003,1,1
10.08.2021 01:12:39.996,3.88922,3.8869800000000003,1,1
10.08.2021 01:12:40.144,3.88922,3.88711,1,1
10.08.2021 01:12:42.019,3.8891199999999997,3.88711,1,1
10.08.2021 01:12:42.119,3.8891199999999997,3.8869800000000003,1,1
10.08.2021 01:12:42.246,3.88911,3.8869900000000004,1.5,1
10.08.2021 01:12:49.846,3.8891199999999997,3.8869800000000003,1,1
10.08.2021 01:13:24.935,3.8891199999999997,3.8869000000000002,1,1
10.08.2021 01:13:44.572,3.8891199999999997,3.8869000000000002,1.5,1
10.08.2021 01:13:44.723,3.88902,3.8869000000000002,1,1
10.08.2021 01:13:50.084,3.88901,3.8869900000000004,1,1
10.08.2021 01:13:51.818,3.88902,3.8869000000000002,1,1
10.08.2021 01:14:00.072,3.88902,3.8869800000000003,1,1
10.08.2021 01:14:52.497,3.88902,3.88701,1,1
10.08.2021 01:14:52.547,3.88911,3.8870199999999997,1.5,1
10.08.2021 01:14:52.613,3.8891199999999997,3.88701,1,1
10.08.2021 01:15:00.645,3.88921,3.8870199999999997,1,1
10.08.2021 01:15:01.353,3.88922,3.8871800000000003,1,1
10.08.2021 01:15:14.159,3.88922,3.8871,1,1
10.08.2021 01:15:14.260,3.88921,3.8871900000000004,1,1
10.08.2021 01:15:16.082,3.88932,3.8871800000000003,1,1
10.08.2021 01:15:16.191,3.88931,3.88729,1,1
10.08.2021 01:15:24.859,3.88932,3.88715,1,1
10.08.2021 01:15:27.247,3.88932,3.88715,1.5,1
10.08.2021 01:15:28.074,3.88932,3.88707,1.5,1
10.08.2021 01:15:30.307,3.88932,3.88707,1,1
10.08.2021 01:15:30.506,3.88932,3.88707,1.5,1
10.08.2021 01:15:31.003,3.88932,3.88707,1,1
10.08.2021 01:15:45.584,3.88932,3.88707,1.5,1
10.08.2021 01:15:50.302,3.88932,3.88707,1,1
10.08.2021 01:15:53.755,3.88932,3.88707,1.5,1
10.08.2021 01:16:00.167,3.88932,3.88707,1,1
10.08.2021 01:16:00.706,3.88931,3.8870800000000005,1.5,1
10.08.2021 01:16:00.996,3.88932,3.88707,1,1
10.08.2021 01:16:07.541,3.88932,3.88707,1.5,1
10.08.2021 01:16:07.731,3.88931,3.8870800000000005,1,1
10.08.2021 01:16:12.342,3.88932,3.88707,1.5,1
10.08.2021 01:16:16.049,3.88922,3.88707,1,1
10.08.2021 01:16:16.100,3.88922,3.887,1,1
10.08.2021 01:17:15.775,3.88922,3.8871,1,1
10.08.2021 01:17:20.707,3.88931,3.88711,1,1
10.08.2021 01:17:21.919,3.88932,3.8871,1.5,1
10.08.2021 01:17:41.981,3.88921,3.88711,1.5,1
10.08.2021 01:17:42.032,3.88921,3.8869800000000003,1.5,1
10.08.2021 01:17:45.109,3.8891199999999997,3.88697,1,1
10.08.2021 01:17:45.309,3.8891199999999997,3.88697,1.5,1
10.08.2021 01:17:56.395,3.88902,3.88697,1,1
10.08.2021 01:17:56.446,3.88902,3.8868,1,1
10.08.2021 01:17:56.642,3.88902,3.8868,1.5,1
10.08.2021 01:18:00.791,3.88901,3.88681,1,1
10.08.2021 01:18:03.772,3.88902,3.8868,1.5,1
10.08.2021 01:18:06.504,3.88902,3.8868,1,1
10.08.2021 01:18:06.704,3.88902,3.8868,1.5,1
10.08.2021 01:18:06.931,3.88901,3.88681,1,1
10.08.2021 01:18:07.122,3.88902,3.8868,1.5,1
10.08.2021 01:18:07.496,3.88902,3.8868,1,1
10.08.2021 01:18:07.697,3.88902,3.8868,1.5,1
10.08.2021 01:18:29.943,3.88902,3.8868,1,1
10.08.2021 01:18:38.213,3.88902,3.88687,1,1
10.08.2021 01:18:59.638,3.88902,3.88687,1.5,1
10.08.2021 01:19:00.719,3.88901,3.8868800000000006,1,1
10.08.2021 01:19:02.281,3.88902,3.88695,1,1
10.08.2021 01:19:07.023,3.88902,3.88687,1,1
10.08.2021 01:19:08.939,3.88902,3.88687,1.5,1
10.08.2021 01:19:09.041,3.88891,3.88675,1,1
10.08.2021 01:19:09.091,3.88891,3.8868199999999997,1,1
10.08.2021 01:19:20.181,3.8889199999999997,3.8867400000000005,1,1
10.08.2021 01:19:22.735,3.88891,3.8866500000000004,1.5,1
10.08.2021 01:19:22.925,3.8889199999999997,3.8866400000000003,1,1
10.08.2021 01:19:56.080,3.8889199999999997,3.8866400000000003,1.5,1
10.08.2021 01:19:59.629,3.8889199999999997,3.8866400000000003,1,1
10.08.2021 01:20:25.109,3.88901,3.8866500000000004,1.5,1
10.08.2021 01:20:25.159,3.88901,3.88681,1,1
10.08.2021 01:20:45.062,3.88917,3.88681,1.5,1
10.08.2021 01:20:45.112,3.8891199999999997,3.8868,1,1
10.08.2021 01:20:45.707,3.8891199999999997,3.8868800000000006,1,1
10.08.2021 01:20:46.508,3.8891199999999997,3.8868,1,1
10.08.2021 01:20:46.863,3.8891199999999997,3.88689,1,1
10.08.2021 01:20:51.326,3.8891199999999997,3.88697,1,1
10.08.2021 01:20:53.087,3.88922,3.88697,1,1
10.08.2021 01:20:54.670,3.88922,3.88697,1.5,1
10.08.2021 01:21:04.865,3.8891199999999997,3.88697,1,1
10.08.2021 01:21:54.158,3.8891199999999997,3.88697,1.5,1
10.08.2021 01:21:55.846,3.8891199999999997,3.88697,1,1
10.08.2021 01:21:57.366,3.8891199999999997,3.88697,1.5,1
10.08.2021 01:21:57.467,3.88902,3.88697,1,1
10.08.2021 01:21:57.517,3.88901,3.8868500000000004,1,1
10.08.2021 01:21:57.568,3.88902,3.8868400000000003,1.5,1
10.08.2021 01:22:03.447,3.88901,3.8868500000000004,1,1
10.08.2021 01:22:10.083,3.8891800000000005,3.8868400000000003,1.5,1
10.08.2021 01:22:10.134,3.8891199999999997,3.887,1,1
10.08.2021 01:22:33.995,3.8891199999999997,3.88707,1,1
10.08.2021 01:22:40.415,3.88922,3.88707,1,1
10.08.2021 01:22:58.763,3.88932,3.8872400000000003,1,1
10.08.2021 01:23:07.017,3.88942,3.8872400000000003,1,1
10.08.2021 01:23:29.578,3.88942,3.8872400000000003,1.5,1
10.08.2021 01:23:29.679,3.88932,3.8872400000000003,1,1
10.08.2021 01:24:16.978,3.88932,3.8872400000000003,1.5,1
10.08.2021 01:24:24.718,3.88932,3.8872400000000003,1,1
10.08.2021 01:24:57.685,3.88942,3.8872400000000003,1,1
10.08.2021 01:25:06.737,3.88942,3.8872400000000003,1.5,1
10.08.2021 01:25:08.448,3.88942,3.8872400000000003,1.5,1
10.08.2021 01:25:31.847,3.88932,3.8872400000000003,1,1
10.08.2021 01:26:01.539,3.88942,3.8872400000000003,1.5,1
10.08.2021 01:26:01.640,3.88942,3.8872400000000003,1,1
10.08.2021 01:26:07.893,3.88942,3.8872400000000003,1.5,1
10.08.2021 01:26:38.717,3.88932,3.8872400000000003,1,1
10.08.2021 01:26:40.489,3.88931,3.8872500000000003,1.5,1
10.08.2021 01:26:40.540,3.88932,3.8871400000000005,1.5,1
10.08.2021 01:27:03.075,3.88932,3.8871400000000005,1,1
10.08.2021 01:27:06.892,3.88932,3.8872400000000003,1,1
10.08.2021 01:27:09.720,3.88942,3.8872400000000003,1,1
10.08.2021 01:27:11.983,3.88942,3.8872400000000003,1.5,1
10.08.2021 01:27:12.590,3.88932,3.8872400000000003,1,1
10.08.2021 01:27:15.465,3.8894800000000003,3.8872400000000003,1.5,1
10.08.2021 01:27:15.566,3.88931,3.8872500000000003,1,1
10.08.2021 01:27:36.261,3.8896300000000004,3.8872400000000003,1.5,1
10.08.2021 01:27:37.609,3.88931,3.8872500000000003,1,1
10.08.2021 01:27:50.118,3.8894100000000003,3.8872500000000003,1.5,1
10.08.2021 01:27:57.027,3.88942,3.8872400000000003,1.5,1
10.08.2021 01:28:00.442,3.88942,3.8872400000000003,1.5,1
10.08.2021 01:28:03.526,3.88952,3.8872400000000003,1.5,1
10.08.2021 01:28:19.544,3.88951,3.8872500000000003,1.5,1
10.08.2021 01:28:20.973,3.88942,3.8872400000000003,1,1
10.08.2021 01:28:23.070,3.8894100000000003,3.8872500000000003,1.5,1
10.08.2021 01:28:42.010,3.88942,3.8872400000000003,1,1
10.08.2021 01:28:43.232,3.88942,3.8872400000000003,1.5,1
10.08.2021 01:28:44.133,3.88951,3.8872500000000003,1.5,1
10.08.2021 01:28:46.073,3.88952,3.8872400000000003,1.5,1
10.08.2021 01:28:48.300,3.88952,3.8872400000000003,1.5,1
10.08.2021 01:28:54.115,3.88951,3.88735,1.5,1
10.08.2021 01:29:18.162,3.88962,3.8873400000000005,1.5,1
10.08.2021 01:29:18.366,3.8896100000000002,3.88735,1.5,1
10.08.2021 01:29:43.329,3.8896100000000002,3.88735,1.5,1
10.08.2021 01:29:43.733,3.88962,3.8873400000000005,1.5,1
10.08.2021 01:30:59.099,3.88962,3.8873400000000005,1.5,1
10.08.2021 01:30:59.300,3.88962,3.8873400000000005,1.5,1
10.08.2021 01:30:59.537,3.88962,3.8873400000000005,1.5,1
10.08.2021 01:31:01.313,3.8896100000000002,3.88735,1.5,1
10.08.2021 01:31:19.008,3.88952,3.8872400000000003,1.5,1
10.08.2021 01:31:19.400,3.88952,3.8872400000000003,1.5,1
10.08.2021 01:31:25.056,3.88952,3.88729,1.5,1
10.08.2021 01:32:06.630,3.88951,3.88736,1.5,1
10.08.2021 01:32:08.593,3.8896100000000002,3.88736,1.5,1
10.08.2021 01:32:08.644,3.8896100000000002,3.8875,1.5,1
10.08.2021 01:32:11.847,3.8896100000000002,3.8875,1,1
10.08.2021 01:32:12.167,3.88962,3.88749,1.5,1
10.08.2021 01:32:12.366,3.88962,3.88749,1.5,1
10.08.2021 01:32:12.416,3.88962,3.88735,1.5,1
10.08.2021 01:32:28.153,3.88952,3.8874400000000002,1.5,1
10.08.2021 01:33:02.903,3.88962,3.8874400000000002,1.5,1
10.08.2021 01:33:13.579,3.8896100000000002,3.88736,1.5,1
10.08.2021 01:33:14.446,3.8896100000000002,3.8874500000000003,1.5,1
10.08.2021 01:33:15.822,3.8896100000000002,3.8874500000000003,1.5,1
10.08.2021 01:33:18.822,3.88962,3.8874400000000002,1.5,1
10.08.2021 01:33:24.837,3.8896100000000002,3.88752,1.5,1
10.08.2021 01:33:25.317,3.88962,3.8875100000000002,1,1
10.08.2021 01:33:29.992,3.88962,3.8875100000000002,1.5,1
10.08.2021 01:33:31.255,3.88972,3.8875100000000002,1.5,1
10.08.2021 01:33:41.826,3.88972,3.8876800000000005,1.5,1
10.08.2021 01:33:41.973,3.88972,3.8876800000000005,1,1
10.08.2021 01:33:42.122,3.88982,3.8876800000000005,1.5,1
10.08.2021 01:33:48.272,3.88982,3.8875800000000003,1.5,1
10.08.2021 01:33:55.038,3.88982,3.8875800000000003,1,1
10.08.2021 01:34:01.147,3.88992,3.8875800000000003,1,1
10.08.2021 01:34:34.159,3.88992,3.88764,1,1
10.08.2021 01:34:57.318,3.88992,3.88772,1,1
10.08.2021 01:35:02.105,3.89067,3.88772,1.5,1
10.08.2021 01:35:04.240,3.88992,3.88772,1,1
10.08.2021 01:35:06.197,3.88991,3.88766,1,1
10.08.2021 01:35:11.268,3.88991,3.88776,1,1
10.08.2021 01:35:11.403,3.88991,3.8878300000000006,1,1
10.08.2021 01:35:15.377,3.89002,3.88782,1,1
10.08.2021 01:35:20.328,3.89002,3.88775,1,1
10.08.2021 01:35:21.890,3.89002,3.88782,1,1
10.08.2021 01:35:33.391,3.89002,3.8878800000000004,1,1
10.08.2021 01:36:01.048,3.89012,3.8879800000000007,1,1
10.08.2021 01:36:05.360,3.89022,3.8879800000000007,1,1
10.08.2021 01:36:29.557,3.89021,3.88816,1,1
10.08.2021 01:36:29.608,3.89031,3.88816,1.5,1
10.08.2021 01:36:29.809,3.89032,3.88815,1,1
10.08.2021 01:36:31.661,3.8904199999999998,3.88815,1,1
10.08.2021 01:36:34.811,3.8904199999999998,3.8883199999999998,1,1
10.08.2021 01:36:34.862,3.89051,3.8883300000000003,1,1
10.08.2021 01:36:35.882,3.89052,3.8883199999999998,1.5,1
10.08.2021 01:36:36.775,3.8904199999999998,3.8883199999999998,1,1
10.08.2021 01:36:51.591,3.89041,3.8883300000000003,1.5,1
10.08.2021 01:36:52.197,3.89041,3.8883300000000003,1,1
10.08.2021 01:37:27.263,3.89032,3.8883199999999998,1,1
10.08.2021 01:37:27.314,3.89032,3.88815,1,1
10.08.2021 01:37:36.470,3.89031,3.88816,1.5,1
10.08.2021 01:37:43.610,3.89031,3.8880900000000005,1.5,1
10.08.2021 01:37:48.782,3.89032,3.8880800000000004,1,1
10.08.2021 01:37:54.641,3.89032,3.8880800000000004,1.5,1
10.08.2021 01:37:58.049,3.89022,3.8880800000000004,1,1
10.08.2021 01:37:59.018,3.89021,3.88796,1.5,1
10.08.2021 01:37:59.069,3.89011,3.88796,1,1
10.08.2021 01:38:06.784,3.89012,3.8878800000000004,1,1
10.08.2021 01:38:11.237,3.89011,3.8878900000000005,1.5,1
10.08.2021 01:38:11.424,3.89012,3.8878800000000004,1,1
10.08.2021 01:38:26.060,3.89002,3.8877800000000007,1,1
10.08.2021 01:39:06.227,3.89012,3.88795,1,1
10.08.2021 01:39:40.876,3.89021,3.88796,1,1
10.08.2021 01:39:41.519,3.89021,3.8880900000000005,1,1
10.08.2021 01:39:43.099,3.89032,3.8880800000000004,1,1
10.08.2021 01:39:53.209,3.89047,3.8880900000000005,1.5,1
10.08.2021 01:39:53.260,3.8904199999999998,3.8880800000000004,1,1
10.08.2021 01:40:00.669,3.8904199999999998,3.88825,1,1
10.08.2021 01:40:41.988,3.89072,3.88825,1.5,1
10.08.2021 01:40:42.039,3.8904199999999998,3.88825,1,1
10.08.2021 01:40:50.771,3.89031,3.88826,1,1
10.08.2021 01:40:52.419,3.89032,3.88825,1.5,1
10.08.2021 01:41:17.058,3.89032,3.88825,1,1
10.08.2021 01:41:19.819,3.89032,3.88825,1.5,1
10.08.2021 01:41:31.447,3.89041,3.88826,1.5,1
10.08.2021 01:41:33.991,3.8904199999999998,3.88825,1.5,1
10.08.2021 01:41:45.707,3.8904199999999998,3.8881800000000006,1.5,1
10.08.2021 01:41:56.811,3.89041,3.8881900000000003,1.5,1
10.08.2021 01:41:59.717,3.89041,3.8881900000000003,1.5,1
10.08.2021 01:42:07.463,3.8904199999999998,3.8881800000000006,1.5,1
10.08.2021 01:42:08.625,3.89041,3.8881900000000003,1,1
10.08.2021 01:42:10.834,3.89032,3.8881800000000006,1,1
10.08.2021 01:42:10.997,3.89032,3.8880500000000002,1,1
10.08.2021 01:42:26.057,3.89031,3.88806,1.5,1
10.08.2021 01:42:26.181,3.89032,3.8880500000000002,1,1
10.08.2021 01:42:35.707,3.89031,3.88816,1,1
10.08.2021 01:42:39.325,3.89032,3.8880500000000002,1,1
10.08.2021 01:42:39.519,3.89031,3.88806,1.5,1
10.08.2021 01:42:40.740,3.89031,3.88806,1,1
10.08.2021 01:42:53.485,3.89031,3.88806,1.5,1
10.08.2021 01:42:53.713,3.89031,3.88806,1,1
10.08.2021 01:42:55.329,3.89047,3.8880500000000002,1,1
10.08.2021 01:42:55.380,3.89021,3.88806,1,1
10.08.2021 01:43:00.228,3.89031,3.88806,1.5,1
10.08.2021 01:43:00.429,3.89031,3.88806,1,1
10.08.2021 01:43:05.249,3.8904199999999998,3.8880500000000002,1.5,1
10.08.2021 01:43:05.317,3.8904199999999998,3.8880500000000002,1,1
10.08.2021 01:43:05.367,3.8904199999999998,3.88815,1,1
10.08.2021 01:43:11.194,3.89041,3.88826,1,1
10.08.2021 01:43:12.125,3.89057,3.88826,1.5,1
10.08.2021 01:43:14.634,3.89051,3.88826,1,1
10.08.2021 01:43:14.790,3.89052,3.88825,1.5,1
10.08.2021 01:43:18.099,3.89052,3.88811,1.5,1
10.08.2021 01:43:18.149,3.89041,3.88812,1,1
10.08.2021 01:43:40.360,3.89041,3.88822,1,1
10.08.2021 01:43:40.410,3.89052,3.88821,1,1
10.08.2021 01:44:19.347,3.8904199999999998,3.88821,1,1
10.08.2021 01:44:27.865,3.8905800000000004,3.88821,1.5,1
10.08.2021 01:44:27.915,3.8904199999999998,3.88821,1,1
10.08.2021 01:44:32.441,3.89041,3.88822,1.5,1
10.08.2021 01:44:42.405,3.89041,3.88822,1.5,1
10.08.2021 01:44:42.707,3.8904199999999998,3.88835,1.5,1
10.08.2021 01:44:42.808,3.89041,3.88821,1.5,1
10.08.2021 01:44:53.549,3.89052,3.8881400000000004,1.5,1
10.08.2021 01:44:55.226,3.89052,3.8882000000000003,1.5,1
10.08.2021 01:45:10.876,3.8908199999999997,3.88836,1.5,1
10.08.2021 01:45:19.848,3.89052,3.88836,1.5,1
10.08.2021 01:45:20.747,3.89051,3.88837,1.5,1
10.08.2021 01:45:22.780,3.89052,3.88836,1,1
10.08.2021 01:45:29.426,3.8906800000000006,3.88836,1.5,1
10.08.2021 01:45:49.571,3.89061,3.88837,1.5,1
10.08.2021 01:45:49.771,3.8906199999999997,3.88836,1.5,1
10.08.2021 01:46:04.244,3.8906199999999997,3.8882900000000005,1.5,1
10.08.2021 01:46:05.707,3.89061,3.88837,1.5,1
10.08.2021 01:46:11.595,3.8906199999999997,3.8882900000000005,1.5,1
10.08.2021 01:47:29.416,3.89072,3.88822,1.5,1
10.08.2021 01:47:31.181,3.89072,3.8883,1.5,1
10.08.2021 01:47:31.362,3.89071,3.8882300000000005,1.5,1
10.08.2021 01:47:35.635,3.89072,3.8883,1.5,1
10.08.2021 01:47:41.354,3.89071,3.8882300000000005,1.5,1
10.08.2021 01:47:47.885,3.89061,3.88831,1.5,1
10.08.2021 01:48:18.810,3.8906199999999997,3.8883900000000002,1.5,1
10.08.2021 01:49:00.601,3.8906199999999997,3.8883900000000002,1.5,1
10.08.2021 01:49:00.801,3.8906199999999997,3.8883900000000002,1.5,1
10.08.2021 01:49:10.502,3.89061,3.88827,1.5,1
10.08.2021 01:49:10.552,3.8906199999999997,3.88826,1.5,1
10.08.2021 01:49:11.334,3.89061,3.88827,1.5,1
10.08.2021 01:49:13.877,3.8906199999999997,3.88826,1.5,1
10.08.2021 01:49:26.688,3.8906199999999997,3.88826,1.5,1
10.08.2021 01:49:26.915,3.89061,3.88827,1.5,1
10.08.2021 01:50:00.874,3.89051,3.88827,1.5,1
10.08.2021 01:50:02.350,3.89052,3.88826,1.5,1
10.08.2021 01:50:04.246,3.89052,3.88826,1,1
10.08.2021 01:50:04.380,3.8906199999999997,3.88826,1.5,1
10.08.2021 01:50:04.667,3.89061,3.88827,1.5,1
10.08.2021 01:50:04.869,3.8906199999999997,3.88826,1.5,1
10.08.2021 01:50:05.580,3.8906199999999997,3.88836,1.5,1
10.08.2021 01:50:06.242,3.89061,3.88837,1.5,1
10.08.2021 01:50:06.399,3.89061,3.88837,1.5,1
10.08.2021 01:50:07.801,3.89052,3.88826,1.5,1
10.08.2021 01:50:15.140,3.89052,3.88826,1.5,1
10.08.2021 01:50:31.118,3.8906199999999997,3.88826,1.5,1
10.08.2021 01:50:31.320,3.8906199999999997,3.88826,1.5,1
10.08.2021 01:50:42.476,3.89052,3.88826,1.5,1
10.08.2021 01:51:03.542,3.89052,3.88826,1.5,1
10.08.2021 01:51:21.563,3.8906199999999997,3.88826,1.5,1
10.08.2021 01:51:21.676,3.8906199999999997,3.8883,1.5,1
10.08.2021 01:51:28.514,3.89052,3.88824,1.5,1
10.08.2021 01:51:35.941,3.89041,3.88825,1.5,1
10.08.2021 01:51:36.165,3.89041,3.88825,1.5,1
10.08.2021 01:51:39.190,3.89052,3.88824,1.5,1
10.08.2021 01:51:39.922,3.89052,3.88824,1.5,1
10.08.2021 01:52:03.335,3.89052,3.88824,1.5,1
10.08.2021 01:52:04.499,3.89051,3.88825,1.5,1
10.08.2021 01:52:04.737,3.89052,3.88824,1.5,1
10.08.2021 01:52:07.875,3.89087,3.8884000000000003,1.5,1
10.08.2021 01:52:07.927,3.8908800000000006,3.8883900000000002,1.5,1
10.08.2021 01:52:18.185,3.89072,3.8883,1.5,1
10.08.2021 01:52:24.819,3.89072,3.8883,1.5,1
10.08.2021 01:52:24.870,3.8906199999999997,3.8882000000000003,1.5,1
10.08.2021 01:52:25.019,3.8906199999999997,3.8882000000000003,1.5,1
10.08.2021 01:52:30.049,3.89052,3.8882000000000003,1.5,1
10.08.2021 01:52:33.243,3.89052,3.8882000000000003,1.5,1
10.08.2021 01:52:33.373,3.89052,3.88822,1.5,1
10.08.2021 01:52:34.308,3.89052,3.8882000000000003,1.5,1
10.08.2021 01:52:37.004,3.8904199999999998,3.88806,1.5,1
10.08.2021 01:52:37.055,3.89041,3.88807,1.5,1
10.08.2021 01:52:41.216,3.89041,3.88807,1.5,1
10.08.2021 01:52:42.114,3.89041,3.88807,1.5,1
10.08.2021 01:52:43.821,3.8904199999999998,3.8880900000000005,1.5,1
10.08.2021 01:52:43.936,3.8904199999999998,3.88806,1.5,1
10.08.2021 01:52:55.923,3.89052,3.88816,1.5,1
10.08.2021 01:52:56.570,3.89052,3.88812,1.5,1
10.08.2021 01:52:56.620,3.89052,3.88815,1.5,1
10.08.2021 01:52:56.671,3.89052,3.88806,1.5,1
10.08.2021 01:52:57.158,3.89052,3.88806,1.5,1
10.08.2021 01:53:08.073,3.8904199999999998,3.88806,1.5,1
10.08.2021 01:53:08.224,3.8904199999999998,3.88812,1.5,1
10.08.2021 01:53:09.732,3.8904199999999998,3.88812,1.5,1
10.08.2021 01:53:09.868,3.89052,3.88806,1.5,1
10.08.2021 01:53:12.990,3.89051,3.8881400000000004,1.5,1
10.08.2021 01:53:23.352,3.89052,3.8881300000000003,1.5,1
10.08.2021 01:53:30.141,3.89051,3.8881400000000004,1.5,1
10.08.2021 01:53:31.750,3.89052,3.8881300000000003,1.5,1
10.08.2021 01:53:31.952,3.89052,3.8881300000000003,1.5,1
10.08.2021 01:53:34.270,3.89051,3.8881400000000004,1.5,1
10.08.2021 01:53:36.412,3.89052,3.8881300000000003,1.5,1
10.08.2021 01:53:45.079,3.89051,3.8881400000000004,1.5,1
10.08.2021 01:53:45.221,3.89052,3.8883,1.5,1
10.08.2021 01:53:46.854,3.89052,3.8883,1,1
10.08.2021 01:53:49.904,3.89052,3.8883,1.5,1
10.08.2021 01:53:52.624,3.89052,3.8883,1,1
10.08.2021 01:54:04.061,3.89052,3.8883,1.5,1
10.08.2021 01:54:09.052,3.89052,3.8883,1.5,1
10.08.2021 01:54:09.423,3.89052,3.8883,1,1
10.08.2021 01:54:09.522,3.8906199999999997,3.8883,1.5,1
10.08.2021 01:54:09.674,3.8906199999999997,3.8883,1,1
10.08.2021 01:54:09.965,3.89061,3.88831,1.5,1
10.08.2021 01:54:10.694,3.8906199999999997,3.8882000000000003,1.5,1
10.08.2021 01:54:13.584,3.89051,3.88821,1,1
10.08.2021 01:54:13.791,3.89052,3.8882000000000003,1.5,1
10.08.2021 01:54:14.563,3.8904199999999998,3.8882000000000003,1,1
10.08.2021 01:54:15.156,3.8904199999999998,3.8881,1,1
10.08.2021 01:54:15.547,3.8904199999999998,3.8881,1.5,1
10.08.2021 01:54:20.482,3.8904199999999998,3.8881,1,1
10.08.2021 01:54:22.781,3.8904199999999998,3.8881,1.5,1
10.08.2021 01:54:35.583,3.89041,3.88811,1,1
10.08.2021 01:54:38.034,3.8904199999999998,3.8881,1.5,1
10.08.2021 01:54:43.274,3.89041,3.88811,1,1
10.08.2021 01:54:43.476,3.8904199999999998,3.8881,1.5,1
10.08.2021 01:54:45.457,3.8904199999999998,3.8881,1,1
10.08.2021 01:54:45.707,3.8904199999999998,3.8881,1.5,1
10.08.2021 01:54:51.071,3.8904199999999998,3.8881,1,1
10.08.2021 01:54:52.579,3.8904199999999998,3.8881,1.5,1
10.08.2021 01:55:03.269,3.8904199999999998,3.8881,1,1
10.08.2021 01:55:04.159,3.89041,3.88811,1.5,1
10.08.2021 01:55:08.119,3.8904199999999998,3.8881,1,1
10.08.2021 01:55:08.930,3.8904199999999998,3.8881,1.5,1
10.08.2021 01:55:09.549,3.89032,3.8881,1,1
10.08.2021 01:55:14.268,3.89052,3.8881,1.5,1
10.08.2021 01:55:14.319,3.89052,3.8881,1.5,1
10.08.2021 01:55:14.369,3.89032,3.8881,1,1
10.08.2021 01:55:15.161,3.89041,3.88811,1,1
10.08.2021 01:55:16.367,3.89032,3.8881,1,1
10.08.2021 01:55:18.094,3.8904800000000006,3.8881,1.5,1
10.08.2021 01:55:18.194,3.8904199999999998,3.8881,1,1
10.08.2021 01:55:20.118,3.8904199999999998,3.8881,1.5,1
10.08.2021 01:55:20.229,3.8904199999999998,3.8881,1,1
10.08.2021 01:55:21.225,3.89041,3.88821,1,1
10.08.2021 01:55:25.246,3.89051,3.88821,1,1
10.08.2021 01:55:48.408,3.89052,3.88825,1,1
10.08.2021 01:55:49.050,3.89077,3.88825,1.5,1
10.08.2021 01:55:49.101,3.89052,3.88825,1,1
10.08.2021 01:55:58.394,3.89051,3.88842,1,1
10.08.2021 01:56:07.432,3.8906199999999997,3.88841,1,1
10.08.2021 01:56:07.579,3.8906199999999997,3.8885500000000004,1,1
10.08.2021 01:56:09.403,3.89072,3.8885500000000004,1,1
10.08.2021 01:56:11.624,3.89071,3.8886900000000004,1,1
10.08.2021 01:56:16.786,3.8908800000000006,3.8886800000000004,1,1
10.08.2021 01:56:16.837,3.8908199999999997,3.8886800000000004,1,1
10.08.2021 01:56:18.488,3.89091,3.8886900000000004,1,1
10.08.2021 01:56:18.538,3.89092,3.8887800000000006,1,1
10.08.2021 01:56:25.117,3.8910199999999997,3.8887800000000006,1,1
10.08.2021 01:56:25.167,3.8910199999999997,3.8889199999999997,1,1
10.08.2021 01:56:39.745,3.8910199999999997,3.8888300000000005,1,1
10.08.2021 01:56:46.179,3.8910199999999997,3.8889,1,1
10.08.2021 01:56:49.541,3.8910199999999997,3.8888300000000005,1,1
10.08.2021 01:56:50.919,3.8910199999999997,3.8889,1,1
10.08.2021 01:56:55.863,3.89101,3.88899,1,1
10.08.2021 01:56:55.914,3.8910199999999997,3.8889,1,1
10.08.2021 01:57:02.598,3.89112,3.8889,1,1
10.08.2021 01:57:03.077,3.89112,3.8890000000000002,1,1
10.08.2021 01:57:12.629,3.89112,3.8890400000000005,1,1
10.08.2021 01:57:20.085,3.89112,3.8889400000000003,1,1
10.08.2021 01:57:20.204,3.89112,3.8889400000000003,1.5,1
10.08.2021 01:57:20.398,3.89112,3.8889400000000003,1,1
10.08.2021 01:57:20.608,3.8910199999999997,3.8889400000000003,1,1
10.08.2021 01:57:22.041,3.89112,3.8889400000000003,1,1
10.08.2021 01:57:26.816,3.89152,3.88907,1.5,1
10.08.2021 01:57:26.967,3.89121,3.8890800000000003,1,1
10.08.2021 01:57:27.413,3.8912199999999997,3.8891199999999997,1,1
10.08.2021 01:57:27.781,3.89121,3.88905,1,1
10.08.2021 01:57:27.832,3.8912199999999997,3.8891199999999997,1,1
10.08.2021 01:57:27.913,3.8912199999999997,3.8890400000000005,1,1
10.08.2021 01:57:28.053,3.89121,3.8891300000000006,1,1
10.08.2021 01:57:49.846,3.8912199999999997,3.88919,1,1
10.08.2021 01:57:59.874,3.89112,3.88919,1,1
10.08.2021 01:57:59.924,3.89111,3.8891300000000006,1,1
10.08.2021 01:58:16.537,3.89121,3.8891300000000006,1,1
10.08.2021 01:58:23.137,3.8912199999999997,3.8890400000000005,1,1
10.08.2021 01:58:26.890,3.89136,3.88905,1.5,1
10.08.2021 01:58:26.940,3.8912199999999997,3.8890400000000005,1,1
10.08.2021 01:58:32.877,3.8912199999999997,3.88911,1,1
10.08.2021 01:58:36.768,3.89112,3.88911,1,1
10.08.2021 01:58:36.819,3.89112,3.88901,1,1
10.08.2021 01:59:03.601,3.8915800000000003,3.88901,1.5,1
10.08.2021 01:59:04.074,3.8912199999999997,3.88901,1,1
10.08.2021 01:59:10.400,3.89121,3.88897,1,1
10.08.2021 01:59:11.682,3.8912199999999997,3.8890400000000005,1,1
10.08.2021 01:59:12.042,3.89112,3.8890400000000005,1,1
10.08.2021 01:59:21.691,3.89111,3.8888800000000003,1,1
10.08.2021 01:59:21.792,3.89112,3.88887,1.5,1
10.08.2021 01:59:23.155,3.89101,3.8888800000000003,1,1
10.08.2021 01:59:23.615,3.8913300000000004,3.88887,1.5,1
10.08.2021 01:59:23.665,3.8910199999999997,3.88887,1,1
10.08.2021 01:59:33.708,3.89101,3.8888300000000005,1,1
10.08.2021 01:59:36.779,3.8910199999999997,3.8889500000000004,1,1
10.08.2021 01:59:41.083,3.8910199999999997,3.8890300000000004,1,1
10.08.2021 02:00:01.450,3.89111,3.8890400000000005,1,1
10.08.2021 02:00:13.101,3.89112,3.88916,1,1
10.08.2021 02:00:13.152,3.89121,3.88917,1,1
10.08.2021 02:00:33.988,3.89121,3.8890400000000005,1,1
10.08.2021 02:00:49.199,3.89111,3.8890400000000005,1,1
10.08.2021 02:01:20.553,3.8910199999999997,3.8890300000000004,1,1
10.08.2021 02:01:21.836,3.8910199999999997,3.88886,1,1
10.08.2021 02:01:23.616,3.8910199999999997,3.88899,1,1
10.08.2021 02:01:29.202,3.89117,3.8890000000000002,1.5,1
10.08.2021 02:01:29.253,3.89112,3.88899,1,1
10.08.2021 02:01:43.681,3.89112,3.88899,1.5,1
10.08.2021 02:01:45.754,3.89112,3.88887,1.5,1
10.08.2021 02:01:48.720,3.89112,3.88887,1,1
10.08.2021 02:02:00.836,3.89111,3.8890000000000002,1,1
10.08.2021 02:02:13.739,3.8912199999999997,3.88899,1,1
10.08.2021 02:02:29.085,3.8912199999999997,3.88901,1,1
10.08.2021 02:02:29.186,3.8912199999999997,3.88925,1,1
10.08.2021 02:02:29.291,3.8912199999999997,3.8894699999999998,1,1
10.08.2021 02:02:29.398,3.89121,3.88972,1,1
10.08.2021 02:02:29.518,3.8912199999999997,3.88974,1,1
10.08.2021 02:02:29.764,3.8913699999999998,3.88976,1.5,1
10.08.2021 02:02:29.865,3.89142,3.88977,1.5,1
10.08.2021 02:02:31.063,3.89142,3.88971,1.5,1
10.08.2021 02:02:31.114,3.89132,3.88899,1.5,1
10.08.2021 02:02:32.617,3.8912199999999997,3.88899,1,1
10.08.2021 02:02:33.286,3.89121,3.88921,1,1
10.08.2021 02:02:33.619,3.89121,3.8892300000000004,1,1
10.08.2021 02:02:34.135,3.8913800000000003,3.8897300000000006,1.5,1
10.08.2021 02:02:34.236,3.8912199999999997,3.8897300000000006,1,1
10.08.2021 02:02:34.445,3.8912199999999997,3.88977,1,1
10.08.2021 02:02:35.308,3.8912199999999997,3.88971,1,1
10.08.2021 02:02:35.497,3.89132,3.88899,1.5,1
10.08.2021 02:02:37.629,3.89132,3.88922,1.5,1
10.08.2021 02:02:37.749,3.89121,3.8894699999999998,1,1
10.08.2021 02:02:37.942,3.89121,3.88974,1,1
10.08.2021 02:02:37.993,3.89121,3.88971,1,1
10.08.2021 02:02:38.058,3.89121,3.88971,1.5,1
10.08.2021 02:02:38.868,3.89142,3.88977,1.5,1
10.08.2021 02:02:39.518,3.89142,3.88971,1.5,1
10.08.2021 02:02:39.569,3.8912199999999997,3.88899,1.5,1
10.08.2021 02:02:41.795,3.8912199999999997,3.88922,1.5,1
10.08.2021 02:02:41.896,3.8912199999999997,3.88946,1.5,1
10.08.2021 02:02:42.007,3.89121,3.88971,1.5,1
10.08.2021 02:02:42.756,3.89142,3.88977,1.5,1
10.08.2021 02:02:43.629,3.89142,3.88971,1.5,1
10.08.2021 02:02:43.730,3.8912199999999997,3.8890800000000003,1.5,1
10.08.2021 02:02:44.849,3.89121,3.8890900000000004,1,1
10.08.2021 02:02:45.885,3.89121,3.88916,1,1
10.08.2021 02:02:46.036,3.8912199999999997,3.88942,1,1
10.08.2021 02:02:46.145,3.89152,3.88966,1.5,1
10.08.2021 02:02:46.246,3.89132,3.88977,1.5,1
10.08.2021 02:02:46.916,3.89131,3.88986,1.5,1
10.08.2021 02:02:47.787,3.89131,3.8898,1.5,1
10.08.2021 02:02:47.838,3.89131,3.8890900000000004,1.5,1
10.08.2021 02:02:50.164,3.8912199999999997,3.8890800000000003,1,1
10.08.2021 02:02:50.355,3.8912199999999997,3.8890800000000003,1.5,1
10.08.2021 02:02:51.305,3.8912199999999997,3.8890800000000003,1,1
10.08.2021 02:02:51.838,3.89121,3.8890000000000002,1,1
10.08.2021 02:02:59.998,3.89121,3.8890000000000002,1.5,1
10.08.2021 02:03:00.199,3.8912199999999997,3.88899,1,1
10.08.2021 02:03:29.975,3.8912199999999997,3.88885,1,1
10.08.2021 02:03:30.954,3.8913699999999998,3.88885,1.5,1
10.08.2021 02:03:31.005,3.8912199999999997,3.88885,1,1
10.08.2021 02:03:31.165,3.8912199999999997,3.8888800000000003,1,1
10.08.2021 02:03:32.539,3.8912199999999997,3.88885,1,1
10.08.2021 02:03:35.668,3.8912199999999997,3.88885,1.5,1
10.08.2021 02:03:36.240,3.89111,3.88886,1,1
10.08.2021 02:03:39.090,3.89112,3.88871,1,1
10.08.2021 02:03:39.230,3.89112,3.88871,1.5,1
10.08.2021 02:04:27.184,3.8910199999999997,3.88871,1,1
10.08.2021 02:04:41.185,3.89092,3.88871,1,1
10.08.2021 02:04:41.285,3.89092,3.8885800000000006,1,1
10.08.2021 02:04:41.848,3.89092,3.8885800000000006,1.5,1
10.08.2021 02:04:54.658,3.89092,3.8885800000000006,1,1
10.08.2021 02:04:56.158,3.89092,3.8885800000000006,1.5,1
10.08.2021 02:04:57.348,3.89092,3.8885800000000006,1,1
10.08.2021 02:05:00.549,3.89092,3.8885500000000004,1,1
10.08.2021 02:05:00.600,3.89091,3.88856,1.5,1
10.08.2021 02:05:01.031,3.89092,3.8886300000000005,1.5,1
10.08.2021 02:05:03.346,3.89092,3.8886300000000005,1,1
10.08.2021 02:05:03.603,3.89092,3.8885500000000004,1,1
10.08.2021 02:05:08.155,3.89091,3.8886600000000002,1,1
10.08.2021 02:05:20.270,3.89091,3.8887400000000003,1,1
10.08.2021 02:05:23.348,3.89091,3.8887400000000003,1.5,1
10.08.2021 02:05:28.395,3.8908199999999997,3.8887300000000007,1,1
10.08.2021 02:05:44.046,3.89072,3.8887300000000007,1,1
10.08.2021 02:05:50.543,3.89072,3.88865,1,1
10.08.2021 02:05:54.002,3.89071,3.88856,1,1
10.08.2021 02:06:03.389,3.8908199999999997,3.8885500000000004,1,1
10.08.2021 02:06:08.127,3.89081,3.8886400000000005,1,1
10.08.2021 02:06:11.991,3.89081,3.88856,1,1
10.08.2021 02:06:13.703,3.89071,3.88856,1,1
10.08.2021 02:06:22.374,3.89071,3.8884000000000003,1,1
10.08.2021 02:06:27.194,3.8906199999999997,3.8883900000000002,1,1
10.08.2021 02:06:34.183,3.8906199999999997,3.8882900000000005,1,1
10.08.2021 02:06:35.338,3.89051,3.8883,1,1
10.08.2021 02:07:09.457,3.89052,3.8881900000000003,1,1
10.08.2021 02:07:36.579,3.89052,3.88822,1,1
10.08.2021 02:07:37.084,3.89051,3.8882000000000003,1,1
10.08.2021 02:08:32.007,3.8906199999999997,3.8883199999999998,1,1
10.08.2021 02:10:00.569,3.8906199999999997,3.8883800000000006,1,1
10.08.2021 02:10:00.620,3.89071,3.8883900000000002,1,1
10.08.2021 02:10:02.223,3.89072,3.8883199999999998,1,1.5
10.08.2021 02:10:23.967,3.89072,3.8883199999999998,1.5,1
10.08.2021 02:10:26.917,3.8906199999999997,3.8883199999999998,1,1
10.08.2021 02:10:30.404,3.89051,3.8883300000000003,1,1
10.08.2021 02:10:47.998,3.89052,3.88822,1,1
10.08.2021 02:12:38.747,3.8906800000000006,3.88822,1.5,1
10.08.2021 02:12:38.798,3.89052,3.88822,1,1
10.08.2021 02:13:41.228,3.89052,3.88796,1,1
10.08.2021 02:13:52.069,3.89052,3.88806,1,1
10.08.2021 02:14:10.366,3.89051,3.88815,1,1
10.08.2021 02:14:10.416,3.89051,3.88807,1,1
10.08.2021 02:14:10.467,3.89052,3.8881400000000004,1,1
10.08.2021 02:15:01.351,3.89052,3.88824,1,1
10.08.2021 02:15:01.508,3.89052,3.88831,1,1
10.08.2021 02:15:22.954,3.89052,3.8883900000000002,1,1
10.08.2021 02:15:23.062,3.8906800000000006,3.8883900000000002,1.5,1
10.08.2021 02:15:23.112,3.89052,3.8883900000000002,1,1
10.08.2021 02:15:40.650,3.89052,3.88831,1,1
10.08.2021 02:18:05.657,3.89115,3.88831,1.5,1
10.08.2021 02:18:14.361,3.89052,3.88831,1,1
10.08.2021 02:18:14.508,3.8904199999999998,3.88821,1,1
10.08.2021 02:18:14.715,3.8904199999999998,3.88821,1.5,1
10.08.2021 02:18:21.417,3.8904199999999998,3.88821,1,1
10.08.2021 02:18:24.934,3.89041,3.88822,1.5,1
10.08.2021 02:18:27.492,3.8904199999999998,3.88821,1,1
10.08.2021 02:18:32.180,3.8904199999999998,3.88821,1.5,1
10.08.2021 02:18:39.724,3.89041,3.88822,1,1
10.08.2021 02:18:40.256,3.8904199999999998,3.8882800000000004,1,1
10.08.2021 02:18:43.926,3.89052,3.8882800000000004,1,1
10.08.2021 02:18:43.976,3.89052,3.88845,1,1
10.08.2021 02:18:48.138,3.89052,3.8883800000000006,1,1
10.08.2021 02:18:48.812,3.89052,3.8882800000000004,1,1
10.08.2021 02:18:52.079,3.89052,3.88835,1,1
10.08.2021 02:19:17.266,3.89052,3.8882800000000004,1,1
10.08.2021 02:19:25.082,3.89052,3.88835,1,1
10.08.2021 02:19:27.519,3.8906800000000006,3.88835,1.5,1
10.08.2021 02:19:27.570,3.89051,3.88836,1,1
10.08.2021 02:19:27.621,3.89071,3.88836,1.5,1
10.08.2021 02:19:33.295,3.89072,3.8884800000000004,1.5,1
10.08.2021 02:19:33.699,3.89061,3.8884900000000004,1,1
10.08.2021 02:19:35.552,3.89052,3.8884800000000004,1,1
10.08.2021 02:19:37.412,3.89052,3.8884800000000004,1.5,1
10.08.2021 02:19:46.275,3.89052,3.88835,1.5,1
10.08.2021 02:19:46.773,3.89052,3.88835,1.5,1
10.08.2021 02:20:00.612,3.89052,3.88835,1.5,1
10.08.2021 02:21:01.791,3.89051,3.88836,1.5,1
10.08.2021 02:21:03.252,3.89052,3.88835,1.5,1
10.08.2021 02:21:03.773,3.89051,3.88836,1.5,1
10.08.2021 02:21:04.025,3.89051,3.8884900000000004,1.5,1
10.08.2021 02:21:20.234,3.89051,3.8884900000000004,1,1
10.08.2021 02:21:22.169,3.8906199999999997,3.8884800000000004,1.5,1
10.08.2021 02:21:24.555,3.89052,3.8884800000000004,1.5,1
10.08.2021 02:21:24.739,3.89052,3.8884800000000004,1.5,1
10.08.2021 02:21:25.856,3.89052,3.8884800000000004,1.5,1
10.08.2021 02:21:25.907,3.89052,3.8884800000000004,1,1
10.08.2021 02:21:43.212,3.89051,3.8884900000000004,1.5,1
10.08.2021 02:21:47.675,3.89052,3.8884800000000004,1,1
10.08.2021 02:21:47.766,3.8906199999999997,3.8884800000000004,1.5,1
10.08.2021 02:22:07.214,3.8906199999999997,3.88861,1.5,1
10.08.2021 02:22:07.329,3.89072,3.88861,1.5,1
10.08.2021 02:22:07.567,3.89072,3.88861,1,1
10.08.2021 02:22:09.032,3.8908199999999997,3.88861,1.5,1
10.08.2021 02:22:10.517,3.8908199999999997,3.8887500000000004,1.5,1
10.08.2021 02:22:10.617,3.8908199999999997,3.8887500000000004,1,1
10.08.2021 02:22:12.197,3.8908199999999997,3.8887500000000004,1.5,1
10.08.2021 02:22:14.477,3.8908199999999997,3.8887500000000004,1,1
10.08.2021 02:22:15.166,3.8908199999999997,3.8887500000000004,1.5,1
10.08.2021 02:22:15.367,3.89081,3.88876,1,1
10.08.2021 02:22:18.879,3.8908199999999997,3.8887500000000004,1.5,1
10.08.2021 02:22:30.808,3.8908199999999997,3.8887500000000004,1,1
10.08.2021 02:22:47.250,3.89092,3.8887500000000004,1.5,1
10.08.2021 02:23:08.635,3.8910199999999997,3.8888800000000003,1.5,1
10.08.2021 02:23:44.262,3.89092,3.8888800000000003,1.5,1
10.08.2021 02:23:47.011,3.89092,3.8888800000000003,1.5,1
10.08.2021 02:24:00.645,3.89091,3.8888900000000004,1.5,1
10.08.2021 02:24:16.480,3.89092,3.8888800000000003,1.5,1
10.08.2021 02:24:45.707,3.89091,3.8888400000000005,1.5,1
10.08.2021 02:24:45.859,3.89091,3.8889199999999997,1.5,1
10.08.2021 02:24:54.897,3.8910199999999997,3.8888400000000005,1.5,1
10.08.2021 02:24:55.886,3.89101,3.8889199999999997,1.5,1
10.08.2021 02:24:58.015,3.8910199999999997,3.8888400000000005,1.5,1
10.08.2021 02:25:55.951,3.8910199999999997,3.88886,1.5,1
10.08.2021 02:25:58.271,3.8910199999999997,3.88879,1.5,1
10.08.2021 02:25:58.450,3.89092,3.88879,1.5,1
10.08.2021 02:26:01.117,3.89091,3.8888000000000003,1.5,1
10.08.2021 02:26:07.712,3.89091,3.8888000000000003,1.5,1
10.08.2021 02:26:08.095,3.89091,3.8888000000000003,1.5,1
10.08.2021 02:26:35.253,3.89092,3.88886,1.5,1
10.08.2021 02:26:48.054,3.89092,3.88886,1.5,1
10.08.2021 02:26:48.266,3.89092,3.8887300000000007,1.5,1
10.08.2021 02:26:48.458,3.89092,3.8887300000000007,1.5,1
10.08.2021 02:28:20.398,3.89091,3.8887400000000003,1.5,1
10.08.2021 02:28:21.048,3.89092,3.8887300000000007,1.5,1
10.08.2021 02:28:55.326,3.8908199999999997,3.8887300000000007,1,1
10.08.2021 02:30:46.298,3.89081,3.8886400000000005,1,1
10.08.2021 02:30:48.635,3.89107,3.8886300000000005,1.5,1
10.08.2021 02:30:48.686,3.8908199999999997,3.8886300000000005,1,1
10.08.2021 02:31:09.977,3.8909800000000003,3.8886300000000005,1.5,1
10.08.2021 02:31:10.027,3.8908199999999997,3.8886300000000005,1,1
10.08.2021 02:31:37.088,3.8908199999999997,3.8886300000000005,1.5,1
10.08.2021 02:31:37.338,3.89072,3.8886300000000005,1,1
10.08.2021 02:31:43.997,3.8908800000000006,3.8886300000000005,1.5,1
10.08.2021 02:31:46.950,3.89072,3.8886300000000005,1,1
10.08.2021 02:31:52.337,3.89072,3.8884600000000002,1,1
10.08.2021 02:31:53.242,3.89072,3.8884600000000002,1.5,1
10.08.2021 02:31:55.077,3.8906199999999997,3.8884600000000002,1,1
10.08.2021 02:32:18.976,3.8906199999999997,3.8884600000000002,1.5,1
10.08.2021 02:32:19.912,3.89051,3.88847,1,1
10.08.2021 02:32:24.927,3.89051,3.88835,1,1
10.08.2021 02:32:27.431,3.8906199999999997,3.8883400000000004,1.5,1
10.08.2021 02:32:27.548,3.89061,3.88835,1,1
10.08.2021 02:32:28.788,3.89061,3.88836,1,1
10.08.2021 02:32:30.196,3.89061,3.88835,1,1
10.08.2021 02:32:41.526,3.8907800000000003,3.8883400000000004,1.5,1
10.08.2021 02:32:41.577,3.8906199999999997,3.8883400000000004,1,1
10.08.2021 02:32:44.943,3.8906199999999997,3.88835,1,1
10.08.2021 02:32:45.048,3.89061,3.88835,1,1
10.08.2021 02:32:45.819,3.8906199999999997,3.88835,1,1
10.08.2021 02:32:47.388,3.8906199999999997,3.8883400000000004,1,1
10.08.2021 02:32:48.165,3.8906199999999997,3.88835,1,1
10.08.2021 02:32:48.316,3.89061,3.88835,1,1
10.08.2021 02:32:48.782,3.89061,3.88836,1,1
10.08.2021 02:32:49.384,3.8906199999999997,3.8883400000000004,1,1
10.08.2021 02:33:33.912,3.8906199999999997,3.8883400000000004,1.5,1
10.08.2021 02:33:36.255,3.8906199999999997,3.8883400000000004,1,1
10.08.2021 02:33:37.909,3.8906199999999997,3.8883400000000004,1.5,1
10.08.2021 02:33:39.184,3.8906199999999997,3.8883400000000004,1,1
10.08.2021 02:33:55.618,3.8906199999999997,3.88822,1,1
10.08.2021 02:33:57.622,3.89092,3.88822,1.5,1
10.08.2021 02:34:00.724,3.89091,3.8883900000000002,1.5,1
10.08.2021 02:34:02.209,3.89091,3.8883900000000002,1.5,1
10.08.2021 02:34:15.894,3.89072,3.8883800000000006,1,1
10.08.2021 02:34:47.028,3.8909900000000004,3.8883800000000006,1.5,1
10.08.2021 02:34:47.079,3.89072,3.8883800000000006,1,1
10.08.2021 02:34:52.242,3.89071,3.88844,1,1
10.08.2021 02:35:14.886,3.89072,3.8884300000000005,1.5,1
10.08.2021 02:35:19.391,3.89072,3.8884300000000005,1,1
10.08.2021 02:35:30.351,3.89072,3.8884300000000005,1.5,1
10.08.2021 02:35:38.351,3.89072,3.8884300000000005,1,1
10.08.2021 02:35:53.852,3.89071,3.88844,1.5,1
10.08.2021 02:35:54.263,3.89072,3.8884300000000005,1,1
10.08.2021 02:36:00.545,3.89072,3.8884300000000005,1.5,1
10.08.2021 02:36:07.896,3.89072,3.8884300000000005,1,1
10.08.2021 02:36:10.869,3.8908199999999997,3.8884300000000005,1.5,1
10.08.2021 02:36:10.919,3.8908199999999997,3.8885300000000003,1,1
10.08.2021 02:36:11.373,3.89081,3.8886400000000005,1,1
10.08.2021 02:36:13.890,3.89092,3.8886300000000005,1.5,1
10.08.2021 02:36:14.017,3.89091,3.88877,1.5,1
10.08.2021 02:36:14.068,3.8910199999999997,3.88876,1,1
10.08.2021 02:36:36.809,3.89092,3.88876,1,1
10.08.2021 02:37:17.284,3.89092,3.88859,1,1
10.08.2021 02:37:17.432,3.89092,3.88859,1.5,1
10.08.2021 02:37:21.453,3.8908199999999997,3.88859,1,1
10.08.2021 02:37:21.670,3.89081,3.8886000000000003,1.5,1
10.08.2021 02:37:21.873,3.89081,3.8886000000000003,1,1
10.08.2021 02:37:25.326,3.89097,3.8886000000000003,1.5,1
10.08.2021 02:37:25.376,3.89072,3.88859,1,1
10.08.2021 02:37:33.624,3.89087,3.8886000000000003,1.5,1
10.08.2021 02:37:33.675,3.8908199999999997,3.88859,1,1
10.08.2021 02:37:55.743,3.89107,3.88859,1.5,1
10.08.2021 02:38:12.480,3.8908199999999997,3.88859,1,1
10.08.2021 02:38:17.410,3.8908199999999997,3.8886800000000004,1,1
10.08.2021 02:38:26.492,3.89091,3.8886900000000004,1,1
10.08.2021 02:38:30.039,3.89091,3.8886900000000004,1.5,1
10.08.2021 02:38:31.233,3.89091,3.8886900000000004,1,1
10.08.2021 02:38:32.069,3.89081,3.8886900000000004,1,1
10.08.2021 02:38:59.052,3.8908199999999997,3.8885500000000004,1,1
10.08.2021 02:38:59.153,3.8908199999999997,3.8885500000000004,1.5,1
10.08.2021 02:38:59.556,3.89081,3.88856,1,1
10.08.2021 02:39:07.287,3.89071,3.88856,1,1
10.08.2021 02:40:00.132,3.89072,3.8885500000000004,1.5,1
10.08.2021 02:40:00.424,3.8906199999999997,3.8885500000000004,1,1
10.08.2021 02:40:02.607,3.8907800000000003,3.8885500000000004,1.5,1
10.08.2021 02:40:02.657,3.8906199999999997,3.8885500000000004,1,1
10.08.2021 02:40:21.499,3.89072,3.8885500000000004,1,1
10.08.2021 02:41:04.587,3.8910199999999997,3.8885500000000004,1.5,1
10.08.2021 02:41:04.920,3.89106,3.88856,1.5,1
10.08.2021 02:41:04.971,3.89071,3.88856,1,1
10.08.2021 02:41:48.826,3.8908199999999997,3.8885500000000004,1,1
10.08.2021 02:42:29.194,3.8908199999999997,3.8885500000000004,1.5,1
10.08.2021 02:42:32.499,3.8908199999999997,3.8885500000000004,1,1
10.08.2021 02:42:35.218,3.89081,3.88856,1.5,1
10.08.2021 02:42:40.095,3.89081,3.88856,1,1
10.08.2021 02:42:45.337,3.8909800000000003,3.8885500000000004,1.5,1
10.08.2021 02:42:45.388,3.8908199999999997,3.8885500000000004,1,1
10.08.2021 02:42:46.362,3.89097,3.88856,1.5,1
10.08.2021 02:42:48.800,3.89071,3.88856,1,1
10.08.2021 02:42:57.692,3.89071,3.88856,1.5,1
10.08.2021 02:43:16.959,3.89071,3.8884600000000002,1.5,1
10.08.2021 02:43:17.090,3.89072,3.88845,1.5,1
10.08.2021 02:43:21.747,3.8906199999999997,3.88831,1.5,1
10.08.2021 02:43:21.841,3.89061,3.8883199999999998,1.5,1
10.08.2021 02:43:23.846,3.8906199999999997,3.8881800000000006,1.5,1
10.08.2021 02:43:47.714,3.8904199999999998,3.8881800000000006,1.5,1
10.08.2021 02:43:47.993,3.89041,3.8880300000000005,1.5,1
10.08.2021 02:43:55.349,3.89032,3.88802,1,1
10.08.2021 02:44:23.286,3.89031,3.8881900000000003,1,1
10.08.2021 02:44:23.336,3.8904199999999998,3.8881800000000006,1.5,1
10.08.2021 02:44:24.039,3.8904199999999998,3.8881800000000006,1,1
10.08.2021 02:44:34.722,3.8904199999999998,3.8881800000000006,1.5,1
10.08.2021 02:44:34.838,3.89031,3.8881900000000003,1,1
10.08.2021 02:44:37.745,3.89031,3.8880300000000005,1,1
10.08.2021 02:44:42.203,3.89031,3.8878000000000004,1,1
10.08.2021 02:45:08.096,3.8904199999999998,3.8877900000000003,1.5,1
10.08.2021 02:45:08.204,3.8904199999999998,3.8877900000000003,1,1.5
10.08.2021 02:45:10.502,3.89041,3.8878000000000004,1.5,1
10.08.2021 02:45:49.671,3.89032,3.8877900000000003,1,1
10.08.2021 02:45:52.672,3.89022,3.8877900000000003,1,1
10.08.2021 02:45:52.869,3.89022,3.8877,1,1
10.08.2021 02:45:54.510,3.89021,3.88771,1.5,1
10.08.2021 02:45:57.159,3.89022,3.8877,1,1
10.08.2021 02:46:07.617,3.89021,3.88771,1.5,1
10.08.2021 02:47:07.507,3.89011,3.88771,1,1
10.08.2021 02:47:09.211,3.89012,3.8877,1.5,1
10.08.2021 02:47:09.412,3.89012,3.8877,1,1
10.08.2021 02:47:12.493,3.89012,3.8877,1.5,1
10.08.2021 02:47:24.926,3.89001,3.88771,1,1
10.08.2021 02:47:24.977,3.89002,3.8875400000000004,1,1
10.08.2021 02:47:44.011,3.89002,3.8875400000000004,1.5,1
10.08.2021 02:48:15.500,3.89002,3.88761,1.5,1
10.08.2021 02:48:16.030,3.89002,3.88761,1,1
10.08.2021 02:48:25.224,3.89075,3.88762,1.5,1
10.08.2021 02:48:51.607,3.89001,3.88762,1,1
10.08.2021 02:49:13.264,3.88992,3.88761,1,1
10.08.2021 02:50:13.468,3.89075,3.88762,1.5,1
10.08.2021 02:50:16.633,3.88982,3.88747,1,1
10.08.2021 02:50:16.905,3.88982,3.8873400000000005,1,1
10.08.2021 02:50:19.722,3.88972,3.8873400000000005,1,1
10.08.2021 02:50:24.199,3.88962,3.8873400000000005,1,1
10.08.2021 02:50:24.836,3.88962,3.88721,1,1
10.08.2021 02:50:54.697,3.88952,3.88721,1,1
10.08.2021 02:51:04.237,3.88952,3.8870400000000003,1,1
10.08.2021 02:51:17.227,3.88952,3.8870400000000003,1.5,1
10.08.2021 02:51:17.575,3.88952,3.8870400000000003,1,1
10.08.2021 02:51:17.917,3.88952,3.8870400000000003,1.5,1
10.08.2021 02:51:18.118,3.88952,3.8870400000000003,1,1
10.08.2021 02:51:18.318,3.88952,3.8870400000000003,1.5,1
10.08.2021 02:51:18.647,3.88952,3.8870400000000003,1,1
10.08.2021 02:51:18.697,3.88942,3.8870400000000003,1,1
10.08.2021 02:52:00.961,3.88932,3.8870400000000003,1,1
10.08.2021 02:52:01.011,3.88932,3.8869400000000005,1,1
10.08.2021 02:52:10.092,3.88942,3.8869400000000005,1,1
10.08.2021 02:52:10.158,3.88942,3.8870800000000005,1,1
10.08.2021 02:53:09.510,3.88932,3.8870800000000005,1,1
10.08.2021 02:53:09.611,3.88931,3.88692,1,1
10.08.2021 02:53:42.174,3.88931,3.8869300000000004,1,1
10.08.2021 02:53:53.117,3.88922,3.88692,1,1
10.08.2021 02:53:55.649,3.88922,3.8869900000000004,1,1
10.08.2021 02:54:03.260,3.88932,3.88712,1,1
10.08.2021 02:55:02.775,3.88932,3.8872199999999997,1,1
10.08.2021 02:55:03.398,3.88942,3.8872199999999997,1,1
10.08.2021 02:55:22.197,3.88932,3.8872199999999997,1,1
10.08.2021 02:55:38.395,3.88922,3.8872199999999997,1,1
10.08.2021 02:55:38.446,3.88921,3.8871,1,1
10.08.2021 02:56:00.281,3.88921,3.8870199999999997,1,1
10.08.2021 02:56:07.704,3.88922,3.88709,1,1
10.08.2021 02:56:07.754,3.88922,3.88701,1,1
10.08.2021 02:56:15.357,3.88922,3.88709,1,1
10.08.2021 02:56:27.170,3.88922,3.88701,1,1
10.08.2021 02:56:28.590,3.88922,3.88691,1,1
10.08.2021 02:56:39.528,3.88922,3.88691,1.5,1
10.08.2021 02:56:49.872,3.88922,3.88691,1,1
10.08.2021 02:56:57.182,3.8891199999999997,3.88691,1,1
10.08.2021 02:57:39.153,3.8891199999999997,3.8867800000000003,1,1
10.08.2021 02:58:05.166,3.8898,3.8867900000000004,1.5,1
10.08.2021 02:58:11.085,3.88902,3.8867800000000003,1,1
10.08.2021 02:58:24.060,3.88902,3.88661,1,1
10.08.2021 02:58:42.856,3.88902,3.88675,1,1
10.08.2021 02:58:57.322,3.88902,3.88661,1,1
10.08.2021 02:59:25.166,3.88901,3.88676,1,1
10.08.2021 02:59:29.157,3.88902,3.8866199999999997,1,1
10.08.2021 02:59:33.000,3.88901,3.8867900000000004,1,1
10.08.2021 02:59:34.445,3.8891199999999997,3.8867800000000003,1,1
10.08.2021 02:59:49.619,3.88922,3.8867800000000003,1,1
10.08.2021 02:59:49.669,3.88922,3.8869400000000005,1,1
10.08.2021 03:00:20.783,3.88932,3.8869400000000005,1,1
10.08.2021 03:00:33.496,3.88932,3.8870800000000005,1,1
10.08.2021 03:00:37.171,3.8894800000000003,3.8870800000000005,1.5,1
10.08.2021 03:00:37.221,3.88942,3.8870800000000005,1,1
10.08.2021 03:01:00.274,3.88942,3.8870800000000005,1.5,1
10.08.2021 03:01:03.820,3.88932,3.8870800000000005,1,1
10.08.2021 03:02:13.531,3.8901000000000003,3.8870800000000005,1.5,1
10.08.2021 03:02:13.581,3.88942,3.8870800000000005,1,1
10.08.2021 03:02:30.292,3.8894100000000003,3.88696,1,1
10.08.2021 03:02:30.578,3.88942,3.88701,1,1
10.08.2021 03:02:50.541,3.88942,3.88692,1,1.5
10.08.2021 03:02:55.477,3.88942,3.88692,1,1
10.08.2021 03:03:27.516,3.88942,3.88692,1,1.5
10.08.2021 03:04:12.069,3.89014,3.88692,1.5,1.5
10.08.2021 03:04:14.354,3.8901300000000005,3.8869300000000004,1.5,1
10.08.2021 03:04:46.130,3.89014,3.88692,1.5,1
10.08.2021 03:04:46.231,3.8894100000000003,3.8869300000000004,1,1
10.08.2021 03:05:02.681,3.8894100000000003,3.8869300000000004,1.5,1
10.08.2021 03:05:02.815,3.88932,3.88692,1,1
10.08.2021 03:05:09.652,3.88932,3.88692,1.5,1
10.08.2021 03:05:23.963,3.88942,3.88696,1.5,1
10.08.2021 03:05:29.212,3.88942,3.8870400000000003,1.5,1
10.08.2021 03:06:50.837,3.88942,3.8870400000000003,1.5,1
10.08.2021 03:07:17.083,3.88942,3.8870400000000003,1.5,1
10.08.2021 03:07:17.291,3.88942,3.8870400000000003,1.5,1
10.08.2021 03:07:17.486,3.8894100000000003,3.8870500000000003,1.5,1
10.08.2021 03:07:20.447,3.8894100000000003,3.8870500000000003,1.5,1
10.08.2021 03:07:32.321,3.88942,3.8870400000000003,1.5,1
10.08.2021 03:07:36.654,3.8894100000000003,3.8870500000000003,1.5,1
10.08.2021 03:08:29.058,3.88942,3.88717,1.5,1
10.08.2021 03:08:29.109,3.88962,3.88717,1.5,1
10.08.2021 03:08:29.283,3.88962,3.88717,1.5,1
10.08.2021 03:08:39.080,3.8896100000000002,3.8871800000000003,1.5,1
10.08.2021 03:09:01.029,3.8896100000000002,3.8871800000000003,1.5,1
10.08.2021 03:09:02.799,3.88962,3.88717,1.5,1
10.08.2021 03:09:13.804,3.88952,3.88717,1,1
10.08.2021 03:09:14.184,3.8896699999999997,3.8871800000000003,1.5,1
10.08.2021 03:09:34.555,3.88962,3.8873400000000005,1.5,1
10.08.2021 03:09:56.243,3.88972,3.8873400000000005,1.5,1
10.08.2021 03:09:56.396,3.88971,3.8874500000000003,1.5,1
10.08.2021 03:09:57.349,3.88972,3.8874400000000002,1,1
10.08.2021 03:09:58.144,3.88981,3.8874500000000003,1.5,1
10.08.2021 03:09:59.765,3.88982,3.8875699999999997,1.5,1
10.08.2021 03:10:16.828,3.88982,3.8875900000000003,1.5,1
10.08.2021 03:10:18.427,3.88981,3.8875800000000003,1.5,1
10.08.2021 03:10:22.394,3.89002,3.88762,1.5,1
10.08.2021 03:10:23.378,3.89002,3.8875699999999997,1.5,1
10.08.2021 03:10:28.855,3.88992,3.8875699999999997,1.5,1
10.08.2021 03:10:35.008,3.89002,3.88766,1.5,1
10.08.2021 03:10:35.168,3.89002,3.8875699999999997,1.5,1
10.08.2021 03:10:35.454,3.89001,3.8877,1.5,1
10.08.2021 03:10:35.707,3.89001,3.8875800000000003,1.5,1
10.08.2021 03:10:35.758,3.89002,3.8875900000000003,1.5,1
10.08.2021 03:10:35.943,3.89002,3.8876900000000005,1.5,1
10.08.2021 03:10:36.118,3.89001,3.88764,1.5,1
10.08.2021 03:10:36.169,3.89002,3.8875699999999997,1.5,1
10.08.2021 03:10:36.412,3.89002,3.8876900000000005,1.5,1
10.08.2021 03:10:36.462,3.89002,3.8875699999999997,1.5,1
10.08.2021 03:10:49.308,3.89001,3.8876300000000006,1.5,1
10.08.2021 03:10:49.409,3.89001,3.8877,1.5,1
10.08.2021 03:10:50.328,3.89002,3.8876300000000006,1.5,1
10.08.2021 03:10:50.738,3.89002,3.8875699999999997,1.5,1
10.08.2021 03:11:07.962,3.89002,3.8876000000000004,1.5,1
10.08.2021 03:11:08.067,3.89002,3.8876500000000003,1.5,1
10.08.2021 03:11:09.582,3.89002,3.8875900000000003,1.5,1
10.08.2021 03:11:09.633,3.89001,3.8875800000000003,1.5,1
10.08.2021 03:11:12.463,3.88992,3.8875699999999997,1.5,1
10.08.2021 03:11:12.866,3.88992,3.8874400000000002,1.5,1
10.08.2021 03:11:13.217,3.88992,3.8875400000000004,1.5,1
10.08.2021 03:11:13.319,3.88992,3.8875900000000003,1.5,1
10.08.2021 03:11:13.875,3.88992,3.8874400000000002,1.5,1.5
10.08.2021 03:11:14.074,3.88992,3.8875400000000004,1.5,1
10.08.2021 03:11:14.188,3.88992,3.88756,1.5,1
10.08.2021 03:11:14.691,3.88991,3.8875100000000002,1.5,1
10.08.2021 03:11:14.742,3.88991,3.8874500000000003,1.5,1
10.08.2021 03:11:14.880,3.88992,3.88756,1.5,1
10.08.2021 03:11:15.561,3.88991,3.8876000000000004,1.5,1
10.08.2021 03:11:15.792,3.88992,3.8875300000000004,1.5,1
10.08.2021 03:11:15.842,3.88991,3.8875699999999997,1.5,1
10.08.2021 03:11:16.869,3.88992,3.8875900000000003,1.5,1
10.08.2021 03:11:17.477,3.88992,3.8875300000000004,1.5,1
10.08.2021 03:11:17.528,3.88992,3.8874400000000002,1.5,1
10.08.2021 03:11:21.041,3.88991,3.88736,1.5,1
10.08.2021 03:11:22.002,3.88992,3.88752,1.5,1
10.08.2021 03:11:22.571,3.88991,3.88747,1.5,1
10.08.2021 03:11:22.780,3.88992,3.88752,1.5,1
10.08.2021 03:11:23.431,3.88991,3.88747,1.5,1
10.08.2021 03:11:23.727,3.88992,3.88735,1.5,1
10.08.2021 03:11:28.558,3.88992,3.8874800000000005,1.5,1
10.08.2021 03:11:28.661,3.88992,3.88752,1.5,1
10.08.2021 03:11:29.220,3.88991,3.88747,1.5,1
10.08.2021 03:11:29.328,3.88992,3.8873699999999998,1.5,1
10.08.2021 03:11:29.428,3.88991,3.88736,1.5,1
10.08.2021 03:11:31.174,3.88992,3.88749,1.5,1
10.08.2021 03:11:31.338,3.88991,3.8875300000000004,1.5,1
10.08.2021 03:11:31.877,3.88992,3.88746,1.5,1
10.08.2021 03:11:32.085,3.88991,3.8875300000000004,1.5,1
10.08.2021 03:11:32.978,3.88992,3.8873699999999998,1.5,1
10.08.2021 03:11:33.029,3.88991,3.88736,1.5,1
10.08.2021 03:11:33.857,3.88992,3.88749,1.5,1
10.08.2021 03:11:34.889,3.88991,3.8875300000000004,1.5,1
10.08.2021 03:11:35.477,3.88992,3.88746,1.5,1
10.08.2021 03:11:35.657,3.88991,3.88736,1.5,1
10.08.2021 03:11:37.391,3.88991,3.8875,1.5,1
10.08.2021 03:11:37.593,3.88991,3.8875300000000004,1.5,1
10.08.2021 03:11:39.077,3.88991,3.88747,1.5,1
10.08.2021 03:11:39.478,3.88992,3.88735,1.5,1
10.08.2021 03:11:46.337,3.88992,3.8875,1.5,1
10.08.2021 03:11:46.447,3.88992,3.88756,1.5,1
10.08.2021 03:11:47.241,3.88991,3.8875100000000002,1.5,1
10.08.2021 03:11:47.292,3.88991,3.88736,1.5,1
10.08.2021 03:11:51.074,3.88991,3.88752,1.5,1
10.08.2021 03:11:51.182,3.88991,3.8875300000000004,1.5,1
10.08.2021 03:11:52.023,3.88992,3.88756,1.5,1
10.08.2021 03:11:52.807,3.88992,3.88741,1.5,1
10.08.2021 03:11:52.923,3.88992,3.88735,1.5,1
10.08.2021 03:11:54.687,3.88992,3.88752,1.5,1
10.08.2021 03:11:55.465,3.88992,3.88746,1.5,1
10.08.2021 03:11:55.656,3.88992,3.88752,1.5,1
10.08.2021 03:11:56.953,3.88992,3.88756,1.5,1
10.08.2021 03:11:57.664,3.88991,3.8875100000000002,1.5,1
10.08.2021 03:11:57.765,3.88991,3.88736,1.5,1
10.08.2021 03:11:58.133,3.88992,3.8874800000000005,1.5,1
10.08.2021 03:11:58.284,3.88992,3.88756,1.5,1
10.08.2021 03:11:58.562,3.88991,3.8875100000000002,1.5,1
10.08.2021 03:11:59.573,3.88991,3.88736,1.5,1
10.08.2021 03:12:03.986,3.88992,3.88749,1.5,1
10.08.2021 03:12:04.095,3.88991,3.8875699999999997,1.5,1
10.08.2021 03:12:04.714,3.88992,3.8875,1.5,1
10.08.2021 03:12:04.765,3.88992,3.8874300000000006,1.5,1
10.08.2021 03:12:04.875,3.88991,3.8875699999999997,1.5,1
10.08.2021 03:12:06.392,3.88992,3.8875,1.5,1
10.08.2021 03:12:07.571,3.88991,3.88736,1.5,1
10.08.2021 03:12:09.608,3.88992,3.88749,1.5,1
10.08.2021 03:12:09.724,3.88991,3.8875699999999997,1.5,1
10.08.2021 03:12:10.274,3.88992,3.8875,1.5,1
10.08.2021 03:12:10.375,3.88992,3.88735,1.5,1
10.08.2021 03:12:11.163,3.88992,3.8875100000000002,1.5,1
10.08.2021 03:12:11.278,3.88992,3.88752,1.5,1
10.08.2021 03:12:12.089,3.88992,3.88735,1.5,1
10.08.2021 03:12:12.226,3.88991,3.88752,1.5,1
10.08.2021 03:12:12.391,3.88992,3.88752,1.5,1
10.08.2021 03:12:12.901,3.88991,3.88736,1.5,1
10.08.2021 03:12:14.476,3.88992,3.88749,1.5,1
10.08.2021 03:12:14.605,3.88992,3.88756,1.5,1
10.08.2021 03:12:16.398,3.88992,3.8875,1.5,1
10.08.2021 03:12:16.889,3.88991,3.88736,1.5,1
10.08.2021 03:12:17.304,3.88992,3.8875100000000002,1.5,1
10.08.2021 03:12:17.410,3.88992,3.88756,1.5,1
10.08.2021 03:12:20.741,3.88991,3.8875100000000002,1.5,1
10.08.2021 03:12:21.023,3.88991,3.88736,1.5,1
10.08.2021 03:12:22.475,3.88992,3.8875100000000002,1.5,1
10.08.2021 03:12:22.666,3.88992,3.88756,1.5,1
10.08.2021 03:12:23.225,3.88992,3.8875,1.5,1
10.08.2021 03:12:23.325,3.88992,3.8874300000000006,1.5,1
10.08.2021 03:12:23.429,3.88992,3.88756,1.5,1
10.08.2021 03:12:24.919,3.88992,3.88741,1.5,1
10.08.2021 03:12:25.130,3.88992,3.88735,1.5,1
10.08.2021 03:12:27.963,3.88992,3.88749,1.5,1
10.08.2021 03:12:28.064,3.88991,3.8875699999999997,1.5,1
10.08.2021 03:12:29.897,3.88992,3.8875,1.5,1
10.08.2021 03:12:30.822,3.88992,3.88735,1.5,1
10.08.2021 03:12:36.406,3.88971,3.88736,1.5,1
10.08.2021 03:12:36.468,3.88972,3.8872800000000005,1.5,1
10.08.2021 03:12:36.574,3.88972,3.8872800000000005,1.5,1
10.08.2021 03:12:37.794,3.8896100000000002,3.8873699999999998,1.5,1
10.08.2021 03:12:37.971,3.88962,3.8873,1.5,1
10.08.2021 03:12:38.214,3.88962,3.88736,1.5,1
10.08.2021 03:12:38.352,3.88962,3.8873,1.5,1
10.08.2021 03:12:38.403,3.8896100000000002,3.88729,1.5,1
10.08.2021 03:12:42.702,3.88962,3.8873699999999998,1.5,1
10.08.2021 03:13:14.578,3.88962,3.8873699999999998,1.5,1
10.08.2021 03:13:17.512,3.88951,3.8872199999999997,1.5,1
10.08.2021 03:13:21.015,3.88952,3.88721,1.5,1
10.08.2021 03:13:21.216,3.88952,3.88721,1.5,1
10.08.2021 03:13:55.208,3.88952,3.88721,1.5,1
10.08.2021 03:14:51.915,3.88951,3.8872199999999997,1.5,1
10.08.2021 03:15:00.785,3.88952,3.88721,1,1
10.08.2021 03:15:21.470,3.88952,3.8873400000000005,1,1
10.08.2021 03:15:21.521,3.8896100000000002,3.88735,1.5,1
10.08.2021 03:15:32.040,3.88962,3.8873400000000005,1.5,1
10.08.2021 03:15:35.552,3.88962,3.8873400000000005,1.5,1
10.08.2021 03:15:45.385,3.88962,3.8873400000000005,1.5,1
10.08.2021 03:15:45.766,3.8896100000000002,3.8871800000000003,1.5,1
10.08.2021 03:15:46.795,3.88952,3.88717,1.5,1
10.08.2021 03:16:21.728,3.88952,3.88717,1.5,1
10.08.2021 03:16:28.793,3.88942,3.88717,1,1
10.08.2021 03:16:28.897,3.88942,3.88717,1.5,1
10.08.2021 03:16:38.543,3.88931,3.88709,1.5,1
10.08.2021 03:16:39.914,3.88922,3.8870800000000005,1,1
10.08.2021 03:16:40.042,3.88921,3.88689,1,1
10.08.2021 03:16:40.093,3.88921,3.88689,1.5,1
10.08.2021 03:16:46.446,3.88922,3.8867800000000003,1.5,1
10.08.2021 03:16:51.181,3.88922,3.8867800000000003,1.5,1
10.08.2021 03:16:56.872,3.88921,3.8867900000000004,1.5,1
10.08.2021 03:17:09.798,3.88922,3.8867800000000003,1.5,1
10.08.2021 03:17:09.888,3.88922,3.8867800000000003,1.5,1
10.08.2021 03:17:26.993,3.88922,3.8867800000000003,1.5,1
10.08.2021 03:17:42.681,3.88921,3.8869300000000004,1.5,1
10.08.2021 03:17:47.195,3.88921,3.8869300000000004,1,1
10.08.2021 03:17:54.009,3.8893800000000005,3.88692,1.5,1
10.08.2021 03:17:56.475,3.88942,3.8870500000000003,1.5,1
10.08.2021 03:17:56.626,3.88942,3.8870500000000003,1.5,1
10.08.2021 03:17:57.838,3.88942,3.8870500000000003,1.5,1
10.08.2021 03:18:06.616,3.88942,3.8870500000000003,1.5,1
10.08.2021 03:18:16.261,3.88942,3.8870500000000003,1.5,1
10.08.2021 03:18:20.092,3.88932,3.88692,1.5,1
10.08.2021 03:18:38.692,3.88931,3.8869300000000004,1,1
10.08.2021 03:18:38.843,3.88932,3.8870500000000003,1,1
10.08.2021 03:18:39.457,3.8894699999999998,3.88706,1.5,1
10.08.2021 03:19:01.534,3.8894100000000003,3.88706,1.5,1
10.08.2021 03:19:01.634,3.88942,3.88692,1.5,1
10.08.2021 03:19:10.756,3.88932,3.88692,1.5,1
10.08.2021 03:19:17.420,3.88922,3.8867800000000003,1.5,1
10.08.2021 03:19:17.571,3.88922,3.8868,1.5,1
10.08.2021 03:19:18.822,3.88922,3.8867800000000003,1.5,1
10.08.2021 03:19:26.856,3.88922,3.8867800000000003,1.5,1
10.08.2021 03:19:32.848,3.88922,3.88666,1.5,1
10.08.2021 03:19:33.426,3.88921,3.88671,1.5,1
10.08.2021 03:19:33.654,3.88922,3.8866500000000004,1.5,1
10.08.2021 03:19:34.115,3.88921,3.88671,1.5,1
10.08.2021 03:19:34.206,3.88921,3.88666,1.5,1
10.08.2021 03:19:34.625,3.88922,3.88666,1.5,1
10.08.2021 03:19:34.889,3.88921,3.88671,1.5,1
10.08.2021 03:19:38.932,3.88922,3.8866500000000004,1.5,1
10.08.2021 03:19:40.075,3.88922,3.88666,1.5,1
10.08.2021 03:19:40.526,3.88922,3.8867000000000003,1.5,1
10.08.2021 03:19:40.602,3.88922,3.8866500000000004,1.5,1
10.08.2021 03:19:40.939,3.88921,3.88671,1.5,1
10.08.2021 03:19:41.562,3.88922,3.8866500000000004,1.5,1
10.08.2021 03:19:41.857,3.88922,3.8867000000000003,1.5,1
10.08.2021 03:19:41.995,3.88921,3.88666,1.5,1
10.08.2021 03:19:42.188,3.88922,3.88666,1.5,1
10.08.2021 03:19:42.408,3.88921,3.88671,1.5,1
10.08.2021 03:19:42.747,3.88921,3.88666,1.5,1
10.08.2021 03:19:43.340,3.88922,3.88666,1.5,1
10.08.2021 03:19:43.848,3.88921,3.88671,1.5,1
10.08.2021 03:19:44.255,3.88922,3.8866500000000004,1.5,1
10.08.2021 03:19:44.582,3.88922,3.88666,1.5,1
10.08.2021 03:19:45.851,3.88921,3.88671,1.5,1
10.08.2021 03:19:46.817,3.88922,3.8866500000000004,1.5,1
10.08.2021 03:19:47.443,3.88922,3.8867000000000003,1.5,1
10.08.2021 03:19:47.855,3.88921,3.88666,1.5,1
10.08.2021 03:19:48.475,3.88922,3.8867000000000003,1.5,1
10.08.2021 03:19:49.263,3.88921,3.88666,1.5,1
10.08.2021 03:19:49.740,3.88922,3.88666,1.5,1
10.08.2021 03:19:50.821,3.88922,3.8867000000000003,1.5,1
10.08.2021 03:19:51.270,3.88922,3.8866500000000004,1.5,1
10.08.2021 03:19:51.321,3.88922,3.88666,1.5,1
10.08.2021 03:19:51.428,3.88922,3.8867000000000003,1.5,1
10.08.2021 03:19:51.530,3.88921,3.8868300000000007,1,1
10.08.2021 03:19:51.784,3.88922,3.8868300000000007,1,1
10.08.2021 03:19:54.455,3.88922,3.8868199999999997,1,1
10.08.2021 03:19:55.089,3.88921,3.8868400000000003,1,1
10.08.2021 03:19:58.936,3.88921,3.8868300000000007,1,1
10.08.2021 03:19:59.523,3.88921,3.8868400000000003,1,1
10.08.2021 03:20:07.246,3.88922,3.88686,1,1
10.08.2021 03:20:07.808,3.88922,3.8868199999999997,1,1
10.08.2021 03:20:07.909,3.88942,3.8868300000000007,1.5,1
10.08.2021 03:20:08.699,3.88942,3.88686,1.5,1
10.08.2021 03:20:11.674,3.8894100000000003,3.8868300000000007,1.5,1
10.08.2021 03:20:12.281,3.88942,3.8868300000000007,1.5,1
10.08.2021 03:20:12.670,3.88942,3.88686,1.5,1
10.08.2021 03:20:17.305,3.88942,3.8868199999999997,1.5,1
10.08.2021 03:20:17.788,3.88942,3.8868300000000007,1.5,1
10.08.2021 03:20:20.935,3.88932,3.8868199999999997,1.5,1
10.08.2021 03:20:42.533,3.88921,3.8868300000000007,1,1
10.08.2021 03:20:42.634,3.88922,3.8867000000000003,1.5,1
10.08.2021 03:20:42.736,3.88922,3.8866800000000006,1.5,1
10.08.2021 03:20:46.101,3.88922,3.8867000000000003,1.5,1
10.08.2021 03:20:46.343,3.88922,3.8866800000000006,1.5,1
10.08.2021 03:21:00.901,3.88922,3.8867800000000003,1.5,1
10.08.2021 03:21:41.971,3.88922,3.8867800000000003,1.5,1
10.08.2021 03:21:45.501,3.88922,3.8867800000000003,1.5,1
10.08.2021 03:22:03.526,3.88922,3.8867800000000003,1.5,1
10.08.2021 03:22:03.726,3.88922,3.8867800000000003,1.5,1
10.08.2021 03:22:16.750,3.88902,3.8866199999999997,1,1
10.08.2021 03:22:16.801,3.88901,3.8866300000000007,1.5,1
10.08.2021 03:23:29.058,3.88902,3.8866199999999997,1,1
10.08.2021 03:23:29.188,3.88902,3.8866300000000007,1,1
10.08.2021 03:23:29.366,3.8891199999999997,3.8866199999999997,1.5,1
10.08.2021 03:23:29.508,3.8891199999999997,3.8866300000000007,1.5,1
10.08.2021 03:23:29.793,3.88911,3.8866300000000007,1.5,1
10.08.2021 03:23:30.003,3.88911,3.8866400000000003,1.5,1
10.08.2021 03:23:30.183,3.8891199999999997,3.88666,1.5,1
10.08.2021 03:23:34.586,3.8891199999999997,3.88675,1.5,1
10.08.2021 03:23:36.249,3.88911,3.88676,1,1
10.08.2021 03:23:42.600,3.8891199999999997,3.8868400000000003,1,1
10.08.2021 03:24:01.443,3.8892800000000003,3.8868400000000003,1.5,1
10.08.2021 03:24:02.778,3.88922,3.8868400000000003,1.5,1
10.08.2021 03:24:20.951,3.88921,3.8868500000000004,1.5,1
10.08.2021 03:24:58.691,3.88922,3.8868400000000003,1.5,1
10.08.2021 03:25:07.216,3.88922,3.8868400000000003,1.5,1
10.08.2021 03:25:29.439,3.88922,3.8869300000000004,1.5,1
10.08.2021 03:25:31.482,3.8891199999999997,3.8869300000000004,1,1
10.08.2021 03:25:31.661,3.8891199999999997,3.8869300000000004,1.5,1
10.08.2021 03:25:51.594,3.8891199999999997,3.8869300000000004,1.5,1
10.08.2021 03:25:51.790,3.8891199999999997,3.8869300000000004,1.5,1
10.08.2021 03:26:00.365,3.88911,3.8869400000000005,1.5,1
10.08.2021 03:26:06.248,3.88911,3.8869400000000005,1.5,1
10.08.2021 03:26:18.015,3.88902,3.8869300000000004,1,1
10.08.2021 03:26:18.116,3.88901,3.88677,1.5,1
10.08.2021 03:26:18.424,3.88902,3.88676,1.5,1
10.08.2021 03:26:19.099,3.88902,3.88676,1.5,1
10.08.2021 03:26:43.856,3.88902,3.88676,1.5,1
10.08.2021 03:26:55.400,3.88891,3.88677,1,1
10.08.2021 03:26:59.661,3.8889199999999997,3.88676,1.5,1
10.08.2021 03:27:13.946,3.88891,3.8866800000000006,1.5,1
10.08.2021 03:27:21.066,3.88881,3.8866800000000006,1,1
10.08.2021 03:27:21.719,3.88882,3.88667,1.5,1
10.08.2021 03:27:22.490,3.88882,3.88667,1,1
10.08.2021 03:27:26.096,3.8889199999999997,3.88667,1.5,1
10.08.2021 03:27:33.071,3.8887199999999997,3.88667,1,1
10.08.2021 03:27:33.136,3.8887199999999997,3.88647,1,1
10.08.2021 03:27:33.232,3.88871,3.8864800000000006,1.5,1
10.08.2021 03:27:33.464,3.8887199999999997,3.88647,1.5,1
10.08.2021 03:27:39.551,3.88871,3.8864800000000006,1.5,1
10.08.2021 03:27:41.964,3.88882,3.88647,1.5,1
10.08.2021 03:27:54.475,3.88881,3.8864500000000004,1.5,1
10.08.2021 03:27:59.860,3.88882,3.88652,1.5,1
10.08.2021 03:28:07.144,3.88882,3.8866199999999997,1.5,1
10.08.2021 03:28:29.534,3.88882,3.8865400000000005,1.5,1
10.08.2021 03:28:35.436,3.8889199999999997,3.8865400000000005,1.5,1
10.08.2021 03:28:44.524,3.8889199999999997,3.8867000000000003,1.5,1
10.08.2021 03:28:46.453,3.88882,3.8867000000000003,1.5,1
10.08.2021 03:28:46.614,3.88882,3.8867000000000003,1,1
10.08.2021 03:28:55.137,3.88882,3.8867000000000003,1.5,1
10.08.2021 03:28:55.219,3.88882,3.8867000000000003,1,1
10.08.2021 03:29:45.874,3.88882,3.88667,1,1
10.08.2021 03:30:08.426,3.88891,3.8866800000000006,1.5,1
10.08.2021 03:30:08.477,3.88891,3.8866800000000006,1,1
10.08.2021 03:30:08.527,3.8889199999999997,3.88672,1,1
10.08.2021 03:30:14.357,3.8889199999999997,3.88672,1.5,1
10.08.2021 03:30:20.864,3.88882,3.88672,1,1
10.08.2021 03:30:32.895,3.88881,3.8867300000000005,1.5,1
10.08.2021 03:30:40.421,3.88882,3.8865900000000004,1.5,1
10.08.2021 03:30:54.630,3.88882,3.8865900000000004,1,1
10.08.2021 03:31:03.198,3.88891,3.8866,1.5,1
10.08.2021 03:31:28.188,3.8889199999999997,3.8865900000000004,1.5,1
10.08.2021 03:31:32.538,3.8889199999999997,3.8865900000000004,1.5,1
10.08.2021 03:31:44.019,3.8889199999999997,3.8865900000000004,1.5,1
10.08.2021 03:31:44.223,3.8889199999999997,3.8865900000000004,1.5,1
10.08.2021 03:31:47.080,3.88891,3.8866,1.5,1
10.08.2021 03:31:50.948,3.88881,3.8866,1,1
10.08.2021 03:31:52.339,3.8889800000000005,3.8865900000000004,1.5,1
10.08.2021 03:31:59.571,3.88901,3.8867000000000003,1.5,1
10.08.2021 03:32:02.850,3.88901,3.8867000000000003,1.5,1
10.08.2021 03:32:03.285,3.88902,3.88669,1.5,1
10.08.2021 03:32:03.532,3.88901,3.88669,1.5,1
10.08.2021 03:33:09.885,3.8889199999999997,3.8866800000000006,1,1
10.08.2021 03:33:23.326,3.88971,3.88669,1.5,1
10.08.2021 03:33:26.125,3.88972,3.8866800000000006,1.5,1
10.08.2021 03:33:35.404,3.88972,3.8866800000000006,1.5,1
10.08.2021 03:33:37.907,3.8891199999999997,3.8866800000000006,1.5,1
10.08.2021 03:33:38.038,3.88911,3.88686,1.5,1
10.08.2021 03:36:22.394,3.88921,3.88675,1.5,1
10.08.2021 03:36:34.158,3.88921,3.8868400000000003,1.5,1
10.08.2021 03:37:02.708,3.8898800000000007,3.8867400000000005,1.5,1
10.08.2021 03:37:08.770,3.88921,3.8868400000000003,1.5,1
10.08.2021 03:37:10.784,3.88922,3.8868300000000007,1.5,1
10.08.2021 03:37:17.296,3.88931,3.8868400000000003,1.5,1
10.08.2021 03:37:17.821,3.88922,3.8868300000000007,1.5,1
10.08.2021 03:37:18.343,3.88922,3.8868300000000007,1.5,1
10.08.2021 03:37:38.584,3.88902,3.8868300000000007,1,1
10.08.2021 03:37:38.685,3.88902,3.88666,1.5,1
10.08.2021 03:37:38.735,3.88902,3.88666,1.5,1
10.08.2021 03:37:38.963,3.88891,3.88655,1.5,1
10.08.2021 03:37:39.105,3.8889199999999997,3.8865400000000005,1.5,1
10.08.2021 03:37:40.483,3.8889199999999997,3.8865400000000005,1.5,1
10.08.2021 03:38:41.340,3.8889199999999997,3.8865400000000005,1.5,1
10.08.2021 03:38:52.883,3.8889199999999997,3.8865400000000005,1.5,1
10.08.2021 03:38:56.537,3.8889199999999997,3.8865400000000005,1.5,1
10.08.2021 03:39:26.184,3.8889199999999997,3.8865400000000005,1.5,1
10.08.2021 03:39:55.798,3.88891,3.88655,1.5,1
10.08.2021 03:40:03.545,3.8889199999999997,3.8865400000000005,1.5,1
10.08.2021 03:40:31.827,3.88882,3.8864900000000002,1.5,1
10.08.2021 03:40:45.260,3.88882,3.8864900000000002,1,1
10.08.2021 03:40:48.869,3.88882,3.8865800000000004,1,1
10.08.2021 03:41:02.012,3.8889199999999997,3.8865800000000004,1.5,1
10.08.2021 03:41:15.438,3.88891,3.88667,1.5,1
10.08.2021 03:41:19.091,3.8889199999999997,3.88657,1.5,1
10.08.2021 03:41:22.672,3.88891,3.88667,1.5,1
10.08.2021 03:41:50.826,3.8889199999999997,3.88657,1.5,1
10.08.2021 03:42:40.689,3.88891,3.8865800000000004,1,1
10.08.2021 03:42:40.890,3.88891,3.8865800000000004,1.5,1
10.08.2021 03:42:48.337,3.88891,3.8865800000000004,1,1
10.08.2021 03:42:57.062,3.8889199999999997,3.88657,1.5,1
10.08.2021 03:43:44.612,3.8889199999999997,3.88657,1.5,1
10.08.2021 03:44:14.177,3.88882,3.88647,1.5,1
10.08.2021 03:44:23.544,3.88881,3.8865600000000002,1.5,1
10.08.2021 03:44:29.854,3.88871,3.8865600000000002,1,1
10.08.2021 03:44:30.044,3.8887199999999997,3.88655,1.5,1
10.08.2021 03:44:31.680,3.88871,3.8864,1.5,1
10.08.2021 03:44:36.110,3.88871,3.8864,1,1
10.08.2021 03:44:43.644,3.8887199999999997,3.8863900000000005,1.5,1
10.08.2021 03:45:05.571,3.88871,3.8864,1,1
10.08.2021 03:45:22.915,3.8887199999999997,3.88651,1,1
10.08.2021 03:45:51.253,3.88871,3.88652,1.5,1
10.08.2021 03:46:03.769,3.8887199999999997,3.88651,1,1
10.08.2021 03:46:14.316,3.88882,3.88651,1.5,1
10.08.2021 03:46:14.520,3.88882,3.88651,1,1
10.08.2021 03:46:19.521,3.88881,3.88652,1.5,1
10.08.2021 03:46:19.882,3.88881,3.88652,1,1
10.08.2021 03:46:48.811,3.88882,3.8866800000000006,1,1
10.08.2021 03:47:20.134,3.88882,3.8866800000000006,1.5,1
10.08.2021 03:47:31.304,3.88882,3.8866800000000006,1,1
10.08.2021 03:47:58.075,3.88882,3.8866800000000006,1.5,1
10.08.2021 03:48:07.135,3.88882,3.88651,1.5,1
10.08.2021 03:48:08.367,3.88881,3.88652,1.5,1
10.08.2021 03:48:08.569,3.88882,3.88651,1.5,1
10.08.2021 03:48:12.927,3.88882,3.88651,1.5,1
10.08.2021 03:48:13.103,3.88882,3.88651,1.5,1
10.08.2021 03:48:16.770,3.88881,3.88652,1.5,1
10.08.2021 03:48:17.568,3.88882,3.88651,1.5,1
10.08.2021 03:48:17.684,3.8887199999999997,3.88651,1,1
10.08.2021 03:48:18.076,3.88871,3.88652,1.5,1
10.08.2021 03:48:21.187,3.8887199999999997,3.88651,1,1
10.08.2021 03:48:26.358,3.8887199999999997,3.88651,1.5,1
10.08.2021 03:49:12.558,3.8887199999999997,3.88651,1,1
10.08.2021 03:50:00.092,3.88882,3.88651,1.5,1
10.08.2021 03:50:02.568,3.88882,3.88651,1,1
10.08.2021 03:50:20.616,3.8889199999999997,3.88651,1.5,1
10.08.2021 03:51:02.823,3.88891,3.88666,1.5,1
10.08.2021 03:51:20.075,3.8889199999999997,3.8866500000000004,1,1
10.08.2021 03:51:26.049,3.8889199999999997,3.8866500000000004,1.5,1
10.08.2021 03:51:33.357,3.8889199999999997,3.8866500000000004,1,1
10.08.2021 03:51:40.108,3.88891,3.88666,1.5,1
10.08.2021 03:52:17.201,3.88901,3.88666,1.5,1
10.08.2021 03:52:25.236,3.88902,3.8868500000000004,1.5,1
10.08.2021 03:52:25.286,3.88902,3.8868500000000004,1,1
10.08.2021 03:52:27.067,3.8891199999999997,3.8868500000000004,1.5,1
10.08.2021 03:53:39.430,3.8891199999999997,3.8868500000000004,1,1
10.08.2021 03:53:39.568,3.88922,3.8868500000000004,1.5,1
10.08.2021 03:53:50.930,3.88922,3.8868500000000004,1.5,1
10.08.2021 03:54:41.617,3.88911,3.88686,1.5,1
10.08.2021 03:54:41.818,3.8891199999999997,3.8868500000000004,1.5,1
10.08.2021 03:54:44.262,3.8891199999999997,3.8868500000000004,1.5,1
10.08.2021 03:54:44.313,3.8891199999999997,3.88671,1.5,1
10.08.2021 03:54:44.463,3.88902,3.88671,1.5,1
10.08.2021 03:54:50.508,3.88902,3.88671,1.5,1
10.08.2021 03:55:00.899,3.88902,3.88671,1.5,1
10.08.2021 03:55:09.066,3.88902,3.88671,1.5,1
10.08.2021 03:55:09.400,3.88901,3.88672,1.5,1
10.08.2021 03:55:13.964,3.88901,3.88672,1.5,1
10.08.2021 03:55:14.167,3.88902,3.88671,1.5,1
10.08.2021 03:56:52.799,3.88971,3.88671,1.5,1
10.08.2021 03:56:53.389,3.88971,3.88671,1.5,1
10.08.2021 03:56:54.070,3.8897000000000004,3.88672,1.5,1
10.08.2021 03:56:54.421,3.88971,3.88671,1.5,1
10.08.2021 03:56:54.623,3.88971,3.88671,1.5,1
10.08.2021 03:56:55.453,3.88971,3.88671,1.5,1
10.08.2021 03:57:18.060,3.88971,3.88671,1.5,1
10.08.2021 03:57:24.397,3.88971,3.88671,1.5,1
10.08.2021 03:58:26.373,3.8899300000000006,3.88675,1.5,1
10.08.2021 03:59:07.558,3.88994,3.8867400000000005,1.5,1
10.08.2021 04:00:11.105,3.88994,3.8867400000000005,1.5,1
10.08.2021 04:00:33.464,3.88994,3.8867400000000005,1.5,1
10.08.2021 04:00:36.173,3.88994,3.8867400000000005,1.5,1
10.08.2021 04:01:17.668,3.88977,3.8866400000000003,1.5,1
10.08.2021 04:01:18.884,3.88992,3.8867400000000005,1.5,1
10.08.2021 04:01:20.755,3.88992,3.8867400000000005,1.5,1
10.08.2021 04:01:28.996,3.8889199999999997,3.8867300000000005,1,1
10.08.2021 04:01:29.535,3.8889199999999997,3.8867300000000005,1.5,1
10.08.2021 04:01:29.808,3.88882,3.8867300000000005,1,1
