Gmt time,Ask,Bid,AskVolume,BidVolume
04.08.2021 00:00:00.020,3.8384,3.8337800000000004,1,1
04.08.2021 00:00:00.071,3.83841,3.8336699999999997,1,1
04.08.2021 00:00:00.122,3.83841,3.83361,1,1.5
04.08.2021 00:00:00.236,3.83841,3.8332300000000004,1,1
04.08.2021 00:00:00.472,3.83856,3.8338,1,1
04.08.2021 00:00:01.145,3.8388,3.8338,1.5,1
04.08.2021 00:00:01.246,3.8388,3.8337800000000004,1,1
04.08.2021 00:00:01.300,3.8388,3.8337800000000004,1,1
04.08.2021 00:00:01.559,3.8387800000000003,3.8335800000000004,1,1.5
04.08.2021 00:00:02.854,3.83852,3.8335800000000004,1,1.5
04.08.2021 00:00:03.626,3.83851,3.8335900000000005,1.5,1.5
04.08.2021 00:00:04.163,3.8386300000000007,3.8335900000000005,1,1.5
04.08.2021 00:00:06.493,3.83841,3.8337000000000003,1,1.5
04.08.2021 00:00:06.714,3.8388500000000003,3.8339800000000004,1,1.5
04.08.2021 00:00:06.877,3.83876,3.8339800000000004,1,1.5
04.08.2021 00:00:09.573,3.83875,3.8339900000000005,1,1.5
04.08.2021 00:00:10.622,3.83876,3.8339800000000004,1,1.5
04.08.2021 00:00:11.639,3.8386800000000005,3.8340300000000003,1,1
04.08.2021 00:00:11.840,3.83857,3.8341800000000004,1,1.5
04.08.2021 00:00:11.891,3.8391800000000003,3.8342500000000004,1.5,1
04.08.2021 00:00:11.941,3.83892,3.8342500000000004,1,1
04.08.2021 00:00:11.992,3.8391,3.8342800000000006,1,1
04.08.2021 00:00:12.093,3.8390800000000005,3.83394,1.5,1.5
04.08.2021 00:00:12.143,3.83877,3.8342800000000006,1,1
04.08.2021 00:00:12.222,3.83877,3.8342800000000006,1,1
04.08.2021 00:00:12.327,3.8385000000000002,3.8342800000000006,1,1
04.08.2021 00:00:14.671,3.8385000000000002,3.8342800000000006,1,1
04.08.2021 00:00:17.449,3.83849,3.8341900000000004,1,1
04.08.2021 00:00:17.550,3.8386300000000007,3.8339900000000005,1,1.5
04.08.2021 00:00:17.600,3.8384500000000004,3.8340300000000003,1,1.5
04.08.2021 00:00:17.705,3.8384800000000006,3.8341800000000004,1,1.5
04.08.2021 00:00:17.756,3.8384800000000006,3.8340199999999998,1,1.5
04.08.2021 00:00:17.957,3.8386500000000003,3.8341800000000004,1,1.5
04.08.2021 00:00:18.615,3.8385000000000002,3.8342800000000006,1,1.5
04.08.2021 00:00:21.596,3.8385300000000004,3.83429,1,1.5
04.08.2021 00:00:29.359,3.83846,3.83432,1,1
04.08.2021 00:00:33.493,3.83852,3.8344300000000007,1,1.5
04.08.2021 00:00:34.397,3.8384400000000003,3.8344199999999997,1,1.5
04.08.2021 00:00:39.399,3.83849,3.83495,1,1
04.08.2021 00:00:39.450,3.8385000000000002,3.83451,1,1.5
04.08.2021 00:00:39.564,3.8385000000000002,3.83451,1,1.5
04.08.2021 00:00:40.366,3.8383900000000004,3.83489,1,1
04.08.2021 00:00:48.390,3.8385400000000005,3.8349900000000003,1,1
04.08.2021 00:01:07.876,3.83869,3.83522,1,1
04.08.2021 00:01:07.926,3.83869,3.83522,1,1
04.08.2021 00:01:08.156,3.83877,3.83501,1,1
04.08.2021 00:01:08.323,3.8387800000000003,3.8348300000000006,1,1.5
04.08.2021 00:01:08.767,3.83877,3.8348300000000006,1,1.5
04.08.2021 00:01:08.932,3.83877,3.8348300000000006,1,1.5
04.08.2021 00:01:09.167,3.83877,3.8348300000000006,1,1.5
04.08.2021 00:01:09.218,3.8387900000000004,3.8349699999999998,1,1
04.08.2021 00:01:09.870,3.8387800000000003,3.83526,1,1
04.08.2021 00:01:09.921,3.83881,3.83495,1,1.5
04.08.2021 00:01:10.021,3.8388,3.83495,1,1.5
04.08.2021 00:01:10.188,3.83881,3.83495,1,1.5
04.08.2021 00:01:10.424,3.8388199999999997,3.83487,1,1
04.08.2021 00:01:10.626,3.83881,3.8348800000000005,1,1
04.08.2021 00:01:10.828,3.83881,3.83532,1,1
04.08.2021 00:01:12.215,3.8388300000000006,3.8353400000000004,1,1
04.08.2021 00:01:14.061,3.8388300000000006,3.8353400000000004,1,1
04.08.2021 00:01:21.386,3.8388400000000003,3.8353699999999997,1,1
04.08.2021 00:01:23.138,3.8388500000000003,3.83536,1,1
04.08.2021 00:01:25.020,3.8387400000000005,3.83527,1,1
04.08.2021 00:01:25.205,3.83875,3.83526,1,1
04.08.2021 00:01:29.682,3.8387400000000005,3.83527,1,1
04.08.2021 00:01:37.912,3.83875,3.83526,1,1
04.08.2021 00:01:38.113,3.8388400000000003,3.83535,1,1
04.08.2021 00:01:40.139,3.83891,3.8354500000000002,1.62,1
04.08.2021 00:01:40.325,3.8389,3.8354300000000006,1.5,1
04.08.2021 00:01:43.268,3.83891,3.83542,1.5,1
04.08.2021 00:01:43.468,3.83891,3.83542,1.5,1
04.08.2021 00:01:43.671,3.83907,3.8355699999999997,1.5,1
04.08.2021 00:01:50.373,3.8388199999999997,3.83535,1,1
04.08.2021 00:02:17.589,3.83907,3.83552,1.5,1
04.08.2021 00:02:38.769,3.8389,3.8354300000000006,1,1
04.08.2021 00:02:42.057,3.83891,3.83542,1,1
04.08.2021 00:02:42.273,3.83891,3.83542,1,1
04.08.2021 00:02:42.374,3.8390500000000003,3.8355900000000003,1,1
04.08.2021 00:02:42.478,3.83915,3.8356800000000004,1,1
04.08.2021 00:02:42.636,3.8393800000000007,3.8358800000000004,1.5,1
04.08.2021 00:02:45.372,3.83922,3.8357300000000003,1.62,1.5
04.08.2021 00:02:46.038,3.83921,3.8357400000000004,1.62,1.5
04.08.2021 00:02:46.214,3.8391300000000004,3.8357400000000004,1,1
04.08.2021 00:02:46.365,3.8393400000000004,3.83587,1,1
04.08.2021 00:02:46.546,3.83971,3.83622,1,1
04.08.2021 00:02:46.776,3.83962,3.8361800000000006,1,1.5
04.08.2021 00:03:10.572,3.83962,3.8361300000000003,1,1
04.08.2021 00:03:10.770,3.8394800000000004,3.8359900000000002,1,1
04.08.2021 00:03:10.946,3.83947,3.8360000000000003,1,1
04.08.2021 00:03:13.532,3.8396800000000004,3.8360900000000004,1.5,1
04.08.2021 00:03:13.684,3.8396800000000004,3.8360600000000002,1.5,1
04.08.2021 00:03:13.915,3.8396800000000004,3.8361400000000003,1.5,1
04.08.2021 00:03:14.089,3.8394500000000003,3.83596,1,1
04.08.2021 00:03:15.531,3.83967,3.83617,1.5,1
04.08.2021 00:03:16.161,3.8396500000000002,3.83616,1,1
04.08.2021 00:03:16.463,3.8396500000000002,3.83616,1,1
04.08.2021 00:03:18.794,3.8396500000000002,3.83616,1,1
04.08.2021 00:03:21.887,3.8396800000000004,3.8360000000000003,1.5,1
04.08.2021 00:03:29.532,3.8394900000000005,3.8360000000000003,1,1
04.08.2021 00:03:33.927,3.8395800000000007,3.8361800000000006,1.5,1
04.08.2021 00:03:34.028,3.83966,3.83619,1.5,1
04.08.2021 00:03:34.237,3.8396900000000005,3.8362000000000003,1,1
04.08.2021 00:03:34.528,3.8396900000000005,3.8362000000000003,1,1
04.08.2021 00:03:47.050,3.8397,3.8362300000000005,1,1
04.08.2021 00:03:51.432,3.83971,3.83622,1,1
04.08.2021 00:03:51.635,3.8399800000000006,3.8364300000000005,1.5,1
04.08.2021 00:03:53.658,3.8399800000000006,3.8364300000000005,1.5,1
04.08.2021 00:04:03.843,3.8401199999999998,3.8366300000000004,1.62,1
04.08.2021 00:04:03.944,3.8402800000000004,3.8367,1.5,1
04.08.2021 00:04:04.257,3.8402800000000004,3.83682,1.5,1
04.08.2021 00:04:04.506,3.8403300000000007,3.83686,1,1
04.08.2021 00:04:05.673,3.8402300000000005,3.83676,1,1
04.08.2021 00:04:06.528,3.8403199999999997,3.8368300000000004,1,1
04.08.2021 00:04:06.682,3.84039,3.8369,1,1
04.08.2021 00:04:18.727,3.8403800000000006,3.83691,1,1
04.08.2021 00:04:20.538,3.84057,3.83697,1.5,1
04.08.2021 00:04:22.352,3.8405800000000005,3.83696,1.5,1
04.08.2021 00:04:24.129,3.8405800000000005,3.83696,1.5,1
04.08.2021 00:04:26.930,3.8403500000000004,3.83686,1,1
04.08.2021 00:04:27.337,3.84041,3.8369400000000002,1.62,1
04.08.2021 00:04:27.539,3.84042,3.8369300000000006,1.62,1
04.08.2021 00:04:28.588,3.8403800000000006,3.8368900000000004,1,1
04.08.2021 00:04:30.227,3.8405800000000005,3.83696,1.5,1
04.08.2021 00:04:30.430,3.8405800000000005,3.83696,1.5,1
04.08.2021 00:04:38.892,3.8405800000000005,3.83697,1.5,1
04.08.2021 00:04:43.297,3.84037,3.8369800000000005,1.5,1
04.08.2021 00:04:44.089,3.84057,3.8369800000000005,1.5,1
04.08.2021 00:04:46.236,3.8406900000000004,3.8373300000000006,1.5,1
04.08.2021 00:04:46.877,3.84046,3.8369500000000003,1,1
04.08.2021 00:04:49.159,3.84046,3.8369500000000003,1,1
04.08.2021 00:04:57.387,3.84057,3.83705,1,1
04.08.2021 00:04:58.876,3.8406400000000005,3.8371300000000006,1,1
04.08.2021 00:04:59.279,3.8406300000000004,3.83714,1,1
04.08.2021 00:04:59.330,3.8406400000000005,3.8371300000000006,1,1
04.08.2021 00:04:59.534,3.8405,3.83699,1,1
04.08.2021 00:05:00.733,3.84057,3.83705,1,1
04.08.2021 00:05:01.404,3.84086,3.8373500000000003,1,1
04.08.2021 00:05:04.956,3.84099,3.8373800000000005,1,1.62
04.08.2021 00:05:05.057,3.84106,3.8375000000000004,1,1
04.08.2021 00:05:05.301,3.8412,3.83772,1,1
04.08.2021 00:05:06.277,3.84099,3.83752,1,1
04.08.2021 00:05:06.824,3.84099,3.83752,1,1
04.08.2021 00:05:06.875,3.8410699999999998,3.8376,1,1
04.08.2021 00:05:07.073,3.8411500000000003,3.83766,1,1
04.08.2021 00:05:12.723,3.8411800000000005,3.83766,1.5,1
04.08.2021 00:05:12.923,3.8411800000000005,3.83756,1.5,1
04.08.2021 00:05:13.529,3.8411800000000005,3.8376300000000003,1.5,1
04.08.2021 00:05:13.829,3.84117,3.8376400000000004,1.5,1
04.08.2021 00:05:13.992,3.8411800000000005,3.8376300000000003,1.5,1
04.08.2021 00:05:15.387,3.8411800000000005,3.8376300000000003,1.5,1
04.08.2021 00:05:17.289,3.84092,3.8374300000000003,1,1
04.08.2021 00:05:18.556,3.84091,3.8374400000000004,1,1
04.08.2021 00:05:18.756,3.84092,3.8374300000000003,1,1
04.08.2021 00:05:20.537,3.84117,3.83754,1.5,1
04.08.2021 00:05:27.106,3.8411800000000005,3.83765,1.5,1
04.08.2021 00:05:27.552,3.84117,3.83766,1.5,1
04.08.2021 00:05:31.240,3.8410100000000003,3.8375800000000004,1.62,1
04.08.2021 00:05:31.755,3.8408900000000004,3.83742,1,1
04.08.2021 00:05:34.035,3.8411800000000005,3.8375300000000006,1.5,1
04.08.2021 00:05:36.240,3.8411800000000005,3.83762,1.5,1
04.08.2021 00:05:37.513,3.84117,3.83756,1.5,1
04.08.2021 00:05:37.744,3.8411800000000005,3.83761,1.5,1
04.08.2021 00:05:40.053,3.84117,3.83762,1.5,1
04.08.2021 00:05:40.104,3.8411800000000005,3.83761,1.5,1
04.08.2021 00:05:42.529,3.84117,3.83756,1.5,1
04.08.2021 00:05:44.617,3.8411800000000005,3.8376,1.5,1
04.08.2021 00:05:51.101,3.84117,3.8375900000000005,1.5,1
04.08.2021 00:05:57.251,3.8411800000000005,3.83752,1.5,1
04.08.2021 00:06:04.392,3.8412699999999997,3.83776,1,1
04.08.2021 00:06:15.616,3.84145,3.8379300000000005,1,1
04.08.2021 00:06:18.535,3.84145,3.8379300000000005,1,1
04.08.2021 00:06:18.737,3.8413800000000005,3.83786,1,1
04.08.2021 00:06:24.933,3.8411500000000003,3.83766,1,1
04.08.2021 00:06:25.674,3.8413000000000004,3.83786,1,1
04.08.2021 00:06:28.864,3.8414699999999997,3.83791,1.5,1
04.08.2021 00:06:29.066,3.8416300000000003,3.8381600000000002,1,1
04.08.2021 00:06:29.236,3.8416400000000004,3.83815,1,1
04.08.2021 00:06:31.502,3.8416400000000004,3.83815,1,1
04.08.2021 00:06:31.824,3.84154,3.8380500000000004,1,1
04.08.2021 00:06:31.995,3.84154,3.8380500000000004,1,1
04.08.2021 00:06:32.045,3.84154,3.8380500000000004,1,1
04.08.2021 00:06:32.543,3.84141,3.83794,1,1
04.08.2021 00:06:38.904,3.8414800000000007,3.83797,1,1
04.08.2021 00:06:39.106,3.8413800000000005,3.83787,1,1
04.08.2021 00:06:49.086,3.8415800000000004,3.83807,1,1
04.08.2021 00:06:59.275,3.8413900000000005,3.83792,1,1
04.08.2021 00:07:02.267,3.8413300000000006,3.83785,1,1
04.08.2021 00:07:03.261,3.8412300000000004,3.83776,1,1
04.08.2021 00:07:03.363,3.8411800000000005,3.8376900000000003,1,1
04.08.2021 00:07:11.928,3.84117,3.83761,1.5,1
04.08.2021 00:07:20.387,3.84117,3.83757,1.5,1
04.08.2021 00:07:21.203,3.84117,3.8376300000000003,1.5,1
04.08.2021 00:07:30.372,3.8412800000000007,3.8377900000000005,1,1
04.08.2021 00:07:33.518,3.8412800000000007,3.8377900000000005,1,1
04.08.2021 00:07:35.516,3.84111,3.8376699999999997,1,1
04.08.2021 00:07:37.946,3.8410900000000003,3.8376,1,1
04.08.2021 00:07:40.547,3.8411500000000003,3.83766,1,1
04.08.2021 00:07:41.770,3.84114,3.8376699999999997,1,1
04.08.2021 00:07:42.782,3.8411500000000003,3.83766,1,1
04.08.2021 00:07:42.985,3.8411500000000003,3.83766,1,1
04.08.2021 00:07:45.726,3.84132,3.8378300000000003,1.62,1
04.08.2021 00:07:45.924,3.8414800000000007,3.83794,1.5,1
04.08.2021 00:07:47.283,3.8414800000000007,3.83794,1.5,1
04.08.2021 00:07:47.484,3.8414800000000007,3.83794,1.5,1
04.08.2021 00:07:49.946,3.8414800000000007,3.83797,1.5,1
04.08.2021 00:07:53.360,3.8414699999999997,3.8379800000000004,1.5,1
04.08.2021 00:07:54.012,3.8414800000000007,3.83797,1.5,1
04.08.2021 00:08:02.525,3.8414800000000007,3.8378800000000006,1.5,1
04.08.2021 00:08:17.615,3.84154,3.8380300000000003,1,1
04.08.2021 00:08:25.550,3.84156,3.83807,1,1
04.08.2021 00:08:27.297,3.84176,3.83827,1,1
04.08.2021 00:08:28.266,3.84207,3.8384400000000003,1.5,1
04.08.2021 00:08:34.156,3.84205,3.83856,1,1
04.08.2021 00:08:38.035,3.8420800000000006,3.8386,1,1
04.08.2021 00:08:38.188,3.8420800000000006,3.8386,1,1
04.08.2021 00:08:43.820,3.84205,3.8385400000000005,1,1
04.08.2021 00:08:43.973,3.84205,3.8385400000000005,1,1
04.08.2021 00:08:44.176,3.8420400000000003,3.83855,1,1
04.08.2021 00:08:44.877,3.8419300000000005,3.83847,1,1
04.08.2021 00:08:45.034,3.8419300000000005,3.83847,1,1
04.08.2021 00:08:46.542,3.8420199999999998,3.83851,1,1
04.08.2021 00:08:47.914,3.84194,3.8384300000000007,1,1
04.08.2021 00:08:49.529,3.84211,3.8384500000000004,1,1
04.08.2021 00:09:00.269,3.84211,3.8384500000000004,1,1
04.08.2021 00:09:00.486,3.84211,3.8384500000000004,1,1
04.08.2021 00:09:00.536,3.842,3.83835,1,1
04.08.2021 00:09:00.733,3.842,3.83835,1,1
04.08.2021 00:09:03.450,3.8417900000000005,3.8381600000000002,1,1
04.08.2021 00:09:03.607,3.8417900000000005,3.8381600000000002,1,1
04.08.2021 00:09:09.388,3.8417900000000005,3.8381600000000002,1,1
04.08.2021 00:09:10.665,3.8415500000000002,3.83806,1,1
04.08.2021 00:09:18.547,3.84151,3.8380199999999998,1,1
04.08.2021 00:09:19.884,3.84151,3.8380199999999998,1,1
04.08.2021 00:09:20.178,3.8414900000000003,3.83795,1,1
04.08.2021 00:09:55.267,3.84131,3.8378400000000004,1,1
04.08.2021 00:09:55.478,3.84126,3.83777,1,1
04.08.2021 00:10:01.646,3.84126,3.83777,1,1
04.08.2021 00:10:02.166,3.8412800000000007,3.8377900000000005,1,1
04.08.2021 00:10:04.757,3.8410699999999998,3.83761,1,1
04.08.2021 00:10:12.117,3.84099,3.8375000000000004,1,1
04.08.2021 00:10:35.170,3.8410699999999998,3.8375800000000004,1,1
04.08.2021 00:10:35.751,3.8410699999999998,3.8375800000000004,1,1
04.08.2021 00:10:36.589,3.8410699999999998,3.8375800000000004,1,1
04.08.2021 00:10:36.893,3.8410699999999998,3.8375800000000004,1,1
04.08.2021 00:10:37.776,3.8410100000000003,3.83752,1,1
04.08.2021 00:10:37.928,3.8409500000000003,3.83746,1,1
04.08.2021 00:11:01.248,3.8407500000000003,3.83726,1,1
04.08.2021 00:11:03.315,3.84081,3.83732,1,1
04.08.2021 00:11:03.366,3.8408800000000003,3.8373900000000005,1,1
04.08.2021 00:11:03.634,3.84117,3.83754,1.5,1
04.08.2021 00:11:29.466,3.8411800000000005,3.8375300000000006,1.5,1
04.08.2021 00:11:40.561,3.8408900000000004,3.8374,1,1
04.08.2021 00:11:42.601,3.8408900000000004,3.8374,1,1
04.08.2021 00:11:43.561,3.84096,3.8375000000000004,1,1
04.08.2021 00:11:56.270,3.84097,3.8374900000000003,1,1
04.08.2021 00:11:56.472,3.84097,3.8374900000000003,1,1
04.08.2021 00:11:59.699,3.84097,3.8374900000000003,1,1
04.08.2021 00:12:02.034,3.84096,3.8375000000000004,1,1
04.08.2021 00:12:02.361,3.84097,3.8374900000000003,1,1
04.08.2021 00:12:06.157,3.8410300000000004,3.83754,1,1
04.08.2021 00:12:06.975,3.8410300000000004,3.83752,1,1
04.08.2021 00:12:16.613,3.841,3.83751,1,1
04.08.2021 00:12:21.742,3.8409400000000002,3.83742,1,1
04.08.2021 00:12:24.387,3.8409400000000002,3.83742,1,1
04.08.2021 00:12:24.973,3.8409400000000002,3.83742,1,1
04.08.2021 00:12:30.299,3.8409400000000002,3.83742,1,1
04.08.2021 00:12:34.618,3.8410800000000003,3.83757,1,1
04.08.2021 00:12:47.421,3.8410800000000003,3.83757,1,1
04.08.2021 00:12:47.653,3.84105,3.83756,1,1
04.08.2021 00:13:02.166,3.8410400000000005,3.8375300000000006,1,1
04.08.2021 00:13:06.826,3.8410300000000004,3.83754,1,1
04.08.2021 00:13:07.479,3.8410400000000005,3.83712,1,1.5
04.08.2021 00:13:07.888,3.84097,3.83746,1,1
04.08.2021 00:13:08.705,3.84096,3.8374699999999997,1,1
04.08.2021 00:13:08.906,3.84097,3.83746,1,1
04.08.2021 00:13:09.150,3.84097,3.83746,1,1
04.08.2021 00:13:09.349,3.84096,3.8374699999999997,1,1
04.08.2021 00:13:11.388,3.84097,3.83746,1,1
04.08.2021 00:13:13.075,3.84097,3.83746,1,1
04.08.2021 00:13:14.886,3.84102,3.8374800000000007,1,1
04.08.2021 00:13:15.667,3.84096,3.8374300000000003,1,1
04.08.2021 00:13:20.647,3.84091,3.83737,1,1
04.08.2021 00:13:23.735,3.8408300000000004,3.8372900000000003,1,1
04.08.2021 00:13:24.796,3.8409,3.83736,1,1
04.08.2021 00:13:30.962,3.8409,3.83736,1,1
04.08.2021 00:13:40.857,3.8409,3.8373900000000005,1,1
04.08.2021 00:13:41.061,3.8408400000000005,3.8373300000000006,1,1
04.08.2021 00:14:02.167,3.8408400000000005,3.8373300000000006,1,1
04.08.2021 00:14:03.104,3.84082,3.83734,1,1
04.08.2021 00:14:03.205,3.84082,3.83734,1,1
04.08.2021 00:14:05.760,3.84082,3.83734,1,1
04.08.2021 00:14:06.193,3.84082,3.83734,1,1
04.08.2021 00:14:07.928,3.84082,3.83734,1,1
04.08.2021 00:14:08.130,3.84077,3.8372800000000007,1,1
04.08.2021 00:14:09.318,3.84077,3.8372800000000007,1,1
04.08.2021 00:14:18.526,3.8407800000000005,3.8372699999999997,1,1
04.08.2021 00:14:19.813,3.84071,3.8372300000000004,1,1
04.08.2021 00:14:19.969,3.84071,3.8372300000000004,1,1
04.08.2021 00:14:20.440,3.84071,3.8372300000000004,1,1
04.08.2021 00:14:20.644,3.84087,3.83736,1,1
04.08.2021 00:14:26.830,3.8408800000000003,3.83736,1,1
04.08.2021 00:14:27.414,3.84087,3.83737,1,1
04.08.2021 00:14:30.481,3.8408800000000003,3.83736,1,1
04.08.2021 00:14:31.512,3.8409400000000002,3.8374300000000003,1,1
04.08.2021 00:14:33.571,3.84117,3.8375900000000005,1.5,1
04.08.2021 00:14:38.040,3.8411800000000005,3.8375800000000004,1.5,1
04.08.2021 00:14:38.589,3.8411800000000005,3.8375800000000004,1.5,1
04.08.2021 00:14:40.373,3.84082,3.8373000000000004,1,1
04.08.2021 00:15:15.800,3.84081,3.83731,1,1
04.08.2021 00:15:16.000,3.84081,3.83731,1,1
04.08.2021 00:15:20.325,3.84077,3.8372900000000003,1,1
04.08.2021 00:15:20.533,3.84067,3.8371300000000006,1,1
04.08.2021 00:15:20.721,3.8406000000000002,3.83706,1,1
04.08.2021 00:15:21.125,3.84076,3.83716,1,1
04.08.2021 00:15:25.672,3.84065,3.83711,1,1
04.08.2021 00:15:26.889,3.8408800000000003,3.8372,1.5,1
04.08.2021 00:15:27.715,3.84067,3.8371300000000006,1,1
04.08.2021 00:15:28.350,3.84066,3.83714,1,1
04.08.2021 00:15:34.185,3.8408800000000003,3.8371900000000005,1.5,1
04.08.2021 00:15:35.971,3.8406300000000004,3.8370900000000003,1,1
04.08.2021 00:15:39.016,3.8407800000000005,3.8372699999999997,1,1
04.08.2021 00:15:49.900,3.8406800000000003,3.83714,1,1
04.08.2021 00:15:51.406,3.8406800000000003,3.8372300000000004,1.5,1
04.08.2021 00:15:56.995,3.8406800000000003,3.8372300000000004,1.5,1
04.08.2021 00:15:57.198,3.8408400000000005,3.8373300000000006,1,1
04.08.2021 00:15:58.130,3.8408300000000004,3.8372900000000003,1,1
04.08.2021 00:16:04.087,3.8408,3.8372699999999997,1,1
04.08.2021 00:16:06.435,3.8408,3.8372699999999997,1,1
04.08.2021 00:16:12.510,3.8408,3.8372699999999997,1,1
04.08.2021 00:16:17.786,3.8407800000000005,3.83726,1,1
04.08.2021 00:16:18.291,3.8407800000000005,3.83726,1,1
04.08.2021 00:16:22.643,3.8407800000000005,3.83726,1,1
04.08.2021 00:16:22.843,3.84087,3.83734,1,1
04.08.2021 00:16:24.577,3.84082,3.83731,1,1
04.08.2021 00:16:26.791,3.8408300000000004,3.8373000000000004,1,1
04.08.2021 00:16:33.885,3.84091,3.8373800000000005,1,1
04.08.2021 00:16:34.135,3.8408800000000003,3.83732,1,1
04.08.2021 00:16:34.375,3.84087,3.8373300000000006,1,1
04.08.2021 00:16:35.331,3.84086,3.83734,1,1
04.08.2021 00:16:58.220,3.84082,3.8372400000000004,1,1
04.08.2021 00:16:58.421,3.84082,3.8372400000000004,1,1
04.08.2021 00:17:07.980,3.84061,3.83706,1,1
04.08.2021 00:17:09.489,3.84062,3.83705,1,1
04.08.2021 00:17:09.899,3.84087,3.8371800000000005,1.5,1
04.08.2021 00:17:10.096,3.8409,3.8373500000000003,1,1
04.08.2021 00:17:14.630,3.8408400000000005,3.8373000000000004,1,1
04.08.2021 00:17:25.661,3.84079,3.8372400000000004,1,1
04.08.2021 00:17:28.712,3.8407500000000003,3.83717,1,1
04.08.2021 00:17:32.335,3.8406800000000003,3.83711,1,1
04.08.2021 00:17:47.645,3.8406900000000004,3.8371000000000004,1,1
04.08.2021 00:17:49.572,3.8406800000000003,3.83711,1,1
04.08.2021 00:17:51.829,3.84061,3.83702,1,1
04.08.2021 00:17:52.538,3.84061,3.83702,1,1
04.08.2021 00:17:52.739,3.84061,3.83702,1,1
04.08.2021 00:17:58.312,3.8405,3.8368300000000004,1,1.5
04.08.2021 00:17:58.928,3.8405,3.8368300000000004,1,1.5
04.08.2021 00:18:03.541,3.8405400000000003,3.837,1,1
04.08.2021 00:18:18.523,3.8405400000000003,3.837,1,1
04.08.2021 00:18:38.888,3.8405500000000004,3.83699,1,1
04.08.2021 00:18:46.387,3.8405500000000004,3.83699,1,1
04.08.2021 00:18:46.675,3.8405500000000004,3.83699,1,1
04.08.2021 00:18:54.386,3.8405500000000004,3.83699,1,1
04.08.2021 00:19:02.388,3.8405500000000004,3.83699,1,1
04.08.2021 00:19:05.681,3.8412699999999997,3.83659,1.5,1.5
04.08.2021 00:19:05.890,3.8408800000000003,3.83717,1.5,1
04.08.2021 00:19:10.028,3.84087,3.8371800000000005,1.5,1
04.08.2021 00:19:20.609,3.84087,3.8371800000000005,1.5,1
04.08.2021 00:19:20.857,3.8408400000000005,3.83726,1,1
04.08.2021 00:19:21.204,3.8408400000000005,3.83726,1,1
04.08.2021 00:19:23.067,3.8408300000000004,3.8372699999999997,1,1
04.08.2021 00:19:23.469,3.8408800000000003,3.83732,1.5,1
04.08.2021 00:19:25.071,3.84091,3.83732,1,1
04.08.2021 00:19:38.002,3.84077,3.8372100000000002,1,1
04.08.2021 00:19:43.030,3.84077,3.8372100000000002,1,1
04.08.2021 00:19:43.234,3.84086,3.8372699999999997,1,1
04.08.2021 00:19:49.142,3.8409400000000002,3.8373500000000003,1,1
04.08.2021 00:19:49.904,3.8409400000000002,3.8373500000000003,1,1
04.08.2021 00:19:50.960,3.84087,3.8373000000000004,1,1
04.08.2021 00:19:51.113,3.8408800000000003,3.8372900000000003,1,1
04.08.2021 00:19:55.422,3.84082,3.8372300000000004,1,1
04.08.2021 00:20:03.975,3.84082,3.8372300000000004,1,1
04.08.2021 00:20:11.670,3.84081,3.8372400000000004,1,1
04.08.2021 00:20:11.885,3.8407500000000003,3.83717,1,1
04.08.2021 00:20:15.056,3.8407,3.8371300000000006,1,1
04.08.2021 00:20:15.427,3.8406900000000004,3.83714,1,1
04.08.2021 00:20:19.217,3.8407,3.8371300000000006,1,1
04.08.2021 00:20:22.902,3.84087,3.83731,1,1
04.08.2021 00:20:49.989,3.84096,3.83742,1,1
04.08.2021 00:20:50.149,3.8409500000000003,3.8374300000000003,1,1
04.08.2021 00:21:08.201,3.8409500000000003,3.8374300000000003,1,1
04.08.2021 00:21:08.400,3.8408800000000003,3.83737,1,1
04.08.2021 00:21:20.719,3.8409800000000005,3.8374400000000004,1,1
04.08.2021 00:21:25.687,3.84097,3.8374400000000004,1,1
04.08.2021 00:21:26.945,3.84096,3.83745,1,1
04.08.2021 00:21:36.458,3.8411000000000004,3.8375800000000004,1,1
04.08.2021 00:21:37.597,3.8410300000000004,3.83754,1,1
04.08.2021 00:21:38.005,3.8410400000000005,3.8375300000000006,1,1
04.08.2021 00:21:45.996,3.84111,3.8375900000000005,1,1
04.08.2021 00:21:49.016,3.84111,3.8375900000000005,1,1
04.08.2021 00:22:16.340,3.8411000000000004,3.8376,1,1
04.08.2021 00:22:17.355,3.8412900000000003,3.8377800000000004,1,1
04.08.2021 00:22:17.551,3.8412900000000003,3.8377800000000004,1,1
04.08.2021 00:22:20.119,3.8413000000000004,3.83777,1,1
04.08.2021 00:22:32.869,3.84122,3.8376900000000003,1,1
04.08.2021 00:23:06.139,3.84126,3.83775,1,1
04.08.2021 00:23:23.611,3.84126,3.83775,1,1
04.08.2021 00:23:25.117,3.84125,3.83776,1,1
04.08.2021 00:23:32.699,3.84136,3.83782,1,1
04.08.2021 00:23:37.150,3.8414300000000003,3.8379000000000003,1,1
04.08.2021 00:23:44.565,3.8413900000000005,3.83785,1,1
04.08.2021 00:23:44.720,3.84146,3.83794,1,1
04.08.2021 00:23:44.921,3.84137,3.8377300000000005,1,1.5
04.08.2021 00:24:02.229,3.84152,3.8379900000000005,1,1
04.08.2021 00:24:05.193,3.84146,3.8379300000000005,1,1
04.08.2021 00:24:07.861,3.84146,3.8379300000000005,1,1
04.08.2021 00:24:08.062,3.84146,3.8379300000000005,1,1
04.08.2021 00:24:28.497,3.84151,3.8379900000000005,1,1
04.08.2021 00:24:28.699,3.8414,3.83786,1,1
04.08.2021 00:24:59.819,3.84152,3.83801,1,1
04.08.2021 00:25:10.609,3.84142,3.83791,1,1
04.08.2021 00:25:20.150,3.8414300000000003,3.8379000000000003,1,1
04.08.2021 00:25:20.804,3.84136,3.83772,1,1.5
04.08.2021 00:25:22.022,3.84136,3.83772,1,1.5
04.08.2021 00:25:39.602,3.8414900000000003,3.8379800000000004,1,1
04.08.2021 00:25:40.123,3.84146,3.8379000000000003,1,1
04.08.2021 00:25:45.669,3.8412400000000004,3.8377300000000005,1,1.5
04.08.2021 00:25:46.070,3.84132,3.83772,1,1.5
04.08.2021 00:25:46.275,3.84132,3.83772,1,1.5
04.08.2021 00:25:54.630,3.84131,3.8377300000000005,1,1.5
04.08.2021 00:25:54.830,3.84132,3.83772,1,1.5
04.08.2021 00:25:58.776,3.84132,3.83772,1,1.5
04.08.2021 00:25:59.016,3.84132,3.83772,1,1.5
04.08.2021 00:26:19.608,3.84132,3.83772,1,1.5
04.08.2021 00:26:21.055,3.84132,3.8378300000000003,1,1.5
04.08.2021 00:26:22.569,3.84132,3.83772,1,1.5
04.08.2021 00:26:22.770,3.84132,3.83772,1,1.5
04.08.2021 00:26:41.734,3.84132,3.83772,1.62,1.5
04.08.2021 00:26:43.535,3.84132,3.83772,1.62,1.5
04.08.2021 00:26:44.004,3.84132,3.83772,1.62,1.5
04.08.2021 00:26:46.498,3.84132,3.83772,1.62,1.5
04.08.2021 00:26:49.018,3.84126,3.83772,1,1.5
04.08.2021 00:27:04.157,3.84125,3.8377300000000005,1,1.5
04.08.2021 00:27:04.358,3.8413900000000005,3.8378300000000003,1,1
04.08.2021 00:27:12.277,3.8414400000000004,3.8378800000000006,1,1.62
04.08.2021 00:27:13.388,3.8415900000000005,3.8380500000000004,1,1
04.08.2021 00:27:13.589,3.8415800000000004,3.83806,1,1
04.08.2021 00:27:25.617,3.84152,3.8379600000000003,1,1
04.08.2021 00:27:29.389,3.84151,3.8380300000000003,1,1.5
04.08.2021 00:27:38.919,3.84142,3.8380199999999998,1,1.5
04.08.2021 00:27:43.920,3.8414800000000007,3.83772,1.5,1.5
04.08.2021 00:27:54.620,3.8414800000000007,3.83772,1.5,1.5
04.08.2021 00:28:31.387,3.8414800000000007,3.83772,1.5,1.5
04.08.2021 00:28:34.423,3.8412699999999997,3.8377300000000005,1.5,1.5
04.08.2021 00:28:37.257,3.8414699999999997,3.8377300000000005,1.5,1.5
04.08.2021 00:28:48.262,3.8413000000000004,3.8378300000000003,1,1.5
04.08.2021 00:28:50.074,3.8412300000000004,3.8376699999999997,1,1
04.08.2021 00:28:52.368,3.84117,3.8374300000000003,1.5,1.5
04.08.2021 00:28:55.372,3.8412,3.83765,1,1
04.08.2021 00:28:59.530,3.8411900000000005,3.83766,1,1
04.08.2021 00:29:06.521,3.84116,3.8376,1.5,1
04.08.2021 00:29:17.412,3.84116,3.8376,1.5,1
04.08.2021 00:29:19.872,3.84116,3.8376,1.5,1
04.08.2021 00:29:29.625,3.841,3.8374300000000003,1,1.5
04.08.2021 00:29:29.874,3.8410100000000003,3.83742,1,1.5
04.08.2021 00:29:30.172,3.8410100000000003,3.83742,1,1.5
04.08.2021 00:29:42.358,3.8408800000000003,3.83737,1,1
04.08.2021 00:29:44.877,3.8408300000000004,3.8372900000000003,1,1.62
04.08.2021 00:29:51.015,3.8408400000000005,3.8372800000000007,1,1.62
04.08.2021 00:30:00.139,3.8409,3.83736,1,1
04.08.2021 00:30:01.990,3.84091,3.8373500000000003,1,1
04.08.2021 00:30:04.397,3.8411800000000005,3.8375000000000004,1.5,1
04.08.2021 00:30:22.544,3.8411800000000005,3.8374699999999997,1.5,1
04.08.2021 00:30:22.747,3.84117,3.8374800000000007,1.5,1
04.08.2021 00:30:46.978,3.8411800000000005,3.8372300000000004,1.5,1.5
04.08.2021 00:30:53.234,3.8411800000000005,3.83712,1.5,1.5
04.08.2021 00:30:56.493,3.8411800000000005,3.83712,1.5,1.5
04.08.2021 00:30:59.627,3.8409800000000005,3.83712,1,1.5
04.08.2021 00:30:59.785,3.8409800000000005,3.83712,1,1.5
04.08.2021 00:31:03.348,3.8411800000000005,3.83712,1.5,1.5
04.08.2021 00:31:03.499,3.84096,3.83712,1,1.5
04.08.2021 00:31:06.728,3.84086,3.83712,1,1
04.08.2021 00:31:06.886,3.84086,3.83712,1,1.5
04.08.2021 00:31:44.533,3.84085,3.8371300000000006,1,1
04.08.2021 00:31:44.734,3.84086,3.83712,1,1.5
04.08.2021 00:31:59.128,3.84092,3.8371300000000006,1,1.5
04.08.2021 00:32:00.093,3.84099,3.83712,1,1.5
04.08.2021 00:32:00.145,3.84099,3.83712,1,1.5
04.08.2021 00:32:07.327,3.84102,3.83712,1.62,1
04.08.2021 00:32:07.485,3.84092,3.83712,1,1.5
04.08.2021 00:32:07.687,3.8411800000000005,3.83712,1.5,1.5
04.08.2021 00:32:11.373,3.8408900000000004,3.8371300000000006,1,1
04.08.2021 00:32:11.541,3.84099,3.83712,1,1.5
04.08.2021 00:32:11.743,3.84117,3.8371300000000006,1.5,1.5
04.08.2021 00:32:12.468,3.8411800000000005,3.83712,1.5,1
04.08.2021 00:32:12.624,3.84117,3.8371300000000006,1.5,1.5
04.08.2021 00:32:15.467,3.8408900000000004,3.83682,1,1.5
04.08.2021 00:32:15.901,3.84096,3.83712,1,1.5
04.08.2021 00:32:16.084,3.84096,3.83712,1,1.5
04.08.2021 00:32:21.616,3.84079,3.8371300000000006,1,1.5
04.08.2021 00:32:25.356,3.84079,3.8371300000000006,1,1.5
04.08.2021 00:32:26.395,3.8408,3.83712,1,1.5
04.08.2021 00:32:26.598,3.84102,3.83712,1.62,1.5
04.08.2021 00:32:26.815,3.8409800000000005,3.837,1,1
04.08.2021 00:32:27.007,3.84079,3.8369400000000002,1,1
04.08.2021 00:32:32.636,3.8408400000000005,3.83712,1,1
04.08.2021 00:32:32.793,3.8408300000000004,3.8371300000000006,1,1.5
04.08.2021 00:32:34.315,3.8408400000000005,3.83712,1,1.5
04.08.2021 00:32:39.636,3.8407,3.83712,1,1
04.08.2021 00:32:39.794,3.8407,3.83712,1,1.5
04.08.2021 00:32:46.748,3.8407,3.83712,1,1.5
04.08.2021 00:32:49.451,3.8407,3.83712,1,1.5
04.08.2021 00:32:50.871,3.8407,3.83712,1,1.5
04.08.2021 00:32:51.071,3.8407,3.83712,1,1.5
04.08.2021 00:33:02.474,3.8408800000000003,3.83712,1.5,1.5
04.08.2021 00:33:03.216,3.8408800000000003,3.83712,1.5,1.5
04.08.2021 00:33:09.201,3.84087,3.8368300000000004,1.5,1.5
04.08.2021 00:33:10.863,3.84067,3.8367199999999997,1,1.5
04.08.2021 00:33:11.097,3.84056,3.83671,1,1.5
04.08.2021 00:33:11.296,3.84056,3.83665,1,1
04.08.2021 00:33:11.532,3.8403300000000007,3.8365199999999997,1,1.5
04.08.2021 00:33:17.506,3.84057,3.8365199999999997,1,1.5
04.08.2021 00:33:17.704,3.84039,3.8365300000000007,1,1.5
04.08.2021 00:33:17.906,3.84057,3.8365300000000007,1.5,1.5
04.08.2021 00:33:18.108,3.84057,3.8365300000000007,1.5,1.5
04.08.2021 00:33:25.639,3.8409400000000002,3.8365199999999997,1.9,1.5
04.08.2021 00:33:25.795,3.8409300000000006,3.8365300000000007,1.9,1.5
04.08.2021 00:33:28.404,3.8409300000000006,3.8365300000000007,1.9,1.5
04.08.2021 00:33:29.406,3.8406900000000004,3.8366900000000004,1,1
04.08.2021 00:33:35.889,3.84071,3.83682,1,1.5
04.08.2021 00:33:39.639,3.84071,3.83682,1.5,1.5
04.08.2021 00:33:39.796,3.84071,3.83682,1.5,1.5
04.08.2021 00:33:43.639,3.84087,3.8368300000000004,1.5,1.5
04.08.2021 00:33:43.797,3.84087,3.8368300000000004,1.5,1.5
04.08.2021 00:33:44.640,3.84087,3.8368300000000004,1.5,1.5
04.08.2021 00:33:44.796,3.8408800000000003,3.83682,1.5,1.5
04.08.2021 00:33:57.641,3.8407,3.8368300000000004,1.5,1.5
04.08.2021 00:33:57.798,3.8407,3.8368300000000004,1.5,1.5
04.08.2021 00:34:04.314,3.8407,3.8368300000000004,1.5,1.5
04.08.2021 00:34:05.035,3.8410300000000004,3.8371300000000006,1.9,1
04.08.2021 00:34:05.208,3.8408800000000003,3.83712,1.5,1.5
04.08.2021 00:34:14.540,3.8408800000000003,3.83712,1.5,1
04.08.2021 00:34:14.742,3.84067,3.8371300000000006,1.5,1.5
04.08.2021 00:34:19.594,3.8408800000000003,3.83712,1.5,1
04.08.2021 00:34:19.749,3.8408800000000003,3.83686,1.5,1
04.08.2021 00:34:19.799,3.8408800000000003,3.83686,1.5,1
04.08.2021 00:34:21.017,3.84087,3.8371300000000006,1.5,1.5
04.08.2021 00:34:23.288,3.8408800000000003,3.83712,1.5,1.5
04.08.2021 00:34:26.220,3.8408800000000003,3.83712,1.5,1.5
04.08.2021 00:34:34.586,3.8408800000000003,3.83712,1.5,1.5
04.08.2021 00:34:35.213,3.8408800000000003,3.83712,1.5,1.5
04.08.2021 00:34:35.902,3.8408800000000003,3.83712,1.5,1.5
04.08.2021 00:34:36.104,3.84087,3.8371300000000006,1.5,1.5
04.08.2021 00:34:37.657,3.8408800000000003,3.83712,1.5,1.5
04.08.2021 00:34:42.930,3.84117,3.83712,1.8,1.5
04.08.2021 00:34:43.951,3.84116,3.8371300000000006,1.8,1.5
04.08.2021 00:34:45.422,3.84117,3.83712,1.8,1.5
04.08.2021 00:34:47.984,3.8408800000000003,3.83712,1.5,1.5
04.08.2021 00:34:52.450,3.84087,3.8371300000000006,1.5,1.5
04.08.2021 00:34:52.652,3.84087,3.8371300000000006,1.5,1.5
04.08.2021 00:35:00.962,3.84087,3.8371300000000006,1.5,1.5
04.08.2021 00:35:01.791,3.8408800000000003,3.83712,1.5,1.5
04.08.2021 00:35:02.901,3.84087,3.8371300000000006,1.5,1.5
04.08.2021 00:35:05.470,3.8408800000000003,3.83682,1.5,1.5
04.08.2021 00:35:09.016,3.8408800000000003,3.83712,1.5,1.5
04.08.2021 00:35:09.408,3.84087,3.8371300000000006,1.5,1.5
04.08.2021 00:35:09.688,3.8408800000000003,3.83702,1.5,1.5
04.08.2021 00:35:09.840,3.84087,3.8368300000000004,1.5,1.5
04.08.2021 00:35:11.645,3.8408800000000003,3.83682,1.5,1.5
04.08.2021 00:35:11.802,3.8408800000000003,3.83682,1.5,1.5
04.08.2021 00:35:14.985,3.8408800000000003,3.83682,1.5,1.5
04.08.2021 00:35:51.218,3.8408800000000003,3.83682,1.5,1.5
04.08.2021 00:35:53.647,3.8408800000000003,3.8369300000000006,1.5,1.5
04.08.2021 00:35:53.806,3.8408800000000003,3.8369300000000006,1.5,1.5
04.08.2021 00:35:56.389,3.84087,3.8368300000000004,1.5,1.5
04.08.2021 00:35:57.662,3.8408800000000003,3.83682,1.5,1.5
04.08.2021 00:35:58.702,3.8408800000000003,3.83682,1.5,1.5
04.08.2021 00:36:00.094,3.84087,3.8368300000000004,1.5,1.5
04.08.2021 00:36:00.762,3.84087,3.8368300000000004,1.5,1.5
04.08.2021 00:36:17.684,3.84087,3.8368300000000004,1.5,1.5
04.08.2021 00:36:17.885,3.84087,3.8368300000000004,1.5,1.5
04.08.2021 00:36:25.469,3.8408800000000003,3.83682,1.5,1.5
04.08.2021 00:36:26.713,3.8408800000000003,3.83682,1.5,1.5
04.08.2021 00:36:28.041,3.8408800000000003,3.83682,1.5,1.5
04.08.2021 00:36:30.269,3.8408800000000003,3.83682,1.5,1.5
04.08.2021 00:36:44.650,3.84116,3.83682,1.9,1.5
04.08.2021 00:36:44.808,3.8411500000000003,3.8368300000000004,1.9,1.5
04.08.2021 00:36:48.651,3.84087,3.8368300000000004,1.5,1.5
04.08.2021 00:36:48.810,3.8408800000000003,3.83682,1.5,1.5
04.08.2021 00:37:21.849,3.84087,3.8368300000000004,1.5,1.5
04.08.2021 00:37:22.609,3.84077,3.83682,1,1.5
04.08.2021 00:37:22.809,3.8412400000000004,3.8368300000000004,1.9,1.5
04.08.2021 00:37:26.583,3.8408800000000003,3.83682,1.5,1.5
04.08.2021 00:37:26.786,3.8408800000000003,3.83682,1.5,1.5
04.08.2021 00:37:29.889,3.8408800000000003,3.83682,1.5,1.5
04.08.2021 00:37:32.653,3.84087,3.8368300000000004,1.5,1.5
04.08.2021 00:37:32.814,3.8408800000000003,3.83682,1.5,1.5
04.08.2021 00:37:36.492,3.8408800000000003,3.83682,1.5,1.5
04.08.2021 00:37:43.656,3.8408800000000003,3.83682,1.5,1.5
04.08.2021 00:37:43.810,3.8408800000000003,3.83682,1.5,1.5
04.08.2021 00:37:57.500,3.84087,3.8368300000000004,1.5,1.5
04.08.2021 00:38:00.937,3.8408800000000003,3.83712,1.5,1.5
04.08.2021 00:38:09.817,3.8408800000000003,3.83712,1.5,1.5
04.08.2021 00:38:28.612,3.84087,3.8371300000000006,1.5,1
04.08.2021 00:38:28.814,3.8408800000000003,3.83712,1.5,1.5
04.08.2021 00:39:01.668,3.84125,3.8365199999999997,1.5,1.5
04.08.2021 00:39:01.870,3.84125,3.8365199999999997,1.5,1.5
04.08.2021 00:39:10.615,3.84125,3.8365199999999997,1.5,1.5
04.08.2021 00:39:10.817,3.84125,3.8365199999999997,1.5,1.5
04.08.2021 00:39:18.045,3.84087,3.83682,1,1.5
04.08.2021 00:39:24.616,3.8408800000000003,3.83682,1.5,1.5
04.08.2021 00:39:24.818,3.8408800000000003,3.83682,1.5,1.5
04.08.2021 00:39:29.123,3.84087,3.8368300000000004,1.5,1.5
04.08.2021 00:39:34.047,3.8408800000000003,3.83682,1.5,1.5
04.08.2021 00:40:01.455,3.8408800000000003,3.83682,1.5,1.5
04.08.2021 00:40:08.622,3.8408800000000003,3.83682,1.5,1.5
04.08.2021 00:40:27.664,3.84087,3.8368300000000004,1.5,1.5
04.08.2021 00:40:27.823,3.84087,3.8368300000000004,1.5,1.5
04.08.2021 00:40:32.620,3.8408800000000003,3.83682,1.5,1.5
04.08.2021 00:40:32.823,3.8408800000000003,3.83682,1.5,1.5
04.08.2021 00:40:52.621,3.84087,3.8368300000000004,1.5,1.5
04.08.2021 00:40:52.823,3.8408800000000003,3.83682,1.5,1.5
04.08.2021 00:40:55.621,3.84087,3.8368300000000004,1.5,1.5
04.08.2021 00:40:55.822,3.8408800000000003,3.83682,1.5,1.5
04.08.2021 00:41:05.044,3.8408800000000003,3.83712,1.5,1.5
04.08.2021 00:41:05.431,3.84087,3.8371300000000006,1.5,1.5
04.08.2021 00:41:10.779,3.8408800000000003,3.83712,1,1.5
04.08.2021 00:41:11.797,3.84099,3.8371300000000006,1,1.5
04.08.2021 00:41:11.999,3.84099,3.8371300000000006,1,1.5
04.08.2021 00:41:25.292,3.8411800000000005,3.83712,1.5,1.5
04.08.2021 00:41:42.254,3.84117,3.8371300000000006,1.5,1.5
04.08.2021 00:41:42.559,3.8411800000000005,3.83712,1.5,1.5
04.08.2021 00:41:42.913,3.8411800000000005,3.83712,1.5,1.5
04.08.2021 00:41:44.959,3.84117,3.8371300000000006,1.5,1.5
04.08.2021 00:41:45.159,3.84117,3.8371300000000006,1.5,1.5
04.08.2021 00:41:48.809,3.84117,3.8371300000000006,1.5,1.5
04.08.2021 00:41:54.911,3.8411800000000005,3.83712,1.5,1.5
04.08.2021 00:41:59.958,3.8410300000000004,3.83712,1.5,1.5
04.08.2021 00:42:03.670,3.8409800000000005,3.83712,1.5,1.5
04.08.2021 00:42:03.826,3.8409800000000005,3.83712,1.5,1.5
04.08.2021 00:42:04.163,3.8409800000000005,3.83712,1.5,1.5
04.08.2021 00:42:04.568,3.84117,3.8371300000000006,1.5,1.5
04.08.2021 00:42:06.097,3.84117,3.8371300000000006,1.5,1.5
04.08.2021 00:42:09.351,3.84117,3.8371300000000006,1.5,1.5
04.08.2021 00:42:23.847,3.84102,3.83712,1.62,1.5
04.08.2021 00:42:24.430,3.84102,3.83712,1.62,1.5
04.08.2021 00:42:27.672,3.84117,3.8371300000000006,1.5,1.5
04.08.2021 00:42:27.830,3.84117,3.8371300000000006,1.5,1.5
04.08.2021 00:42:28.431,3.84117,3.8371300000000006,1.5,1.5
04.08.2021 00:42:28.590,3.84117,3.8371300000000006,1.5,1.5
04.08.2021 00:42:38.043,3.8411800000000005,3.83712,1.5,1.5
04.08.2021 00:42:38.246,3.8412100000000002,3.8372,1,1
04.08.2021 00:43:13.677,3.8411800000000005,3.8372800000000007,1.5,1.5
04.08.2021 00:43:13.831,3.8411800000000005,3.8372800000000007,1.5,1.5
04.08.2021 00:43:18.603,3.8411800000000005,3.8372800000000007,1.5,1.5
04.08.2021 00:43:19.617,3.8411800000000005,3.8372800000000007,1.5,1.5
04.08.2021 00:43:19.818,3.8411800000000005,3.8372800000000007,1.5,1.5
04.08.2021 00:43:21.826,3.84117,3.8371300000000006,1.5,1.5
04.08.2021 00:43:23.676,3.84097,3.83712,1,1.5
04.08.2021 00:43:23.832,3.84097,3.83712,1,1.5
04.08.2021 00:43:33.284,3.84117,3.8371300000000006,1.5,1.5
04.08.2021 00:43:45.374,3.8410100000000003,3.83712,1,1.5
04.08.2021 00:43:48.953,3.8408800000000003,3.83682,1.5,1.5
04.08.2021 00:43:58.412,3.8408800000000003,3.83682,1.5,1
04.08.2021 00:43:58.568,3.8408800000000003,3.83682,1.5,1.5
04.08.2021 00:44:28.129,3.84079,3.8367800000000005,1,1.62
04.08.2021 00:44:28.932,3.8408800000000003,3.83682,1.5,1.5
04.08.2021 00:44:39.680,3.8408800000000003,3.83682,1.5,2
04.08.2021 00:44:39.836,3.84087,3.8368300000000004,1.5,2
04.08.2021 00:44:52.682,3.8408800000000003,3.83682,1.5,2
04.08.2021 00:44:53.958,3.8408800000000003,3.83682,1.5,1.5
04.08.2021 00:44:54.162,3.8408800000000003,3.83682,1.5,1.5
04.08.2021 00:44:55.009,3.84057,3.8368300000000004,1.5,1.5
04.08.2021 00:44:55.346,3.8407199999999997,3.83682,1.62,1.5
04.08.2021 00:44:58.637,3.8407199999999997,3.83682,1.62,1.5
04.08.2021 00:44:58.839,3.8407199999999997,3.83682,1.62,1.5
04.08.2021 00:45:06.003,3.8407199999999997,3.83682,1.62,1.5
04.08.2021 00:45:06.204,3.8407199999999997,3.83682,1.62,1.5
04.08.2021 00:45:17.717,3.8408800000000003,3.83682,1.5,1.5
04.08.2021 00:45:17.878,3.8408800000000003,3.83682,1.5,1.5
04.08.2021 00:45:18.230,3.84087,3.8368300000000004,1.5,1.5
04.08.2021 00:45:19.308,3.8408800000000003,3.83682,1.5,1.5
04.08.2021 00:45:19.871,3.8405800000000005,3.83682,1.5,1.5
04.08.2021 00:45:36.949,3.8405800000000005,3.83682,1.5,1.5
04.08.2021 00:45:39.235,3.84086,3.8368300000000004,1.5,1.5
04.08.2021 00:45:40.257,3.84086,3.8368300000000004,1.5,1.5
04.08.2021 00:45:46.684,3.84071,3.8368300000000004,1.62,1.5
04.08.2021 00:45:46.841,3.8407199999999997,3.83682,1.62,1.5
04.08.2021 00:45:47.077,3.84071,3.8368300000000004,1.62,1.5
04.08.2021 00:45:57.684,3.84087,3.83661,2,1.5
04.08.2021 00:45:57.842,3.84086,3.83662,2,1.5
04.08.2021 00:46:02.165,3.84087,3.83682,2,1.5
04.08.2021 00:46:03.166,3.8406800000000003,3.8368300000000004,1,1
04.08.2021 00:46:03.322,3.8406800000000003,3.8368300000000004,1,1.5
04.08.2021 00:46:03.523,3.84086,3.8368300000000004,2,1.5
04.08.2021 00:46:09.609,3.8408800000000003,3.83682,1.5,1.5
04.08.2021 00:46:16.641,3.8408800000000003,3.83682,1.5,1.5
04.08.2021 00:46:16.841,3.8408800000000003,3.83682,1.5,1.5
04.08.2021 00:46:54.643,3.8408800000000003,3.83682,1.5,1.5
04.08.2021 00:46:54.845,3.8408800000000003,3.83682,1.5,1.5
04.08.2021 00:47:02.666,3.84087,3.8368300000000004,1.5,1.5
04.08.2021 00:47:02.911,3.8408800000000003,3.83712,1.5,1.5
04.08.2021 00:47:03.067,3.8408800000000003,3.83712,1.5,1.5
04.08.2021 00:47:03.491,3.84091,3.83712,1,1.5
04.08.2021 00:47:03.692,3.84117,3.8371300000000006,1.5,1.5
04.08.2021 00:47:05.276,3.84117,3.8371300000000006,1.5,1.5
04.08.2021 00:47:05.462,3.8411800000000005,3.83712,1.5,1.5
04.08.2021 00:47:11.718,3.8411800000000005,3.83712,1.5,1.5
04.08.2021 00:47:11.927,3.8409800000000005,3.8371300000000006,1,1.5
04.08.2021 00:47:12.954,3.841,3.8371300000000006,1,1.5
04.08.2021 00:47:13.154,3.8410100000000003,3.83712,1,1.5
04.08.2021 00:47:14.689,3.841,3.8371300000000006,1.5,1.5
04.08.2021 00:47:14.841,3.841,3.8371300000000006,1.5,1.5
04.08.2021 00:47:19.816,3.8411800000000005,3.83712,1.5,1.5
04.08.2021 00:47:19.975,3.84117,3.8371300000000006,1.5,1.5
04.08.2021 00:47:22.389,3.84117,3.8371300000000006,1.5,1.5
04.08.2021 00:47:37.659,3.8411800000000005,3.8373300000000006,1.5,1.5
04.08.2021 00:47:51.016,3.84117,3.8374300000000003,1.5,1.5
04.08.2021 00:47:51.205,3.8411800000000005,3.83742,1.5,1.5
04.08.2021 00:48:04.692,3.8411800000000005,3.83712,1.5,1.5
04.08.2021 00:48:04.850,3.8411800000000005,3.83712,1.5,1.5
04.08.2021 00:48:06.506,3.8411800000000005,3.83712,1.5,1.5
04.08.2021 00:48:09.389,3.8411800000000005,3.8372300000000004,1.5,1.5
04.08.2021 00:48:14.704,3.8411800000000005,3.8372300000000004,1.5,1.5
04.08.2021 00:48:15.467,3.8411800000000005,3.8372800000000007,1.5,1.5
04.08.2021 00:48:15.648,3.84117,3.8372900000000003,1.5,1.5
04.08.2021 00:48:20.213,3.8411800000000005,3.8372800000000007,1.5,1.5
04.08.2021 00:48:21.215,3.8411800000000005,3.8372800000000007,1.5,1.5
04.08.2021 00:48:21.985,3.8411800000000005,3.8372800000000007,1.5,1.5
04.08.2021 00:48:26.817,3.8411800000000005,3.8372800000000007,1.5,1.5
04.08.2021 00:48:27.729,3.8411800000000005,3.8372800000000007,1.5,1.5
04.08.2021 00:48:33.564,3.8411800000000005,3.8372800000000007,1.5,1.5
04.08.2021 00:48:35.161,3.84091,3.83712,1,1.5
04.08.2021 00:48:35.318,3.8411800000000005,3.83712,1.5,1.5
04.08.2021 00:48:42.366,3.8411800000000005,3.83712,1.5,1.5
04.08.2021 00:48:51.135,3.8411800000000005,3.83712,1.5,1.5
04.08.2021 00:48:51.388,3.8411800000000005,3.83712,1.5,1.5
04.08.2021 00:48:57.426,3.8411800000000005,3.83742,1.5,1.5
04.08.2021 00:48:57.682,3.8411800000000005,3.83742,1.5,1.5
04.08.2021 00:49:04.484,3.8411800000000005,3.83742,1.5,1.5
04.08.2021 00:49:08.488,3.8411800000000005,3.83742,1.5,1.5
04.08.2021 00:49:10.649,3.84117,3.8374300000000003,1.5,1.5
04.08.2021 00:49:10.851,3.8411800000000005,3.83742,1.5,1.5
04.08.2021 00:49:17.652,3.84117,3.8374300000000003,1.5,1.5
04.08.2021 00:49:17.856,3.84117,3.8374300000000003,1.5,1.5
04.08.2021 00:49:46.740,3.8411800000000005,3.83742,1.5,1.5
04.08.2021 00:49:47.320,3.84117,3.8374300000000003,1.5,1.5
04.08.2021 00:49:53.699,3.84096,3.8371300000000006,1,1.5
04.08.2021 00:49:53.837,3.84097,3.83712,1,1.5
04.08.2021 00:49:56.152,3.8411800000000005,3.83712,1.5,1.5
04.08.2021 00:49:56.387,3.84117,3.8371300000000006,1.5,1.5
04.08.2021 00:49:56.555,3.8411800000000005,3.83712,1.5,1.5
04.08.2021 00:50:02.547,3.8408800000000003,3.83712,1.5,1.5
04.08.2021 00:50:09.536,3.84117,3.8371300000000006,1.5,1.5
04.08.2021 00:50:09.693,3.8411800000000005,3.83712,1.5,1.5
04.08.2021 00:50:11.269,3.8411800000000005,3.83712,1.5,1.5
04.08.2021 00:50:16.688,3.8411800000000005,3.8372800000000007,1.5,1.5
04.08.2021 00:50:21.701,3.8411800000000005,3.83712,1.5,1.5
04.08.2021 00:50:22.576,3.8411800000000005,3.83712,1.5,1.5
04.08.2021 00:50:23.765,3.8411800000000005,3.83712,1.5,1.5
04.08.2021 00:50:24.724,3.8411800000000005,3.83712,1.5,1.5
04.08.2021 00:50:27.701,3.8411800000000005,3.83712,1.5,1.5
04.08.2021 00:50:27.857,3.8411800000000005,3.83712,1.5,1.5
04.08.2021 00:50:32.404,3.84117,3.8371300000000006,1.5,1.5
04.08.2021 00:50:36.001,3.8411800000000005,3.8373300000000006,1.5,1.5
04.08.2021 00:50:36.647,3.8414699999999997,3.8374300000000003,1.5,1.5
04.08.2021 00:50:36.807,3.8414699999999997,3.8374300000000003,1.5,1.5
04.08.2021 00:50:42.138,3.8414699999999997,3.8374300000000003,1.5,1.5
04.08.2021 00:50:51.388,3.8414800000000007,3.83742,1.5,1.5
04.08.2021 00:50:56.095,3.8414800000000007,3.83742,1.5,1.5
04.08.2021 00:51:00.400,3.8414800000000007,3.83742,1.5,1.5
04.08.2021 00:51:00.555,3.8414800000000007,3.83742,1.5,1.5
04.08.2021 00:51:03.704,3.8414800000000007,3.83742,1.5,1.5
04.08.2021 00:51:03.860,3.8414800000000007,3.83742,1.5,1.5
04.08.2021 00:51:14.402,3.8414800000000007,3.83742,1.5,1.5
04.08.2021 00:51:14.600,3.8414800000000007,3.83742,1.5,1.5
04.08.2021 00:51:16.605,3.8414800000000007,3.83762,1.5,1.5
04.08.2021 00:51:55.389,3.84132,3.83731,1.62,1
04.08.2021 00:51:55.591,3.84131,3.83732,1.62,1
04.08.2021 00:51:55.793,3.84132,3.83731,1.62,1
04.08.2021 00:51:57.091,3.84131,3.83742,1,1.5
04.08.2021 00:51:59.106,3.8413000000000004,3.8374300000000003,1,1.5
04.08.2021 00:51:59.307,3.84131,3.83742,1,1.5
04.08.2021 00:52:22.397,3.8414300000000003,3.83742,1.5,1.5
04.08.2021 00:52:22.555,3.84142,3.8374300000000003,1.5,1.5
04.08.2021 00:52:30.423,3.84142,3.8374300000000003,1.5,1.5
04.08.2021 00:52:38.392,3.84132,3.83742,1.62,1.5
04.08.2021 00:52:42.592,3.84132,3.83742,1.62,1.5
04.08.2021 00:52:48.421,3.8410900000000003,3.8374300000000003,1,1.5
04.08.2021 00:52:48.597,3.8414800000000007,3.83742,1.5,1.5
04.08.2021 00:52:54.711,3.8414800000000007,3.83742,1.5,1.5
04.08.2021 00:52:54.868,3.8414800000000007,3.83742,1.5,1.5
04.08.2021 00:52:55.782,3.8414800000000007,3.83742,1.5,1.5
04.08.2021 00:52:56.440,3.84117,3.8372400000000004,1.5,1.5
04.08.2021 00:52:57.890,3.8411800000000005,3.83742,1.5,1.5
04.08.2021 00:53:02.748,3.8411800000000005,3.83742,1.5,1.5
04.08.2021 00:53:04.449,3.8411800000000005,3.83742,1.5,1.5
04.08.2021 00:53:04.874,3.8411800000000005,3.83742,1.5,1.5
04.08.2021 00:53:08.085,3.8411800000000005,3.83742,1.5,1.5
04.08.2021 00:53:08.288,3.8411800000000005,3.83742,1.5,1.5
04.08.2021 00:53:36.817,3.8414699999999997,3.83751,1.5,1.5
04.08.2021 00:53:36.971,3.8414800000000007,3.8375000000000004,1.5,1.5
04.08.2021 00:53:46.687,3.8414800000000007,3.8375000000000004,1.5,1.5
04.08.2021 00:53:46.900,3.8414699999999997,3.83751,1.5,1.5
04.08.2021 00:53:56.009,3.8414699999999997,3.83751,1.5,1.5
04.08.2021 00:53:56.208,3.8414699999999997,3.83751,1.5,1.5
04.08.2021 00:53:56.409,3.8414800000000007,3.8375000000000004,1.5,1.5
04.08.2021 00:53:58.715,3.8413000000000004,3.83751,1.5,1
04.08.2021 00:53:58.921,3.8414800000000007,3.8375000000000004,1.5,1.5
04.08.2021 00:54:05.981,3.8414800000000007,3.8375000000000004,1.5,1.5
04.08.2021 00:54:06.140,3.8414699999999997,3.8375000000000004,1.5,1.5
04.08.2021 00:54:34.189,3.84156,3.83762,1,1.5
04.08.2021 00:54:36.079,3.8414800000000007,3.83772,1.5,1
04.08.2021 00:54:36.230,3.8417800000000004,3.83762,1.5,1.5
04.08.2021 00:54:38.074,3.84192,3.83762,1.5,1.5
04.08.2021 00:54:38.575,3.84192,3.83762,1.5,1
04.08.2021 00:54:38.776,3.84191,3.8376300000000003,1.5,1
04.08.2021 00:54:40.139,3.84192,3.83751,1.5,1.5
04.08.2021 00:54:40.210,3.84192,3.83751,1.5,1.5
04.08.2021 00:54:40.464,3.84192,3.83751,1.5,1
04.08.2021 00:54:40.665,3.84191,3.83752,1.5,1.5
04.08.2021 00:54:41.605,3.84196,3.8377800000000004,1.5,1
04.08.2021 00:54:41.655,3.84197,3.83777,1.5,1.5
04.08.2021 00:54:43.116,3.84196,3.83771,1.5,1.5
04.08.2021 00:54:43.300,3.84197,3.8377800000000004,1.5,1.5
04.08.2021 00:54:43.364,3.84197,3.8377800000000004,1.5,1
04.08.2021 00:54:43.723,3.84197,3.8377800000000004,1.5,1
04.08.2021 00:54:43.924,3.84197,3.8377800000000004,1.5,1.5
04.08.2021 00:54:44.337,3.84197,3.8377800000000004,1.5,1.5
04.08.2021 00:54:44.538,3.84197,3.8377800000000004,1.5,1.5
04.08.2021 00:54:44.741,3.84196,3.8377900000000005,1.5,1.5
04.08.2021 00:54:45.379,3.84177,3.8371900000000005,1.5,1.5
04.08.2021 00:54:45.540,3.84177,3.8371900000000005,1.5,1.5
04.08.2021 00:54:45.742,3.84191,3.8371900000000005,2,1.5
04.08.2021 00:54:46.181,3.84192,3.83754,2,1.5
04.08.2021 00:54:46.603,3.84197,3.8375800000000004,1.5,1.5
04.08.2021 00:54:46.804,3.84197,3.8377800000000004,1.5,1.5
04.08.2021 00:54:47.362,3.84197,3.83781,1.5,1.5
04.08.2021 00:54:48.127,3.84197,3.8377800000000004,1.5,1.5
04.08.2021 00:54:48.636,3.84197,3.83787,1.5,1
04.08.2021 00:54:49.024,3.8420800000000006,3.83787,1.5,1.5
04.08.2021 00:54:49.394,3.84197,3.8378800000000006,1.5,1.5
04.08.2021 00:54:49.555,3.84197,3.8378800000000006,1.5,1.5
04.08.2021 00:54:49.656,3.84197,3.8378800000000006,1.5,1.5
04.08.2021 00:54:50.367,3.84196,3.8378900000000002,1.5,1.5
04.08.2021 00:54:50.569,3.84196,3.8379900000000005,1.5,1.5
04.08.2021 00:54:50.670,3.84197,3.83787,1.5,1.5
04.08.2021 00:54:50.852,3.84197,3.8378800000000006,1.5,1.5
04.08.2021 00:54:51.054,3.84197,3.8378800000000006,1.5,1.5
04.08.2021 00:54:51.272,3.84197,3.83787,1.5,1
04.08.2021 00:54:52.651,3.84197,3.8378400000000004,1.5,1.5
04.08.2021 00:54:52.705,3.84197,3.8378800000000006,1.5,1
04.08.2021 00:54:53.097,3.84197,3.8378800000000006,1.5,1
04.08.2021 00:54:53.299,3.84196,3.8378900000000002,1.5,1
04.08.2021 00:54:53.701,3.84197,3.8378800000000006,1.5,1
04.08.2021 00:54:53.904,3.84197,3.8378800000000006,1.5,1
04.08.2021 00:54:54.489,3.84197,3.8378800000000006,1.5,1
04.08.2021 00:54:54.540,3.84196,3.83786,1.5,1
04.08.2021 00:54:54.691,3.84196,3.83786,1.5,1.5
04.08.2021 00:54:54.893,3.84197,3.83785,1.5,1.5
04.08.2021 00:54:56.776,3.84197,3.8378800000000006,1.5,1
04.08.2021 00:54:56.979,3.84197,3.8378800000000006,1.5,1
04.08.2021 00:54:59.348,3.84197,3.8378800000000006,1.5,1.5
04.08.2021 00:55:00.010,3.84196,3.8378900000000002,1.5,1.5
04.08.2021 00:55:00.262,3.8420400000000003,3.8378800000000006,1.5,1.5
04.08.2021 00:55:00.416,3.84207,3.8378900000000002,1.5,1.5
04.08.2021 00:55:01.577,3.84197,3.8378,1.5,1.5
04.08.2021 00:55:01.777,3.84196,3.83781,1.5,1
04.08.2021 00:55:01.979,3.84197,3.8378,1.5,1
04.08.2021 00:55:02.150,3.84197,3.8378900000000002,1.5,1
04.08.2021 00:55:02.201,3.84196,3.8379000000000003,1.5,1.5
04.08.2021 00:55:03.959,3.84196,3.8379900000000005,1.5,1
04.08.2021 00:55:04.010,3.84197,3.83775,1.5,1.5
04.08.2021 00:55:04.217,3.84197,3.83775,1.5,1.5
04.08.2021 00:55:10.317,3.84197,3.8380300000000003,1.5,1
04.08.2021 00:55:10.537,3.84197,3.8380300000000003,1.5,1.5
04.08.2021 00:55:11.881,3.8425400000000005,3.8382,1.5,1.5
04.08.2021 00:55:12.422,3.8425400000000005,3.8382,1.5,1.5
04.08.2021 00:55:12.632,3.8425400000000005,3.8382199999999997,1.5,1.5
04.08.2021 00:55:12.805,3.8428199999999997,3.8382,1.9,1
04.08.2021 00:55:13.169,3.84271,3.83821,1.5,1.5
04.08.2021 00:55:13.645,3.84235,3.83821,1,1.5
04.08.2021 00:55:17.089,3.8423800000000004,3.8382199999999997,1.5,1.5
04.08.2021 00:55:17.246,3.8423800000000004,3.8382199999999997,1.5,1.5
04.08.2021 00:55:18.603,3.8423800000000004,3.83852,1.5,1.5
04.08.2021 00:55:19.681,3.8424800000000006,3.8383900000000004,1,1.5
04.08.2021 00:55:27.189,3.8426800000000005,3.8384800000000006,1.5,1.5
04.08.2021 00:55:27.357,3.8425300000000004,3.83849,1,1.5
04.08.2021 00:55:27.771,3.84267,3.8385300000000004,1.5,1.5
04.08.2021 00:55:28.178,3.84249,3.8384800000000006,1,1.62
04.08.2021 00:55:28.378,3.8426800000000005,3.8384800000000006,1.5,1.5
04.08.2021 00:55:28.718,3.8423000000000003,3.8384800000000006,1,1.5
04.08.2021 00:55:28.898,3.84267,3.83849,1.5,1.5
04.08.2021 00:55:29.010,3.8424800000000006,3.8384800000000006,1,1.5
04.08.2021 00:55:29.231,3.8424500000000004,3.8384800000000006,1,1.5
04.08.2021 00:55:29.404,3.84247,3.8384800000000006,1,1.5
04.08.2021 00:55:29.585,3.8426800000000005,3.8384800000000006,1.5,1.5
04.08.2021 00:55:29.787,3.84247,3.8384800000000006,1,1.5
04.08.2021 00:55:29.989,3.84267,3.83849,1.5,1.5
04.08.2021 00:55:30.190,3.84247,3.8384800000000006,1,1.5
04.08.2021 00:55:30.476,3.8426800000000005,3.8384800000000006,1.5,1.5
04.08.2021 00:55:30.669,3.84247,3.8384800000000006,1,1.5
04.08.2021 00:55:36.621,3.8426800000000005,3.83852,1.5,1.5
04.08.2021 00:55:36.878,3.84236,3.83852,1,1.5
04.08.2021 00:55:37.061,3.8426800000000005,3.83852,1.5,1.5
04.08.2021 00:55:40.720,3.84252,3.83852,1.62,1.5
04.08.2021 00:55:40.877,3.84251,3.8385300000000004,1.62,1.5
04.08.2021 00:55:43.702,3.8426800000000005,3.83852,1.5,1.5
04.08.2021 00:55:43.860,3.8426800000000005,3.83852,1.5,1.5
04.08.2021 00:55:45.721,3.8426800000000005,3.83852,1.5,1.5
04.08.2021 00:55:45.877,3.84267,3.8385300000000004,1.5,1.5
04.08.2021 00:56:07.539,3.8426800000000005,3.83852,1.5,1.5
04.08.2021 00:56:20.723,3.8423800000000004,3.83852,1.5,1.5
04.08.2021 00:56:20.881,3.8423800000000004,3.83852,1.5,1.5
04.08.2021 00:56:31.072,3.8423800000000004,3.83852,1.5,1.5
04.08.2021 00:56:33.724,3.8423800000000004,3.83849,1.5,1.5
04.08.2021 00:56:33.882,3.84237,3.8385000000000002,1.5,1.5
04.08.2021 00:56:34.724,3.8423800000000004,3.83849,1.5,1.5
04.08.2021 00:56:34.881,3.84237,3.8385000000000002,1.5,1.5
04.08.2021 00:56:36.724,3.84206,3.83849,1,1.5
04.08.2021 00:56:36.888,3.84237,3.8385000000000002,1.5,1.5
04.08.2021 00:56:37.363,3.8423800000000004,3.83829,1.5,1.5
04.08.2021 00:56:38.090,3.8423800000000004,3.83829,1.5,1.5
04.08.2021 00:56:38.292,3.8423800000000004,3.83829,1.5,1.5
04.08.2021 00:56:40.827,3.84201,3.8383000000000003,1,1.5
04.08.2021 00:56:41.028,3.84237,3.8383000000000003,1.5,1.5
04.08.2021 00:56:42.725,3.84237,3.8383000000000003,1.5,1.5
04.08.2021 00:56:42.883,3.8423800000000004,3.83829,1.5,1.5
04.08.2021 00:56:45.725,3.8423800000000004,3.83829,1.5,1.5
04.08.2021 00:56:45.883,3.84237,3.8383000000000003,1.5,1.5
04.08.2021 00:56:48.688,3.8423800000000004,3.83829,1.5,1.5
04.08.2021 00:56:48.889,3.8423800000000004,3.83829,1.5,1.5
04.08.2021 00:56:51.317,3.8423800000000004,3.83829,1.5,1.5
04.08.2021 00:56:51.519,3.84212,3.83829,1,1.5
04.08.2021 00:56:55.214,3.84221,3.83829,1.5,1.5
04.08.2021 00:56:55.370,3.84221,3.83829,1.5,1.5
04.08.2021 00:57:02.158,3.84221,3.83829,1.5,1.5
04.08.2021 00:57:07.394,3.8422,3.8382199999999997,1,1.5
04.08.2021 00:57:15.391,3.8422,3.8382199999999997,1,1.5
04.08.2021 00:57:21.729,3.842,3.8382199999999997,1,1.5
04.08.2021 00:57:21.883,3.842,3.8382199999999997,1,1.5
04.08.2021 00:57:24.799,3.842,3.8382199999999997,1,1.5
04.08.2021 00:57:25.727,3.84207,3.8381900000000004,1.5,1.5
04.08.2021 00:57:30.040,3.84207,3.8381900000000004,1.5,1.5
04.08.2021 00:57:39.016,3.84217,3.8382199999999997,1,1.5
04.08.2021 00:57:39.999,3.8421600000000002,3.8382300000000007,1,1.5
04.08.2021 00:57:51.252,3.84217,3.8382199999999997,1,1.5
04.08.2021 00:57:51.452,3.84217,3.8382199999999997,1,1.5
04.08.2021 00:57:57.906,3.84217,3.8382199999999997,1,1.5
04.08.2021 00:57:58.095,3.84217,3.8382199999999997,1,1.5
04.08.2021 00:58:02.392,3.8422,3.8382199999999997,1,1.5
04.08.2021 00:58:05.065,3.8421900000000004,3.8382300000000007,1,1.5
04.08.2021 00:58:17.892,3.84207,3.8382300000000007,1.5,1.5
04.08.2021 00:58:18.196,3.8420800000000006,3.8382199999999997,1.5,1.5
04.08.2021 00:58:19.686,3.8420800000000006,3.8382199999999997,1.5,1.5
04.08.2021 00:58:19.888,3.8420800000000006,3.8382199999999997,1.5,1.5
04.08.2021 00:58:27.798,3.84207,3.8382300000000007,1.5,1.5
04.08.2021 00:58:29.092,3.8423800000000004,3.8382199999999997,1.5,1.5
04.08.2021 00:58:34.433,3.8423800000000004,3.8382199999999997,1.5,1.5
04.08.2021 00:58:38.732,3.8421900000000004,3.8382199999999997,1,1.5
04.08.2021 00:58:41.901,3.8421800000000004,3.8382300000000007,1,1.5
04.08.2021 00:58:59.733,3.8423800000000004,3.83826,1.5,1.5
04.08.2021 00:58:59.889,3.8423800000000004,3.83826,1.5,1.5
04.08.2021 00:59:07.734,3.8423800000000004,3.83826,1.5,1.5
04.08.2021 00:59:07.892,3.8423800000000004,3.83826,1.5,1.5
04.08.2021 00:59:12.735,3.8423800000000004,3.83826,1.5,1.5
04.08.2021 00:59:12.891,3.8423800000000004,3.83826,1.5,1.5
04.08.2021 00:59:18.735,3.8423800000000004,3.83826,1.5,1.5
04.08.2021 00:59:18.893,3.8423800000000004,3.83826,1.5,1.5
04.08.2021 00:59:37.093,3.8423800000000004,3.83826,1.5,1.5
04.08.2021 00:59:39.123,3.8423800000000004,3.83826,1.5,1.5
04.08.2021 00:59:41.670,3.8423800000000004,3.83826,1.5,1.5
04.08.2021 00:59:42.047,3.84237,3.83827,1.5,1.5
04.08.2021 00:59:42.998,3.84237,3.83827,1.5,1.5
04.08.2021 00:59:45.092,3.8423800000000004,3.83826,1.5,1.5
04.08.2021 00:59:49.333,3.8423800000000004,3.83826,1.5,1.5
04.08.2021 00:59:49.561,3.8422,3.83826,1,1.5
04.08.2021 01:00:00.594,3.84217,3.83826,1,1.5
04.08.2021 01:00:00.799,3.84217,3.83826,1,1.5
04.08.2021 01:00:01.163,3.84215,3.83826,1,1.5
04.08.2021 01:00:01.318,3.84215,3.83826,1,1.5
04.08.2021 01:00:02.737,3.8421600000000002,3.83827,1,1.5
04.08.2021 01:00:02.896,3.84217,3.83826,1,1.5
04.08.2021 01:00:03.300,3.8421600000000002,3.83827,1,1.5
04.08.2021 01:00:03.742,3.84186,3.83826,1,1.5
04.08.2021 01:00:03.922,3.8421800000000004,3.83826,1,1.5
04.08.2021 01:00:05.738,3.84215,3.83827,1,1.5
04.08.2021 01:00:05.895,3.8421600000000002,3.83826,1,1.5
04.08.2021 01:00:10.777,3.8420300000000003,3.8381300000000005,1,1.5
04.08.2021 01:00:12.099,3.84207,3.8381400000000006,1.5,1.5
04.08.2021 01:00:12.741,3.8420800000000006,3.8381300000000005,1.5,1.5
04.08.2021 01:00:12.892,3.84207,3.8381400000000006,1.5,1.5
04.08.2021 01:00:14.623,3.84207,3.8381400000000006,1.5,1.5
04.08.2021 01:00:15.738,3.8420800000000006,3.8381300000000005,1.5,1.5
04.08.2021 01:00:15.896,3.8420800000000006,3.8381300000000005,1.5,1.5
04.08.2021 01:00:17.384,3.8419800000000004,3.8381400000000006,1,1.5
04.08.2021 01:00:17.790,3.84182,3.8381300000000005,1,1.5
04.08.2021 01:00:18.350,3.84207,3.8380300000000003,1.5,1.5
04.08.2021 01:00:19.389,3.8420800000000006,3.8380199999999998,1.5,1.5
04.08.2021 01:00:20.442,3.8420800000000006,3.8380199999999998,1.5,1.5
04.08.2021 01:00:20.756,3.8419000000000003,3.8379000000000003,1,1.5
04.08.2021 01:00:27.638,3.84191,3.8380199999999998,1,1.5
04.08.2021 01:00:43.200,3.8417800000000004,3.83785,1.5,1.5
04.08.2021 01:00:43.609,3.8417800000000004,3.8378900000000002,1.5,1
04.08.2021 01:00:45.564,3.84177,3.83786,1.5,1.5
04.08.2021 01:00:45.721,3.8417800000000004,3.83785,1.5,1.5
04.08.2021 01:00:48.243,3.8417800000000004,3.83785,1.5,1.5
04.08.2021 01:00:49.620,3.8417800000000004,3.83785,1.5,1.5
04.08.2021 01:00:50.300,3.8417800000000004,3.8380199999999998,1.5,1.5
04.08.2021 01:00:53.741,3.84162,3.8380199999999998,1.62,1.5
04.08.2021 01:00:53.898,3.84162,3.8380199999999998,1.62,1.5
04.08.2021 01:01:05.742,3.84177,3.83786,1.5,1.5
04.08.2021 01:01:05.897,3.8417800000000004,3.83785,1.5,1.5
04.08.2021 01:01:12.221,3.8417800000000004,3.83786,1,1.5
04.08.2021 01:01:12.579,3.8417800000000004,3.83786,1,1.5
04.08.2021 01:01:13.316,3.8420800000000006,3.83792,1.5,1
04.08.2021 01:01:13.482,3.8418900000000002,3.83807,1,1.5
04.08.2021 01:01:13.685,3.84196,3.8379600000000003,1,1
04.08.2021 01:01:20.522,3.8417800000000004,3.8380199999999998,1.5,1.5
04.08.2021 01:01:24.786,3.8420800000000006,3.8380199999999998,1.5,1.5
04.08.2021 01:01:25.395,3.8420800000000006,3.8380199999999998,1.5,1.5
04.08.2021 01:01:27.519,3.8420800000000006,3.8380199999999998,1.5,1.5
04.08.2021 01:01:27.720,3.8420800000000006,3.8380199999999998,1.5,1.5
04.08.2021 01:01:28.826,3.8420800000000006,3.8380199999999998,1.5,1.5
04.08.2021 01:01:29.028,3.8420800000000006,3.8380199999999998,1.5,1.5
04.08.2021 01:01:29.654,3.84207,3.8380300000000003,1.5,1.5
04.08.2021 01:01:30.524,3.8420800000000006,3.8380199999999998,1.5,1.5
04.08.2021 01:01:31.464,3.8420800000000006,3.8380199999999998,1.5,1.5
04.08.2021 01:01:38.743,3.84186,3.8380199999999998,1,1.5
04.08.2021 01:01:44.487,3.8417800000000004,3.8380199999999998,1.5,1.5
04.08.2021 01:01:44.942,3.84177,3.8380300000000003,1.5,1.5
04.08.2021 01:01:50.572,3.84177,3.8379900000000005,1.5,1.5
04.08.2021 01:01:55.045,3.8418800000000006,3.8379800000000004,1.5,2
04.08.2021 01:01:55.234,3.84197,3.8380199999999998,1.5,1.5
04.08.2021 01:01:59.854,3.84186,3.8380199999999998,1,1.5
04.08.2021 01:02:03.030,3.8419000000000003,3.8380199999999998,1,1.5
04.08.2021 01:02:03.186,3.8419000000000003,3.8380199999999998,1,1.5
04.08.2021 01:02:03.892,3.8419000000000003,3.8380199999999998,1,1.5
04.08.2021 01:02:11.410,3.8419000000000003,3.8380199999999998,1,1.5
04.08.2021 01:02:14.770,3.8417900000000005,3.8380300000000003,1,1.5
04.08.2021 01:02:15.701,3.8418,3.8380199999999998,1,1.5
04.08.2021 01:02:15.902,3.8418,3.8380199999999998,1,1.5
04.08.2021 01:02:17.157,3.8417900000000005,3.8380300000000003,1,1.5
04.08.2021 01:02:18.607,3.84177,3.8380300000000003,1.5,1.5
04.08.2021 01:02:19.607,3.8417800000000004,3.8380199999999998,1.5,1.5
04.08.2021 01:02:20.331,3.8417800000000004,3.8380199999999998,1.5,1.5
04.08.2021 01:02:24.701,3.84177,3.8380300000000003,1.5,1.5
04.08.2021 01:02:24.940,3.8420800000000006,3.83792,1.5,1
04.08.2021 01:02:25.105,3.84207,3.8380300000000003,1.5,1.5
04.08.2021 01:02:25.741,3.8420800000000006,3.8380199999999998,1.5,1.5
04.08.2021 01:02:28.439,3.8420800000000006,3.8380199999999998,1.5,1.5
04.08.2021 01:02:33.558,3.8420800000000006,3.8380199999999998,1.5,1.5
04.08.2021 01:02:34.653,3.84207,3.83806,1.5,1.5
04.08.2021 01:02:40.210,3.8420800000000006,3.8380500000000004,1.5,1.5
04.08.2021 01:02:40.703,3.84207,3.83806,1.5,1.5
04.08.2021 01:02:40.903,3.84207,3.83806,1.5,1.5
04.08.2021 01:02:43.438,3.84207,3.83806,1.5,1.5
04.08.2021 01:02:43.688,3.84207,3.8382300000000007,1.5,1.5
04.08.2021 01:02:45.556,3.8420800000000006,3.8382199999999997,1.5,1.5
04.08.2021 01:02:45.692,3.8420800000000006,3.8382199999999997,1.5,1.5
04.08.2021 01:02:45.892,3.8420300000000003,3.8380800000000006,1,1.5
04.08.2021 01:03:35.446,3.8420800000000006,3.8380500000000004,1.5,1.5
04.08.2021 01:03:40.274,3.8420800000000006,3.8382199999999997,1.5,1.5
04.08.2021 01:03:40.477,3.8420800000000006,3.8382199999999997,1.5,1.5
04.08.2021 01:03:40.757,3.84207,3.8382300000000007,1.5,1.5
04.08.2021 01:03:40.907,3.84207,3.8382300000000007,1.5,1.5
04.08.2021 01:03:43.751,3.8420800000000006,3.8382199999999997,1.5,1.5
04.08.2021 01:03:43.908,3.84207,3.8382300000000007,1.5,1.5
04.08.2021 01:03:44.110,3.8420800000000006,3.8382199999999997,1.5,1.5
04.08.2021 01:03:44.233,3.84207,3.8382300000000007,1.5,1.5
04.08.2021 01:03:45.276,3.8420800000000006,3.8382199999999997,1.5,1.5
04.08.2021 01:03:58.128,3.8420800000000006,3.8382199999999997,1.5,1.5
04.08.2021 01:03:58.284,3.8420800000000006,3.8382199999999997,1.5,1.5
04.08.2021 01:04:01.138,3.84207,3.8382300000000007,1.5,1.5
04.08.2021 01:04:03.752,3.8420800000000006,3.8382199999999997,1.5,1.5
04.08.2021 01:04:03.910,3.8420800000000006,3.8382199999999997,1.5,1.5
04.08.2021 01:04:10.974,3.8420800000000006,3.8382199999999997,1.5,1.5
04.08.2021 01:04:16.392,3.8420800000000006,3.8382199999999997,1.5,1.5
04.08.2021 01:04:27.393,3.8420800000000006,3.8382199999999997,1.5,1.5
04.08.2021 01:04:27.594,3.84207,3.8382300000000007,1.5,1.5
04.08.2021 01:04:42.153,3.8420800000000006,3.8380500000000004,1.5,1.5
04.08.2021 01:04:42.203,3.8420800000000006,3.8380500000000004,1.5,1.5
04.08.2021 01:04:42.404,3.84206,3.8380500000000004,1,1.5
04.08.2021 01:04:46.190,3.84207,3.8382300000000007,1.5,1.5
04.08.2021 01:05:21.469,3.8420800000000006,3.8380199999999998,1.5,2
04.08.2021 01:05:24.212,3.8420800000000006,3.8380199999999998,1.5,2
04.08.2021 01:05:25.016,3.8420800000000006,3.8380199999999998,1.5,2
04.08.2021 01:05:32.433,3.84207,3.8380300000000003,1.5,2
04.08.2021 01:05:32.625,3.8420800000000006,3.8380199999999998,1.5,2
04.08.2021 01:05:36.337,3.8420800000000006,3.8380199999999998,1.5,2
04.08.2021 01:05:36.640,3.8420800000000006,3.8380199999999998,1.5,2
04.08.2021 01:05:36.840,3.8420800000000006,3.8380199999999998,1.5,2
04.08.2021 01:05:38.132,3.8420800000000006,3.8380199999999998,1.5,2
04.08.2021 01:05:39.660,3.8420800000000006,3.8380199999999998,1.5,2
04.08.2021 01:05:41.007,3.84207,3.8380300000000003,1.5,2
04.08.2021 01:05:41.208,3.8420800000000006,3.8380199999999998,1.5,2
04.08.2021 01:05:41.697,3.84186,3.8380199999999998,1,2
04.08.2021 01:05:45.862,3.8420800000000006,3.8380199999999998,1.5,2
04.08.2021 01:05:57.007,3.8418,3.8378300000000003,1,1.5
04.08.2021 01:05:57.513,3.84175,3.8378300000000003,1,1.5
04.08.2021 01:05:57.668,3.84175,3.8378300000000003,1,1.5
04.08.2021 01:06:01.762,3.8417000000000003,3.83782,1,1.5
04.08.2021 01:06:05.397,3.8417000000000003,3.83782,1,1.5
04.08.2021 01:06:05.800,3.8416900000000003,3.83782,1,1.5
04.08.2021 01:06:07.409,3.8414800000000007,3.8376300000000003,1,1.5
04.08.2021 01:06:07.574,3.84151,3.83771,1,1.5
04.08.2021 01:06:08.367,3.84152,3.8377000000000003,1,1.5
04.08.2021 01:06:09.894,3.84152,3.8377000000000003,1,1.5
04.08.2021 01:06:10.499,3.8415800000000004,3.83771,1,1.5
04.08.2021 01:06:45.284,3.8414699999999997,3.8376,1,1.5
04.08.2021 01:06:54.762,3.8414,3.83761,1,1.5
04.08.2021 01:06:54.919,3.8414,3.83761,1,1.5
04.08.2021 01:06:56.961,3.84141,3.8376,1,1.5
04.08.2021 01:06:57.164,3.8414,3.83761,1,1.5
04.08.2021 01:07:00.063,3.84141,3.8376,1,1.5
04.08.2021 01:07:00.296,3.8410800000000003,3.83712,1.5,1.5
04.08.2021 01:07:00.346,3.8391300000000004,3.83712,1,1.5
04.08.2021 01:07:00.396,3.8399300000000003,3.8371300000000006,1,1
04.08.2021 01:07:00.447,3.8410699999999998,3.8362800000000004,1.5,1.5
04.08.2021 01:07:00.561,3.84116,3.8367199999999997,1,1
04.08.2021 01:07:00.668,3.8411500000000003,3.8367300000000006,1,1
04.08.2021 01:07:00.870,3.8411500000000003,3.83699,1,1
04.08.2021 01:07:01.198,3.83982,3.83699,1,1
04.08.2021 01:07:01.248,3.8402300000000005,3.8365199999999997,1,1.5
04.08.2021 01:07:01.299,3.84081,3.8365199999999997,1.5,1.5
04.08.2021 01:07:01.350,3.83886,3.8365199999999997,1,1.5
04.08.2021 01:07:01.400,3.8401199999999998,3.8365300000000007,1,1.5
04.08.2021 01:07:01.451,3.84096,3.83642,1.5,1.5
04.08.2021 01:07:01.652,3.84125,3.83651,1,1
04.08.2021 01:07:01.832,3.84125,3.8367300000000006,1,1
04.08.2021 01:07:02.298,3.84045,3.83595,1,1.5
04.08.2021 01:07:02.349,3.8408900000000004,3.83637,1.5,1
04.08.2021 01:07:02.399,3.8383300000000005,3.8359199999999998,1,1
04.08.2021 01:07:02.449,3.83951,3.8359199999999998,1,1
04.08.2021 01:07:02.500,3.8402300000000005,3.8359199999999998,1,1
04.08.2021 01:07:02.600,3.84096,3.8358900000000005,1.5,1.5
04.08.2021 01:07:02.802,3.84097,3.83617,1.5,1.5
04.08.2021 01:07:02.908,3.84096,3.8363800000000006,1.5,1
04.08.2021 01:07:03.355,3.84097,3.83622,1.5,1.5
04.08.2021 01:07:03.556,3.84096,3.8361,1,1
04.08.2021 01:07:03.657,3.84096,3.8363300000000007,1,1
04.08.2021 01:07:03.763,3.84096,3.83651,1,1
04.08.2021 01:07:05.094,3.8414699999999997,3.8368300000000004,1.5,1
04.08.2021 01:07:05.541,3.8414800000000007,3.8370100000000003,1.5,1
04.08.2021 01:07:09.520,3.8410800000000003,3.8370699999999998,1,1
04.08.2021 01:07:23.220,3.8410800000000003,3.8370900000000003,1,1.5
04.08.2021 01:07:23.420,3.8410800000000003,3.8370900000000003,1,1.5
04.08.2021 01:07:32.492,3.8410900000000003,3.8370900000000003,1,1.5
04.08.2021 01:07:32.651,3.8410800000000003,3.8371000000000004,1,1.5
04.08.2021 01:07:39.390,3.8410800000000003,3.8371000000000004,1,1.5
04.08.2021 01:08:01.949,3.8412300000000004,3.8372300000000004,1,1.5
04.08.2021 01:08:02.452,3.8410699999999998,3.8372400000000004,1,1.5
04.08.2021 01:08:02.655,3.8410699999999998,3.8372400000000004,1,1
04.08.2021 01:08:03.089,3.84106,3.8371800000000005,1,1
04.08.2021 01:08:03.290,3.8411900000000005,3.8371800000000005,1,1.62
04.08.2021 01:08:08.202,3.8411000000000004,3.8371800000000005,1,1.5
04.08.2021 01:08:09.623,3.841,3.8371800000000005,1,1
04.08.2021 01:08:09.724,3.8408900000000004,3.837,1,1
04.08.2021 01:08:09.825,3.84096,3.837,1,1.5
04.08.2021 01:08:30.341,3.84096,3.83699,1,1
04.08.2021 01:08:30.544,3.8409500000000003,3.837,1,1
04.08.2021 01:08:30.769,3.8410100000000003,3.837,1,1.5
04.08.2021 01:08:30.949,3.8408400000000005,3.83699,1,1
04.08.2021 01:08:31.148,3.8409300000000006,3.83699,1,1.5
04.08.2021 01:08:31.596,3.84079,3.83699,1,1
04.08.2021 01:08:31.748,3.84079,3.83699,1,1
04.08.2021 01:08:31.997,3.8407800000000005,3.837,1,1
04.08.2021 01:08:32.198,3.8407800000000005,3.837,1,1.5
04.08.2021 01:08:32.547,3.8407800000000005,3.837,1,1
04.08.2021 01:08:40.066,3.84079,3.83699,1,1
04.08.2021 01:08:40.267,3.8407800000000005,3.837,1,1
04.08.2021 01:08:40.468,3.8409400000000002,3.83699,1,1.5
04.08.2021 01:08:48.712,3.8411800000000005,3.8370100000000003,1.5,1
04.08.2021 01:08:48.870,3.84117,3.83702,1.5,1
04.08.2021 01:08:55.712,3.8410100000000003,3.837,1,1
04.08.2021 01:08:55.870,3.8410100000000003,3.837,1,1
04.08.2021 01:08:58.792,3.8411800000000005,3.83699,1.5,1.5
04.08.2021 01:09:00.693,3.8411800000000005,3.83699,1.5,1.5
04.08.2021 01:09:00.894,3.841,3.83699,1,1.5
04.08.2021 01:09:01.717,3.8408900000000004,3.83699,1,1.5
04.08.2021 01:09:08.767,3.8410100000000003,3.837,1,1
04.08.2021 01:09:08.924,3.841,3.8370100000000003,1,1
04.08.2021 01:09:09.921,3.84117,3.8370800000000003,1.5,1
04.08.2021 01:09:10.080,3.84117,3.8370800000000003,1.5,1
04.08.2021 01:09:12.370,3.84117,3.8370800000000003,1.5,1
04.08.2021 01:09:12.573,3.8411800000000005,3.8370699999999998,1.5,1
04.08.2021 01:09:14.582,3.84117,3.8368900000000004,1.5,1.5
04.08.2021 01:09:14.737,3.84117,3.83714,1.5,1
04.08.2021 01:09:21.664,3.84117,3.83711,1.5,1
04.08.2021 01:09:21.819,3.8411800000000005,3.8371000000000004,1.5,1
04.08.2021 01:09:33.811,3.8411800000000005,3.8371000000000004,1.5,1
04.08.2021 01:09:53.723,3.8411800000000005,3.8370300000000004,1.5,1
04.08.2021 01:09:53.774,3.84117,3.8370400000000005,1.5,1
04.08.2021 01:10:07.667,3.8410100000000003,3.8368900000000004,1.62,1.5
04.08.2021 01:10:08.327,3.84102,3.8368800000000003,1.62,1.5
04.08.2021 01:10:24.230,3.8411800000000005,3.8368800000000003,1.5,1.5
04.08.2021 01:10:26.158,3.8411800000000005,3.8370800000000003,1.5,1
04.08.2021 01:10:27.501,3.8411800000000005,3.8370800000000003,1.5,1
04.08.2021 01:10:27.709,3.8409,3.83682,1,1.5
04.08.2021 01:10:28.112,3.84092,3.83682,1,1.5
04.08.2021 01:10:28.313,3.84117,3.83711,1.5,1
04.08.2021 01:10:29.067,3.84117,3.83711,1.5,1
04.08.2021 01:10:59.855,3.84099,3.8368300000000004,1,1.5
04.08.2021 01:11:03.094,3.84099,3.8368300000000004,1,1.5
04.08.2021 01:11:12.981,3.8411800000000005,3.83714,1.5,1
04.08.2021 01:11:14.107,3.8411800000000005,3.83714,1.5,1
04.08.2021 01:11:37.565,3.84117,3.8371500000000003,1.5,1
04.08.2021 01:11:54.697,3.8411800000000005,3.8371800000000005,1,1
04.08.2021 01:12:22.604,3.8411800000000005,3.8371800000000005,1,1
04.08.2021 01:12:31.313,3.84126,3.8372400000000004,1,1
04.08.2021 01:12:31.559,3.8413800000000005,3.8373500000000003,1,1
04.08.2021 01:12:45.669,3.8414400000000004,3.8373800000000005,1,1
04.08.2021 01:12:47.515,3.84132,3.83731,1,1
04.08.2021 01:12:47.672,3.84132,3.83731,1,1
04.08.2021 01:13:22.405,3.8414,3.8373800000000005,1,1
04.08.2021 01:13:29.152,3.8414900000000003,3.8374800000000007,1,1
04.08.2021 01:13:29.309,3.8414900000000003,3.8374800000000007,1,1
04.08.2021 01:13:43.722,3.84141,3.8374,1,1
04.08.2021 01:13:43.878,3.84141,3.8374,1,1
04.08.2021 01:14:15.828,3.8416,3.83734,1,1
04.08.2021 01:14:16.522,3.8416,3.83742,1,1.5
04.08.2021 01:14:16.781,3.84152,3.83742,1,1.5
04.08.2021 01:14:27.586,3.84151,3.8374300000000003,1,1.5
04.08.2021 01:14:27.789,3.84177,3.83762,1.5,1
04.08.2021 01:14:31.405,3.8417800000000004,3.83761,1.5,1
04.08.2021 01:14:31.712,3.8417800000000004,3.83761,1.5,1
04.08.2021 01:14:47.372,3.8414800000000007,3.83742,1,1.5
04.08.2021 01:15:03.458,3.8414800000000007,3.83742,1.5,1.5
04.08.2021 01:15:03.659,3.8414800000000007,3.83742,1.5,1.5
04.08.2021 01:15:04.744,3.8414800000000007,3.83742,1.5,1.5
04.08.2021 01:15:06.617,3.8414699999999997,3.8374300000000003,1.5,1.5
04.08.2021 01:15:06.843,3.8413500000000003,3.83734,1,1
04.08.2021 01:15:21.093,3.8414800000000007,3.83742,1.5,1.5
04.08.2021 01:15:21.296,3.8414800000000007,3.83742,1.5,1.5
04.08.2021 01:15:22.210,3.8414800000000007,3.83742,1.5,1.5
04.08.2021 01:15:22.411,3.84122,3.83732,1,1.5
04.08.2021 01:15:22.637,3.8412900000000003,3.8372800000000007,1,1.62
04.08.2021 01:15:23.981,3.8412900000000003,3.8372800000000007,1,1.62
04.08.2021 01:15:25.960,3.8412800000000007,3.83731,1,1
04.08.2021 01:15:26.113,3.8412800000000007,3.83731,1,1
04.08.2021 01:15:28.770,3.8412699999999997,3.83732,1,1
04.08.2021 01:15:31.444,3.8412699999999997,3.83732,1,1
04.08.2021 01:15:49.795,3.84112,3.8371800000000005,1,1.5
04.08.2021 01:15:49.892,3.8411300000000006,3.83717,1,1.5
04.08.2021 01:15:50.092,3.8412800000000007,3.8373000000000004,1,1
04.08.2021 01:15:51.713,3.8411800000000005,3.83716,1.5,1
04.08.2021 01:15:51.965,3.84066,3.8367,1,1.5
04.08.2021 01:15:58.693,3.84066,3.83665,1,1
04.08.2021 01:15:58.894,3.84066,3.83665,1,1
04.08.2021 01:15:59.292,3.84067,3.83666,1,1
04.08.2021 01:15:59.971,3.84065,3.8365199999999997,1,1
04.08.2021 01:16:00.284,3.8406400000000005,3.8365300000000007,1,1
04.08.2021 01:16:00.514,3.84057,3.8363300000000007,1.5,1.5
04.08.2021 01:16:01.260,3.8405800000000005,3.8366300000000004,1.5,1
04.08.2021 01:16:01.524,3.84057,3.8366400000000005,1.5,1
04.08.2021 01:16:06.129,3.84057,3.8365300000000007,1.5,1.5
04.08.2021 01:16:06.329,3.8405800000000005,3.8365199999999997,1.5,1.5
04.08.2021 01:16:06.532,3.84057,3.8365300000000007,1.5,1.5
04.08.2021 01:16:06.735,3.8405800000000005,3.83677,1.5,1
04.08.2021 01:16:07.280,3.8406800000000003,3.8369300000000006,1.5,1
04.08.2021 01:16:07.483,3.8406800000000003,3.8366400000000005,1.5,1
04.08.2021 01:16:10.629,3.8405800000000005,3.8365199999999997,1.5,1.5
04.08.2021 01:16:12.218,3.8408800000000003,3.8365199999999997,1.5,1.5
04.08.2021 01:16:12.420,3.8408800000000003,3.8365199999999997,1.5,1.5
04.08.2021 01:16:14.393,3.84057,3.8365300000000007,1.5,1.5
04.08.2021 01:16:16.347,3.8405800000000005,3.8365199999999997,1.5,1.5
04.08.2021 01:16:16.549,3.84057,3.8365300000000007,1.5,1.5
04.08.2021 01:16:23.862,3.8405800000000005,3.8365199999999997,1.5,1.5
04.08.2021 01:16:25.583,3.84057,3.8365300000000007,1.5,1.5
04.08.2021 01:16:26.777,3.84067,3.83666,1.5,1
04.08.2021 01:16:27.782,3.8405800000000005,3.8365199999999997,1.5,1.5
04.08.2021 01:16:27.985,3.8405800000000005,3.8365199999999997,1.5,1.5
04.08.2021 01:16:30.301,3.8405800000000005,3.8365199999999997,1.5,1.5
04.08.2021 01:16:30.506,3.8405800000000005,3.8365199999999997,1.5,1.5
04.08.2021 01:16:33.104,3.8405800000000005,3.8365199999999997,1.5,1.5
04.08.2021 01:16:33.260,3.84057,3.8365300000000007,1.5,1.5
04.08.2021 01:16:33.463,3.8405800000000005,3.8365199999999997,1.5,1.5
04.08.2021 01:16:33.679,3.8405800000000005,3.8365300000000007,1,1.5
04.08.2021 01:16:34.070,3.8405800000000005,3.8365199999999997,1.5,1.5
04.08.2021 01:16:34.392,3.8405800000000005,3.8365199999999997,1.5,1.5
04.08.2021 01:16:34.578,3.8405800000000005,3.8365199999999997,1.5,1.5
04.08.2021 01:16:34.782,3.84057,3.8365300000000007,1.5,1.5
04.08.2021 01:16:34.984,3.8405800000000005,3.8365199999999997,1.5,1.5
04.08.2021 01:16:35.184,3.8405800000000005,3.8365199999999997,1.5,1.5
04.08.2021 01:16:35.385,3.8405800000000005,3.8365199999999997,1.5,1.5
04.08.2021 01:16:35.932,3.84057,3.8365300000000007,1.5,1.5
04.08.2021 01:16:36.133,3.8405800000000005,3.8365199999999997,1.5,1.5
04.08.2021 01:16:38.218,3.84057,3.8364800000000003,1.5,1.5
04.08.2021 01:16:39.265,3.8405800000000005,3.8365300000000007,1.5,1.5
04.08.2021 01:16:39.418,3.8405800000000005,3.8365300000000007,1.5,1.5
04.08.2021 01:16:43.726,3.8405800000000005,3.8365199999999997,1.5,1.5
04.08.2021 01:16:43.992,3.84057,3.8365300000000007,1.5,1.5
04.08.2021 01:16:44.193,3.8405800000000005,3.8365199999999997,1.5,1.5
04.08.2021 01:16:45.628,3.8405800000000005,3.8365199999999997,1.5,1.5
04.08.2021 01:16:46.198,3.8405800000000005,3.8365199999999997,1.5,1.5
04.08.2021 01:16:46.831,3.84056,3.8365199999999997,1.5,1.5
04.08.2021 01:16:47.751,3.8405500000000004,3.8365300000000007,1.5,1.5
04.08.2021 01:16:47.951,3.84056,3.8365199999999997,1.5,1.5
04.08.2021 01:16:48.152,3.8405500000000004,3.8365300000000007,1.5,1.5
04.08.2021 01:16:48.377,3.84056,3.8365199999999997,1.5,1.5
04.08.2021 01:16:53.032,3.84056,3.8365199999999997,1.5,1.5
04.08.2021 01:17:04.571,3.84056,3.8365199999999997,1.5,1.5
04.08.2021 01:17:05.099,3.84042,3.8365199999999997,1.62,1.5
04.08.2021 01:17:08.861,3.8403,3.8365199999999997,1,1.5
04.08.2021 01:17:10.933,3.8403,3.8365199999999997,1,1.5
04.08.2021 01:17:13.351,3.8405800000000005,3.8365199999999997,1.5,1.5
04.08.2021 01:17:16.740,3.8405800000000005,3.8365199999999997,1.5,1.5
04.08.2021 01:17:24.394,3.8405800000000005,3.8365199999999997,1.5,1.5
04.08.2021 01:17:33.113,3.8405800000000005,3.8365199999999997,1.5,1.5
04.08.2021 01:17:39.016,3.8405800000000005,3.8365199999999997,1.5,1.5
04.08.2021 01:17:39.231,3.84071,3.8366800000000003,1,1.62
04.08.2021 01:17:39.863,3.8408800000000003,3.83671,1.5,1
04.08.2021 01:17:40.043,3.8408800000000003,3.83686,1.5,1
04.08.2021 01:17:48.803,3.84087,3.83711,1.5,1
04.08.2021 01:17:49.881,3.8408800000000003,3.83682,1.5,1.5
04.08.2021 01:17:52.941,3.8408800000000003,3.83699,1.5,1
04.08.2021 01:17:55.394,3.8408800000000003,3.83699,1.5,1
04.08.2021 01:17:56.116,3.8408800000000003,3.83682,1.5,1.5
04.08.2021 01:18:04.095,3.8408800000000003,3.83682,1.5,1.5
04.08.2021 01:18:12.595,3.8408800000000003,3.83682,1.5,1.5
04.08.2021 01:18:14.087,3.84087,3.8368300000000004,1.5,1.5
04.08.2021 01:18:14.188,3.84087,3.83692,1.5,1
04.08.2021 01:18:16.801,3.8406300000000004,3.8368300000000004,1,1.5
04.08.2021 01:18:19.267,3.84051,3.8366300000000004,1,1.5
04.08.2021 01:18:19.503,3.84051,3.8365199999999997,1,1.5
04.08.2021 01:18:34.869,3.8405800000000005,3.8365199999999997,1.5,1.5
04.08.2021 01:19:01.451,3.8405800000000005,3.8365199999999997,1.5,1.5
04.08.2021 01:19:02.372,3.8405800000000005,3.8367300000000006,1.5,1
04.08.2021 01:19:03.696,3.8405800000000005,3.8365199999999997,1.5,1.5
04.08.2021 01:19:07.127,3.8405800000000005,3.8365199999999997,1.5,1.5
04.08.2021 01:19:07.607,3.8405800000000005,3.8365199999999997,1.5,1.5
04.08.2021 01:19:07.810,3.8405800000000005,3.8365199999999997,1.5,1.5
04.08.2021 01:19:08.138,3.84057,3.8365300000000007,1.5,1.5
04.08.2021 01:19:23.703,3.8405800000000005,3.8365199999999997,1.5,1.5
04.08.2021 01:19:24.106,3.8405800000000005,3.83661,1.5,1.5
04.08.2021 01:19:26.111,3.84057,3.8367500000000003,1.5,1
04.08.2021 01:19:31.279,3.84087,3.8368,1.5,1
04.08.2021 01:19:36.017,3.8408800000000003,3.83682,1.5,1.5
04.08.2021 01:19:55.927,3.8408800000000003,3.83682,1.5,1.5
04.08.2021 01:19:56.162,3.8408800000000003,3.83682,1.5,1.5
04.08.2021 01:20:02.181,3.84087,3.8368300000000004,1.5,1.5
04.08.2021 01:20:05.633,3.84087,3.8368300000000004,1.5,1.5
04.08.2021 01:20:10.493,3.84065,3.83682,1,1.5
04.08.2021 01:20:10.696,3.8405800000000005,3.83682,1.5,1.5
04.08.2021 01:20:12.138,3.84057,3.8368300000000004,1.5,1.5
04.08.2021 01:20:56.745,3.8405800000000005,3.8365199999999997,1.5,1.5
04.08.2021 01:21:06.329,3.84041,3.8365300000000007,1,1.5
04.08.2021 01:21:08.827,3.8403800000000006,3.83622,1,1.5
04.08.2021 01:21:09.558,3.8402800000000004,3.8361400000000003,1.5,1
04.08.2021 01:21:10.613,3.8399800000000006,3.8360900000000004,1.5,1
04.08.2021 01:21:12.816,3.8399800000000006,3.8360800000000004,1.5,1.62
04.08.2021 01:21:12.972,3.83997,3.8360900000000004,1.5,1.62
04.08.2021 01:21:22.380,3.8399800000000006,3.8360800000000004,1.5,1.62
04.08.2021 01:21:23.362,3.8399800000000006,3.8360800000000004,1.5,1.62
04.08.2021 01:21:23.563,3.8399800000000006,3.8360800000000004,1.5,1.62
04.08.2021 01:21:23.766,3.83997,3.8360900000000004,1.5,1.62
04.08.2021 01:21:28.242,3.8399800000000006,3.8360800000000004,1.5,1.62
04.08.2021 01:21:28.752,3.8399800000000006,3.8360800000000004,1.5,1.62
04.08.2021 01:21:29.161,3.8399800000000006,3.8360800000000004,1.5,1.62
04.08.2021 01:21:29.361,3.8399800000000006,3.8360800000000004,1.5,1.62
04.08.2021 01:21:30.773,3.8399800000000006,3.8360800000000004,1.5,1.62
04.08.2021 01:21:31.377,3.83997,3.8360900000000004,1.5,1.62
04.08.2021 01:21:31.978,3.8399800000000006,3.8360800000000004,1.5,1.62
04.08.2021 01:21:32.180,3.8399800000000006,3.8360800000000004,1.5,1.62
04.08.2021 01:21:32.402,3.83997,3.8362000000000003,1.5,1
04.08.2021 01:21:32.583,3.8399800000000006,3.8359199999999998,1.5,1.5
04.08.2021 01:22:32.233,3.8399800000000006,3.8359199999999998,1.5,1.5
04.08.2021 01:22:32.439,3.8405,3.8359,1.5,1.5
04.08.2021 01:22:35.348,3.8405,3.8359,1.5,1.5
04.08.2021 01:22:35.551,3.83997,3.8362600000000002,1.5,1
04.08.2021 01:22:39.005,3.8399800000000006,3.8362300000000005,1.5,1
04.08.2021 01:22:39.160,3.83997,3.8362400000000005,1.5,1
04.08.2021 01:22:39.416,3.8399800000000006,3.8362300000000005,1.5,1
04.08.2021 01:22:39.782,3.83997,3.83617,1.5,1
04.08.2021 01:23:00.730,3.8400600000000003,3.83605,1,1
04.08.2021 01:23:00.884,3.84001,3.8360000000000003,1,1
04.08.2021 01:23:01.130,3.8399800000000006,3.8360300000000005,1.5,1
04.08.2021 01:23:01.489,3.8399800000000006,3.8359199999999998,1.5,1.5
04.08.2021 01:23:03.377,3.8399800000000006,3.8359199999999998,1.5,1.5
04.08.2021 01:23:07.398,3.8396800000000004,3.8359199999999998,1.5,1.5
04.08.2021 01:23:07.599,3.83967,3.8359300000000003,1.5,1.5
04.08.2021 01:23:10.399,3.8396800000000004,3.8359199999999998,1.5,1.5
04.08.2021 01:23:18.537,3.8396800000000004,3.8359199999999998,1.5,1.5
04.08.2021 01:23:19.022,3.8396800000000004,3.8359199999999998,1.5,1.5
04.08.2021 01:23:20.225,3.8396800000000004,3.8359199999999998,1.5,1.5
04.08.2021 01:23:20.379,3.8396800000000004,3.8359199999999998,1.5,1.5
04.08.2021 01:23:26.094,3.83967,3.8359400000000003,1.5,1.5
04.08.2021 01:23:26.907,3.83967,3.8359400000000003,1.5,1.5
04.08.2021 01:23:27.108,3.8396800000000004,3.8359300000000003,1.5,1.5
04.08.2021 01:23:27.309,3.8396800000000004,3.8359300000000003,1.5,1.5
04.08.2021 01:23:29.261,3.8399800000000006,3.83607,1.5,1.5
04.08.2021 01:23:29.768,3.8399800000000006,3.83607,1.5,1.5
04.08.2021 01:23:30.058,3.83997,3.8359300000000003,1.5,1.5
04.08.2021 01:23:30.378,3.8399800000000006,3.8359199999999998,1.5,1.5
04.08.2021 01:23:30.579,3.83997,3.8359300000000003,1.5,1.5
04.08.2021 01:23:30.779,3.8399800000000006,3.8359199999999998,1.5,1.5
04.08.2021 01:23:31.004,3.8399800000000006,3.8359300000000003,1.5,1.5
04.08.2021 01:23:31.472,3.83997,3.8359300000000003,1.5,1.5
04.08.2021 01:23:31.628,3.83997,3.8359300000000003,1.5,1.5
04.08.2021 01:23:31.926,3.83997,3.8359300000000003,1.5,1.5
04.08.2021 01:23:32.128,3.8399800000000006,3.8359199999999998,1.5,1.5
04.08.2021 01:23:32.330,3.83997,3.8359300000000003,1.5,1.5
04.08.2021 01:23:35.558,3.8399800000000006,3.8359199999999998,1.5,1.5
04.08.2021 01:23:38.655,3.8399800000000006,3.8359199999999998,1.5,1.5
04.08.2021 01:23:53.025,3.83997,3.8359300000000003,1.5,1.5
04.08.2021 01:23:53.228,3.8399800000000006,3.8359199999999998,1.5,1.5
04.08.2021 01:24:24.139,3.8399800000000006,3.8359199999999998,1.5,1.5
04.08.2021 01:24:24.339,3.83997,3.8359300000000003,1.5,1.5
04.08.2021 01:24:39.425,3.84039,3.8356900000000005,1.5,1.5
04.08.2021 01:24:42.187,3.84039,3.8356900000000005,1.5,1.5
04.08.2021 01:24:43.252,3.84039,3.8356900000000005,1.5,1.5
04.08.2021 01:24:43.426,3.84039,3.8356900000000005,1.5,1.5
04.08.2021 01:24:54.178,3.8403800000000006,3.8357,1.5,1.5
04.08.2021 01:24:54.380,3.83997,3.8359300000000003,1.5,1.5
04.08.2021 01:25:00.095,3.83997,3.8359300000000003,1.5,1.5
04.08.2021 01:25:00.254,3.8399800000000006,3.8359199999999998,1.5,1.5
04.08.2021 01:25:04.395,3.8399800000000006,3.8359199999999998,1.5,1.5
04.08.2021 01:25:14.772,3.83997,3.8359300000000003,1.5,1.5
04.08.2021 01:25:14.867,3.83997,3.8359300000000003,1.5,1.5
04.08.2021 01:25:15.338,3.8399800000000006,3.8359199999999998,1.5,1.5
04.08.2021 01:25:15.539,3.8399800000000006,3.8359199999999998,1.5,1.5
04.08.2021 01:25:19.855,3.83997,3.8359300000000003,1.5,1.5
04.08.2021 01:25:20.770,3.8399800000000006,3.8359199999999998,1.5,1.5
04.08.2021 01:25:25.667,3.8399800000000006,3.8359199999999998,1.5,1.5
04.08.2021 01:25:27.716,3.8399800000000006,3.8359199999999998,1.5,1.5
04.08.2021 01:25:28.862,3.8399800000000006,3.8359199999999998,1.5,1.5
04.08.2021 01:25:29.354,3.8399800000000006,3.8359199999999998,1.5,1.5
04.08.2021 01:25:32.919,3.8399800000000006,3.8359199999999998,1.5,1.5
04.08.2021 01:25:33.120,3.8399800000000006,3.8359199999999998,1.5,1.5
04.08.2021 01:25:41.820,3.8399800000000006,3.83611,1.5,1
04.08.2021 01:25:44.418,3.8399800000000006,3.8359199999999998,1.5,1.5
04.08.2021 01:25:44.581,3.83997,3.83619,1.5,1
04.08.2021 01:25:51.386,3.8400800000000004,3.8361300000000003,1.5,1
04.08.2021 01:25:59.016,3.83997,3.8359300000000003,1.5,1.5
04.08.2021 01:25:59.893,3.8399800000000006,3.8359199999999998,1.5,1.5
04.08.2021 01:26:09.419,3.8399800000000006,3.8359199999999998,1.5,1.5
04.08.2021 01:26:09.620,3.8399800000000006,3.8359199999999998,1.5,1.5
04.08.2021 01:26:20.463,3.8399800000000006,3.8359199999999998,1.5,1.5
04.08.2021 01:26:20.621,3.8399800000000006,3.8359199999999998,1.5,1.5
04.08.2021 01:26:29.787,3.8399800000000006,3.8359199999999998,1.5,1.5
04.08.2021 01:26:29.989,3.8399800000000006,3.8359199999999998,1.5,1.5
04.08.2021 01:27:17.969,3.8399800000000006,3.8359199999999998,1.5,1.5
04.08.2021 01:27:18.578,3.83997,3.8359300000000003,1.5,1.5
04.08.2021 01:27:32.934,3.8405199999999997,3.8358900000000005,1.5,1.5
04.08.2021 01:27:33.137,3.8405199999999997,3.8358900000000005,1.5,1.5
04.08.2021 01:27:35.358,3.8404800000000003,3.83601,1.5,1.5
04.08.2021 01:27:35.558,3.8404900000000004,3.8360000000000003,1.5,1.5
04.08.2021 01:27:39.129,3.8404900000000004,3.8360000000000003,1.5,1.5
04.08.2021 01:27:39.579,3.8402900000000004,3.8357699999999997,1.5,1.5
04.08.2021 01:27:42.404,3.8402800000000004,3.8357800000000006,1.5,1.5
04.08.2021 01:27:46.566,3.83967,3.8359300000000003,1.5,1.5
04.08.2021 01:27:46.768,3.8396800000000004,3.8359199999999998,1.5,1.5
04.08.2021 01:28:01.252,3.8396800000000004,3.8359199999999998,1.5,1.5
04.08.2021 01:28:01.453,3.8396800000000004,3.8359199999999998,1.5,1.5
04.08.2021 01:28:01.654,3.83967,3.8359300000000003,1.5,1.5
04.08.2021 01:28:01.856,3.8396800000000004,3.8359199999999998,1.5,1.5
04.08.2021 01:28:02.058,3.8396800000000004,3.8359199999999998,1.5,1.5
04.08.2021 01:28:02.298,3.83967,3.8359300000000003,1.5,1.5
04.08.2021 01:28:02.462,3.8396800000000004,3.8359199999999998,1.5,1.5
04.08.2021 01:28:02.664,3.83967,3.8359300000000003,1.5,1.5
04.08.2021 01:28:03.068,3.83967,3.8359300000000003,1.5,1.5
04.08.2021 01:28:03.271,3.8396800000000004,3.8359199999999998,1.5,1.5
04.08.2021 01:28:03.471,3.8396800000000004,3.8359199999999998,1.5,1.5
04.08.2021 01:28:03.674,3.8396800000000004,3.8359199999999998,1.5,1.5
04.08.2021 01:28:03.877,3.8396800000000004,3.8359199999999998,1.5,1.5
04.08.2021 01:28:04.080,3.8396800000000004,3.8359199999999998,1.5,1.5
04.08.2021 01:28:04.280,3.8396800000000004,3.8359199999999998,1.5,1.5
04.08.2021 01:28:04.481,3.8396800000000004,3.8359199999999998,1.5,1.5
04.08.2021 01:28:04.682,3.8396800000000004,3.8359199999999998,1.5,1.5
04.08.2021 01:28:04.884,3.8396800000000004,3.8359199999999998,1.5,1.5
04.08.2021 01:28:05.108,3.8396800000000004,3.8359199999999998,1.5,1.5
04.08.2021 01:28:05.237,3.83967,3.8359300000000003,1.5,1.5
04.08.2021 01:28:05.439,3.8396800000000004,3.8359199999999998,1.5,1.5
04.08.2021 01:28:05.640,3.8396800000000004,3.8359199999999998,1.5,1.5
04.08.2021 01:28:05.841,3.8396800000000004,3.8359199999999998,1.5,1.5
04.08.2021 01:28:06.009,3.8396800000000004,3.8359199999999998,1.5,1.5
04.08.2021 01:28:06.245,3.8396800000000004,3.8359199999999998,1.5,1.5
04.08.2021 01:28:06.445,3.8396800000000004,3.8359199999999998,1.5,1.5
04.08.2021 01:28:06.648,3.83967,3.8359300000000003,1.5,1.5
04.08.2021 01:28:07.128,3.83967,3.8359300000000003,1.5,1.5
04.08.2021 01:28:07.329,3.8396800000000004,3.8359199999999998,1.5,1.5
04.08.2021 01:28:07.530,3.8396800000000004,3.8359199999999998,1.5,1.5
04.08.2021 01:28:07.730,3.83967,3.8359300000000003,1.5,1.5
04.08.2021 01:28:07.932,3.8396800000000004,3.8359199999999998,1.5,1.5
04.08.2021 01:28:08.132,3.8396800000000004,3.8359199999999998,1.5,1.5
04.08.2021 01:28:08.333,3.8396800000000004,3.8359199999999998,1.5,1.5
04.08.2021 01:28:08.536,3.8396800000000004,3.8359199999999998,1.5,1.5
04.08.2021 01:28:08.752,3.8396800000000004,3.8359199999999998,1.5,1.5
04.08.2021 01:28:08.935,3.8396800000000004,3.8359199999999998,1.5,1.5
04.08.2021 01:28:09.136,3.8396800000000004,3.8359199999999998,1.5,1.5
04.08.2021 01:28:09.338,3.83967,3.8359300000000003,1.5,1.5
04.08.2021 01:28:09.538,3.8396800000000004,3.8359199999999998,1.5,1.5
04.08.2021 01:28:09.740,3.8396800000000004,3.8359199999999998,1.5,1.5
04.08.2021 01:28:09.941,3.8396800000000004,3.8359199999999998,1.5,1.5
04.08.2021 01:28:10.179,3.8396800000000004,3.8359199999999998,1.5,1.5
04.08.2021 01:28:10.380,3.83967,3.8359300000000003,1.5,1.5
04.08.2021 01:28:10.581,3.8396800000000004,3.8359199999999998,1.5,1.5
04.08.2021 01:28:10.781,3.8396800000000004,3.8359199999999998,1.5,1.5
04.08.2021 01:28:10.982,3.8396800000000004,3.8359199999999998,1.5,1.5
04.08.2021 01:28:11.183,3.83967,3.8359300000000003,1.5,1.5
04.08.2021 01:28:11.385,3.8396800000000004,3.8359199999999998,1.5,1.5
04.08.2021 01:28:11.586,3.8396800000000004,3.8359199999999998,1.5,1.5
04.08.2021 01:28:11.786,3.83967,3.8359300000000003,1.5,1.5
04.08.2021 01:28:11.989,3.83967,3.8359300000000003,1.5,1.5
04.08.2021 01:28:12.190,3.8396800000000004,3.8359199999999998,1.5,1.5
04.08.2021 01:28:12.391,3.83967,3.8359300000000003,1.5,1.5
04.08.2021 01:28:12.594,3.83967,3.8359300000000003,1.5,1.5
04.08.2021 01:28:12.796,3.83967,3.8359300000000003,1.5,1.5
04.08.2021 01:28:13.202,3.8396800000000004,3.8359199999999998,1.5,1.5
04.08.2021 01:28:13.404,3.8396800000000004,3.8359199999999998,1.5,1.5
04.08.2021 01:28:13.605,3.8396800000000004,3.8359199999999998,1.5,1.5
04.08.2021 01:28:13.806,3.8396800000000004,3.8359199999999998,1.5,1.5
04.08.2021 01:28:14.008,3.8396800000000004,3.8359199999999998,1.5,1.5
04.08.2021 01:28:14.208,3.83967,3.8359300000000003,1.5,1.5
04.08.2021 01:28:14.411,3.8396800000000004,3.8359199999999998,1.5,1.5
04.08.2021 01:28:14.612,3.83967,3.8359300000000003,1.5,1.5
04.08.2021 01:28:14.812,3.8396800000000004,3.8359199999999998,1.5,1.5
04.08.2021 01:28:14.980,3.8396800000000004,3.8359199999999998,1.5,1.5
04.08.2021 01:28:15.184,3.83967,3.8359300000000003,1.5,1.5
04.08.2021 01:28:15.387,3.83967,3.8359300000000003,1.5,1.5
04.08.2021 01:28:15.590,3.8396800000000004,3.8359199999999998,1.5,1.5
04.08.2021 01:28:15.790,3.83967,3.8359300000000003,1.5,1.5
04.08.2021 01:28:15.991,3.83967,3.8359300000000003,1.5,1.5
04.08.2021 01:28:16.237,3.8396800000000004,3.8359199999999998,1.5,1.5
04.08.2021 01:28:16.395,3.8396800000000004,3.8359199999999998,1.5,1.5
04.08.2021 01:28:16.597,3.8396800000000004,3.8359199999999998,1.5,1.5
04.08.2021 01:28:16.784,3.8396800000000004,3.8359199999999998,1.5,1.5
04.08.2021 01:28:16.986,3.8396800000000004,3.8359199999999998,1.5,1.5
04.08.2021 01:28:17.680,3.83967,3.8359300000000003,1.5,1.5
04.08.2021 01:28:22.738,3.8396800000000004,3.8357699999999997,1.5,1.5
04.08.2021 01:28:26.010,3.8396800000000004,3.8357699999999997,1.5,1.5
04.08.2021 01:28:26.660,3.8396800000000004,3.8357699999999997,1.5,1.5
04.08.2021 01:28:26.863,3.8396800000000004,3.8357699999999997,1.5,1.5
04.08.2021 01:28:31.887,3.8396800000000004,3.8357699999999997,1.5,1.5
04.08.2021 01:28:35.811,3.8396800000000004,3.8357699999999997,1.5,1.5
04.08.2021 01:29:08.434,3.8396800000000004,3.83562,1.5,1.5
04.08.2021 01:29:10.437,3.83967,3.8357900000000003,1.5,1.62
04.08.2021 01:29:10.643,3.8396800000000004,3.83562,1.5,1.5
04.08.2021 01:29:14.972,3.8396800000000004,3.83562,1.5,1.5
04.08.2021 01:29:15.350,3.8396800000000004,3.83562,1.5,1.5
04.08.2021 01:29:28.736,3.8396800000000004,3.83562,1.5,1.5
04.08.2021 01:29:29.399,3.8396800000000004,3.83562,1.5,1.5
04.08.2021 01:29:33.659,3.8396800000000004,3.83562,1.5,1.5
04.08.2021 01:29:33.861,3.83967,3.8356300000000005,1.5,1.5
04.08.2021 01:29:38.457,3.8396800000000004,3.83562,1.5,1.5
04.08.2021 01:29:38.858,3.8393800000000007,3.83562,1.5,1.5
04.08.2021 01:29:41.954,3.8393699999999997,3.8356300000000005,1.5,1.5
04.08.2021 01:29:42.674,3.8393800000000007,3.83562,1.5,1.5
04.08.2021 01:29:43.265,3.8393800000000007,3.8353900000000003,1.5,1.5
04.08.2021 01:29:43.418,3.8393800000000007,3.83551,1.5,1
04.08.2021 01:29:46.937,3.8393699999999997,3.8354000000000004,1.5,1.5
04.08.2021 01:29:47.094,3.8393699999999997,3.8354000000000004,1.5,1.5
04.08.2021 01:29:49.566,3.8393800000000007,3.8354300000000006,1.5,1.5
04.08.2021 01:29:54.616,3.8396800000000004,3.83564,1.5,1.5
04.08.2021 01:29:56.853,3.8396800000000004,3.83587,1.5,1
04.08.2021 01:29:58.062,3.83967,3.8359300000000003,1.5,1.5
04.08.2021 01:29:58.293,3.8399800000000006,3.8359,1.5,1
04.08.2021 01:30:00.538,3.8397400000000004,3.8359199999999998,1,1.5
04.08.2021 01:30:10.574,3.83987,3.8359199999999998,1,1.5
04.08.2021 01:30:10.949,3.8398000000000003,3.83581,1,1.5
04.08.2021 01:30:11.587,3.8398000000000003,3.8359199999999998,1,1.5
04.08.2021 01:30:11.811,3.8398000000000003,3.8360300000000005,1,1
04.08.2021 01:30:11.993,3.8398000000000003,3.8360300000000005,1,1
04.08.2021 01:30:15.041,3.83997,3.8359300000000003,1.5,1.5
04.08.2021 01:30:16.746,3.8402800000000004,3.83622,1.5,1
04.08.2021 01:30:16.933,3.8402800000000004,3.83622,1.5,1
04.08.2021 01:30:17.145,3.8402800000000004,3.83622,1.5,1.5
04.08.2021 01:30:23.567,3.84027,3.8362400000000005,1.5,1.5
04.08.2021 01:30:37.851,3.8402800000000004,3.8365199999999997,1.5,1
04.08.2021 01:30:41.235,3.8402800000000004,3.83639,1.5,1
04.08.2021 01:30:41.393,3.8402800000000004,3.83639,1.5,1
04.08.2021 01:30:45.754,3.8403400000000003,3.83642,1,1.5
04.08.2021 01:30:45.978,3.8403,3.83642,1,1.5
04.08.2021 01:30:47.968,3.8399800000000006,3.83642,1.5,1.5
04.08.2021 01:30:50.628,3.8402800000000004,3.8365199999999997,1.5,1.5
04.08.2021 01:30:50.830,3.84027,3.8365300000000007,1.5,1.5
04.08.2021 01:30:51.061,3.8402800000000004,3.8365199999999997,1.5,1.5
04.08.2021 01:30:51.262,3.84041,3.8362300000000005,1,1.5
04.08.2021 01:30:51.459,3.8402800000000004,3.8362300000000005,1.5,1.5
04.08.2021 01:30:52.945,3.84027,3.8362400000000005,1.5,1.5
04.08.2021 01:30:56.724,3.84027,3.8362400000000005,1.5,1.5
04.08.2021 01:31:03.440,3.8402800000000004,3.8362300000000005,1.5,1.5
04.08.2021 01:31:04.604,3.84027,3.8362400000000005,1.5,1.5
04.08.2021 01:31:09.192,3.8403400000000003,3.8362300000000005,1,1.5
04.08.2021 01:31:11.752,3.8403400000000003,3.8362300000000005,1,1.5
04.08.2021 01:31:12.334,3.8403400000000003,3.8362300000000005,1,1.5
04.08.2021 01:31:12.936,3.8403400000000003,3.8362300000000005,1,1.5
04.08.2021 01:31:13.138,3.8403400000000003,3.8362300000000005,1,1.5
04.08.2021 01:31:18.897,3.8402800000000004,3.8362300000000005,1.5,1.5
04.08.2021 01:31:46.863,3.8402800000000004,3.8365199999999997,1.5,1.5
04.08.2021 01:31:47.064,3.8402800000000004,3.8365199999999997,1.5,1.5
04.08.2021 01:31:47.265,3.84027,3.8365300000000007,1.5,1.5
04.08.2021 01:31:47.820,3.84041,3.83651,1.62,1
04.08.2021 01:31:48.846,3.8405800000000005,3.8364400000000005,1.5,1
04.08.2021 01:31:49.017,3.8405800000000005,3.8365800000000005,1.5,1
04.08.2021 01:31:49.247,3.84041,3.8364300000000005,1,1.5
04.08.2021 01:31:49.448,3.8405800000000005,3.8365800000000005,1.5,1
04.08.2021 01:31:49.649,3.84041,3.8364300000000005,1,1
04.08.2021 01:31:49.850,3.8405800000000005,3.8365800000000005,1.5,1
04.08.2021 01:31:50.051,3.8404000000000003,3.8364400000000005,1,1
04.08.2021 01:31:50.283,3.8405800000000005,3.8365800000000005,1.5,1
04.08.2021 01:31:50.484,3.84041,3.8364300000000005,1,1
04.08.2021 01:31:50.685,3.84057,3.83659,1.5,1
04.08.2021 01:31:50.886,3.84041,3.8364300000000005,1,1
04.08.2021 01:31:51.086,3.84057,3.83659,1.5,1
04.08.2021 01:31:51.287,3.84041,3.8364300000000005,1,1
04.08.2021 01:31:51.487,3.8404000000000003,3.8364400000000005,1,1
04.08.2021 01:31:51.890,3.84031,3.8365199999999997,1,1.5
04.08.2021 01:31:52.091,3.84042,3.8365300000000007,1.5,1.5
04.08.2021 01:31:54.024,3.84057,3.8365300000000007,1.5,1.5
04.08.2021 01:31:54.227,3.84031,3.8365199999999997,1,1.5
04.08.2021 01:31:55.034,3.84031,3.8365199999999997,1,1.5
04.08.2021 01:31:55.285,3.84057,3.8365300000000007,1.5,1.5
04.08.2021 01:31:55.486,3.84031,3.8365300000000007,1,1.5
04.08.2021 01:31:55.688,3.84057,3.8365300000000007,1.5,1.5
04.08.2021 01:31:55.888,3.8403199999999997,3.8365199999999997,1,1.5
04.08.2021 01:31:56.092,3.8405800000000005,3.8365199999999997,1.5,1.5
04.08.2021 01:31:56.290,3.84031,3.8365300000000007,1,1.5
04.08.2021 01:31:56.494,3.8405800000000005,3.8365199999999997,1.5,1.5
04.08.2021 01:31:56.692,3.8403199999999997,3.8365199999999997,1,1.5
04.08.2021 01:31:56.895,3.84057,3.8365300000000007,1.5,1.5
04.08.2021 01:31:57.095,3.84031,3.8365300000000007,1,1.5
04.08.2021 01:31:57.299,3.8405800000000005,3.8365199999999997,1.5,1.5
04.08.2021 01:31:57.497,3.84031,3.8365199999999997,1,1.5
04.08.2021 01:31:57.700,3.8405800000000005,3.8365199999999997,1.5,1.5
04.08.2021 01:31:57.901,3.8403199999999997,3.8365199999999997,1,1.5
04.08.2021 01:31:58.103,3.84057,3.8365300000000007,1.5,1.5
04.08.2021 01:31:58.506,3.8403400000000003,3.8365300000000007,1,1.5
04.08.2021 01:31:58.707,3.84057,3.8365300000000007,1.5,1.5
04.08.2021 01:31:59.017,3.84042,3.8365300000000007,1.5,1.5
04.08.2021 01:31:59.182,3.84042,3.8365300000000007,1.5,1.5
04.08.2021 01:31:59.384,3.8403500000000004,3.8365199999999997,1,1.5
04.08.2021 01:31:59.628,3.8403400000000003,3.8365300000000007,1,1.5
04.08.2021 01:31:59.781,3.8403400000000003,3.8365300000000007,1,1.5
04.08.2021 01:32:00.082,3.8404300000000005,3.8365199999999997,1.5,1.5
04.08.2021 01:32:20.886,3.84042,3.8364900000000004,1.62,1
04.08.2021 01:32:21.089,3.8405800000000005,3.8365199999999997,1.5,1.5
04.08.2021 01:32:22.204,3.8405800000000005,3.8365199999999997,1.5,1.5
04.08.2021 01:32:23.222,3.84057,3.8365300000000007,1.5,1.5
04.08.2021 01:32:25.345,3.8405800000000005,3.8365199999999997,1.5,1.5
04.08.2021 01:32:25.502,3.8405800000000005,3.8365199999999997,1.5,1.5
04.08.2021 01:32:29.396,3.8405800000000005,3.8365199999999997,1.5,1.5
04.08.2021 01:32:29.879,3.8405800000000005,3.8365199999999997,1.5,1.5
04.08.2021 01:32:31.468,3.8402800000000004,3.8365199999999997,1.5,1.5
04.08.2021 01:32:32.012,3.8402800000000004,3.8365199999999997,1.5,1.5
04.08.2021 01:32:35.598,3.8402800000000004,3.8365199999999997,1.5,1.5
04.08.2021 01:32:39.016,3.8402800000000004,3.8365199999999997,1.5,1.5
04.08.2021 01:32:40.353,3.8402800000000004,3.83622,1.5,1.5
04.08.2021 01:32:42.209,3.8402800000000004,3.83622,1.5,1.5
04.08.2021 01:32:42.411,3.8402800000000004,3.83622,1.5,1.5
04.08.2021 01:32:47.756,3.8402800000000004,3.83622,1.5,1.5
04.08.2021 01:32:47.998,3.8402800000000004,3.83622,1.5,1.5
04.08.2021 01:32:55.315,3.8402800000000004,3.83622,1.5,1.5
04.08.2021 01:33:23.883,3.8401300000000003,3.8362300000000005,1,1.5
04.08.2021 01:33:24.084,3.8401400000000003,3.83622,1,1.5
04.08.2021 01:33:24.439,3.84011,3.8362300000000005,1.62,1.5
04.08.2021 01:33:24.596,3.8401199999999998,3.83622,1.62,1.5
04.08.2021 01:33:25.335,3.8400600000000003,3.83622,1,1.5
04.08.2021 01:33:26.481,3.8400600000000003,3.83622,1,1.5
04.08.2021 01:33:28.313,3.8402800000000004,3.83622,1.5,1.5
04.08.2021 01:33:42.006,3.84027,3.8362300000000005,1.5,1.5
04.08.2021 01:33:43.391,3.8402800000000004,3.83622,1.5,1.5
04.08.2021 01:33:43.591,3.8402800000000004,3.83622,1.5,1.5
04.08.2021 01:33:46.668,3.8402800000000004,3.83622,1.5,1.5
04.08.2021 01:33:47.269,3.8402800000000004,3.83622,1.5,1.5
04.08.2021 01:33:47.561,3.84027,3.8362300000000005,1.5,1.5
04.08.2021 01:34:02.567,3.8402800000000004,3.8362800000000004,1.5,1.5
04.08.2021 01:34:03.412,3.84027,3.8362900000000004,1.5,1.5
04.08.2021 01:34:07.518,3.8402800000000004,3.8365199999999997,1.5,1.5
04.08.2021 01:34:18.611,3.8403800000000006,3.8365199999999997,1.5,1.5
04.08.2021 01:34:21.399,3.84037,3.8365199999999997,1,1.5
04.08.2021 01:34:34.706,3.84037,3.8365199999999997,1,1.5
04.08.2021 01:34:43.375,3.84037,3.8365199999999997,1,1.5
04.08.2021 01:34:43.575,3.84027,3.8365300000000007,1.5,1.5
04.08.2021 01:34:50.392,3.84027,3.8365400000000003,1.5,1.5
04.08.2021 01:34:57.174,3.84027,3.8365400000000003,1.5,1.5
04.08.2021 01:35:03.168,3.84027,3.8362900000000004,1.5,1.5
04.08.2021 01:35:10.748,3.8402800000000004,3.8362800000000004,1.5,1.5
04.08.2021 01:35:10.906,3.84027,3.8362900000000004,1.5,1.5
04.08.2021 01:35:11.108,3.84027,3.8362300000000005,1.5,1.5
04.08.2021 01:35:41.896,3.84027,3.8362300000000005,1.5,1.5
04.08.2021 01:35:47.017,3.8402800000000004,3.83622,1.5,1.5
04.08.2021 01:36:21.869,3.84027,3.8365300000000007,1.5,1.5
04.08.2021 01:36:22.066,3.84057,3.8365300000000007,1.5,1.5
04.08.2021 01:36:22.278,3.8403300000000007,3.8365199999999997,1,1.5
04.08.2021 01:36:29.071,3.84039,3.8365199999999997,1,1.5
04.08.2021 01:36:29.271,3.8403800000000006,3.8365300000000007,1,1.5
04.08.2021 01:36:29.604,3.84039,3.8365199999999997,1,1.5
04.08.2021 01:36:29.805,3.84039,3.8365199999999997,1,1.5
04.08.2021 01:36:31.133,3.84039,3.8365199999999997,1,1.5
04.08.2021 01:36:32.412,3.8403800000000006,3.8365300000000007,1,1.5
04.08.2021 01:36:34.756,3.84057,3.8365300000000007,1.5,1.5
04.08.2021 01:36:39.316,3.8405800000000005,3.8365199999999997,1.5,1.5
04.08.2021 01:36:39.628,3.8405800000000005,3.8365199999999997,1.5,1.5
