Gmt time,Ask,Bid,AskVolume,BidVolume
09.08.2021 00:00:00.075,3.8976699999999997,3.89147,1.5,1.5
09.08.2021 00:00:00.259,3.8976800000000007,3.89147,1.5,1.5
09.08.2021 00:00:00.520,3.8977300000000006,3.89147,1.5,1.5
09.08.2021 00:00:00.621,3.8972800000000003,3.89147,1.5,1.5
09.08.2021 00:00:00.786,3.8970300000000004,3.89147,1.5,1.5
09.08.2021 00:00:00.949,3.89717,3.8914800000000005,1.5,1.5
09.08.2021 00:00:01.150,3.8975300000000006,3.89147,1.5,1.5
09.08.2021 00:00:01.534,3.8971800000000005,3.8913699999999998,1.5,1.5
09.08.2021 00:00:01.635,3.89757,3.89152,1.5,1.5
09.08.2021 00:00:01.886,3.8976699999999997,3.8913800000000003,1.5,1.5
09.08.2021 00:00:02.102,3.89751,3.8912300000000006,1.5,1.5
09.08.2021 00:00:02.202,3.89751,3.89116,1.5,1.5
09.08.2021 00:00:02.303,3.8974800000000003,3.8911800000000003,1.5,1.5
09.08.2021 00:00:02.354,3.8974800000000003,3.89152,1.5,1.5
09.08.2021 00:00:02.589,3.89737,3.8915300000000004,1.5,1.5
09.08.2021 00:00:02.800,3.8973800000000005,3.8911800000000003,1.5,1.5
09.08.2021 00:00:03.106,3.8973800000000005,3.89115,1.5,1.5
09.08.2021 00:00:03.521,3.8970800000000003,3.89115,1.5,1.5
09.08.2021 00:00:03.571,3.89732,3.89115,1.5,1.5
09.08.2021 00:00:03.672,3.8968800000000003,3.89115,1.5,1.5
09.08.2021 00:00:03.722,3.89732,3.89115,1.5,1.5
09.08.2021 00:00:03.927,3.89706,3.89116,1.5,1.5
09.08.2021 00:00:03.978,3.8973300000000006,3.89115,1.5,1.5
09.08.2021 00:00:04.250,3.8967800000000006,3.89115,1.5,1.5
09.08.2021 00:00:04.301,3.8972300000000004,3.89115,1.5,1.5
09.08.2021 00:00:04.502,3.89662,3.8908400000000003,1.5,1.5
09.08.2021 00:00:05.483,3.89667,3.8909400000000005,1.5,1.5
09.08.2021 00:00:05.684,3.8966300000000005,3.8911300000000004,1.5,1.5
09.08.2021 00:00:05.949,3.8971199999999997,3.8911800000000003,1.5,1.5
09.08.2021 00:00:06.100,3.8971800000000005,3.8911800000000003,1.5,1.5
09.08.2021 00:00:06.302,3.8969800000000006,3.89142,1.5,1.5
09.08.2021 00:00:06.503,3.89717,3.8909900000000004,1.5,1.5
09.08.2021 00:00:06.553,3.8971300000000006,3.8909800000000003,1.5,1.5
09.08.2021 00:00:06.755,3.8971199999999997,3.8910300000000007,1.5,1.5
09.08.2021 00:00:06.956,3.8966300000000005,3.8911300000000004,1.5,1.5
09.08.2021 00:00:07.157,3.8968800000000003,3.8912199999999997,1.5,1.5
09.08.2021 00:00:07.371,3.89657,3.8913400000000005,1.5,1.5
09.08.2021 00:00:07.572,3.8965800000000006,3.8910300000000007,1.5,1.5
09.08.2021 00:00:07.824,3.89697,3.89109,1.5,1.5
09.08.2021 00:00:07.924,3.89691,3.8912400000000003,1.5,1.5
09.08.2021 00:00:09.663,3.8971199999999997,3.8913400000000005,1.5,1.5
09.08.2021 00:00:09.864,3.8968800000000003,3.89132,1.5,1.5
09.08.2021 00:00:10.065,3.8968800000000003,3.8912199999999997,1.5,1.5
09.08.2021 00:00:10.267,3.89707,3.8911900000000004,1.5,1.5
09.08.2021 00:00:10.483,3.8968400000000005,3.89116,1.5,1.5
09.08.2021 00:00:10.634,3.8970800000000003,3.8911300000000004,1.5,1.5
09.08.2021 00:00:11.037,3.89681,3.8908300000000007,1.5,1.5
09.08.2021 00:00:11.339,3.8969199999999997,3.8913300000000004,1.5,1.5
09.08.2021 00:00:11.541,3.89657,3.89109,1.5,1.5
09.08.2021 00:00:11.742,3.89682,3.8913300000000004,1.5,1.5
09.08.2021 00:00:11.944,3.89686,3.8911300000000004,1.5,1.5
09.08.2021 00:00:12.168,3.8966300000000005,3.89132,1.5,1.5
09.08.2021 00:00:12.320,3.89677,3.8908800000000006,1.5,1.5
09.08.2021 00:00:12.371,3.89701,3.8911300000000004,1.5,1.5
09.08.2021 00:00:12.573,3.8969300000000007,3.8909300000000004,1.5,1.5
09.08.2021 00:00:12.774,3.89657,3.8914,1.5,1.5
09.08.2021 00:00:12.925,3.89671,3.8909900000000004,1.5,1.5
09.08.2021 00:00:13.114,3.8967199999999997,3.8911800000000003,1.5,1.5
09.08.2021 00:00:13.353,3.89657,3.8912400000000003,1.5,1.5
09.08.2021 00:00:13.504,3.8968300000000005,3.8910800000000005,1.5,1.5
09.08.2021 00:00:13.705,3.8965300000000003,3.8912800000000005,1.5,1.5
09.08.2021 00:00:13.907,3.89667,3.8911300000000004,1.5,1.5
09.08.2021 00:00:14.058,3.8967800000000006,3.8912800000000005,1.5,1.5
09.08.2021 00:00:14.260,3.89667,3.89109,1.5,1.5
09.08.2021 00:00:14.462,3.8964900000000005,3.8910199999999997,1.5,1.5
09.08.2021 00:00:14.663,3.8967199999999997,3.89135,1.5,1.5
09.08.2021 00:00:15.001,3.89671,3.8914500000000003,1.5,1.5
09.08.2021 00:00:15.567,3.8967500000000004,3.8912300000000006,1.5,1.5
09.08.2021 00:00:15.733,3.8969800000000006,3.8912800000000005,1.5,1.5
09.08.2021 00:00:15.907,3.8966800000000004,3.8912300000000006,1.5,1.5
09.08.2021 00:00:16.159,3.8966300000000005,3.8912800000000005,1.5,1.5
09.08.2021 00:00:16.725,3.8965800000000006,3.8911800000000003,1.5,1.5
09.08.2021 00:00:16.932,3.8967800000000006,3.89142,1.5,1.5
09.08.2021 00:00:17.133,3.8967300000000007,3.8912500000000003,1.5,1.5
09.08.2021 00:00:17.298,3.89647,3.8913300000000004,1.5,1.5
09.08.2021 00:00:17.500,3.89685,3.8914300000000006,1.5,1.5
09.08.2021 00:00:17.701,3.8969300000000007,3.8908500000000004,1.5,1.5
09.08.2021 00:00:17.902,3.8967300000000007,3.89117,1.5,1.5
09.08.2021 00:00:17.953,3.8966600000000002,3.89109,1.5,1.5
09.08.2021 00:00:18.355,3.89647,3.8911900000000004,1.5,1.5
09.08.2021 00:00:18.556,3.8965199999999998,3.8912300000000006,1.5,1.5
09.08.2021 00:00:19.448,3.89642,3.8910500000000003,1.5,1.5
09.08.2021 00:00:19.606,3.89641,3.8911400000000005,1.5,1.5
09.08.2021 00:00:20.048,3.89677,3.8911300000000004,1.5,1.5
09.08.2021 00:00:20.099,3.8963800000000006,3.8911300000000004,1.5,1.5
09.08.2021 00:00:20.285,3.89641,3.8911400000000005,1.5,1.5
09.08.2021 00:00:20.486,3.8966800000000004,3.8910800000000005,1.5,1.5
09.08.2021 00:00:20.687,3.8964800000000004,3.8909800000000003,1.5,1.5
09.08.2021 00:00:20.888,3.89635,3.8909800000000003,1.5,1.5
09.08.2021 00:00:21.095,3.8967199999999997,3.8912199999999997,1.5,1.5
09.08.2021 00:00:21.296,3.8968400000000005,3.89142,1.5,1.5
09.08.2021 00:00:21.498,3.8965199999999998,3.8913300000000004,1.5,1.5
09.08.2021 00:00:21.679,3.89651,3.8912400000000003,1.5,1.5
09.08.2021 00:00:22.132,3.89657,3.8911800000000003,1.5,1.5
09.08.2021 00:00:22.333,3.89681,3.8911300000000004,1.5,1.5
09.08.2021 00:00:22.534,3.8964800000000004,3.8912800000000005,1.5,1.5
09.08.2021 00:00:22.848,3.8965500000000004,3.8912300000000006,1.5,1.5
09.08.2021 00:00:22.951,3.8966300000000005,3.8913300000000004,1.5,1.5
09.08.2021 00:00:23.153,3.89667,3.89129,1.5,1.5
09.08.2021 00:00:23.354,3.8965800000000006,3.89135,1.5,1.5
09.08.2021 00:00:23.404,3.8965300000000003,3.8911800000000003,1.5,1.5
09.08.2021 00:00:23.790,3.8965300000000003,3.8912800000000005,1.5,1.5
09.08.2021 00:00:24.205,3.89637,3.8912199999999997,1.5,1.5
09.08.2021 00:00:24.406,3.89662,3.89132,1.5,1.5
09.08.2021 00:00:24.607,3.8963300000000003,3.89135,1.5,1.5
09.08.2021 00:00:24.809,3.8965199999999998,3.89129,1.5,1.5
09.08.2021 00:00:25.010,3.8965199999999998,3.8913800000000003,1.5,1.5
09.08.2021 00:00:25.202,3.8964800000000004,3.89135,1.5,1.5
09.08.2021 00:00:25.404,3.8965400000000003,3.8912400000000003,1.5,1.5
09.08.2021 00:00:25.606,3.89665,3.8913300000000004,1.5,1.5
09.08.2021 00:00:25.801,3.89637,3.8913400000000005,1.5,1.5
09.08.2021 00:00:26.002,3.8966300000000005,3.8913300000000004,1.5,1.5
09.08.2021 00:00:26.204,3.8964300000000005,3.8914800000000005,1.5,1.5
09.08.2021 00:00:26.405,3.89662,3.8913800000000003,1.5,1.5
09.08.2021 00:00:26.633,3.8968300000000005,3.8912199999999997,1.5,1.5
09.08.2021 00:00:26.835,3.8967199999999997,3.89155,1.5,1.5
09.08.2021 00:00:27.036,3.8964300000000005,3.8914300000000006,1.5,1.5
09.08.2021 00:00:27.218,3.89651,3.8913900000000003,1.5,1.5
09.08.2021 00:00:27.420,3.8965199999999998,3.8912800000000005,1.5,1.5
09.08.2021 00:00:27.621,3.89651,3.89129,1.5,1.5
09.08.2021 00:00:27.823,3.89651,3.8913900000000003,1.5,1.5
09.08.2021 00:00:27.974,3.8968800000000003,3.8914800000000005,1.5,1.5
09.08.2021 00:00:28.025,3.89667,3.89149,1.5,1.5
09.08.2021 00:00:28.226,3.8965500000000004,3.8914800000000005,1.5,1.5
09.08.2021 00:00:28.427,3.8968000000000003,3.8914800000000005,1.5,1.5
09.08.2021 00:00:28.628,3.8968300000000005,3.8914800000000005,1.5,1.5
09.08.2021 00:00:28.807,3.89682,3.89155,1.5,1.5
09.08.2021 00:00:29.008,3.8967199999999997,3.89162,1.5,1.5
09.08.2021 00:00:29.059,3.8967199999999997,3.8914800000000005,1.5,1.5
09.08.2021 00:00:29.210,3.89667,3.89149,1.5,1.5
09.08.2021 00:00:29.411,3.8966800000000004,3.8915800000000003,1.5,1.5
09.08.2021 00:00:29.611,3.8966800000000004,3.8913800000000003,1.5,1.5
09.08.2021 00:00:29.819,3.8968300000000005,3.8914800000000005,1.5,1.5
09.08.2021 00:00:30.020,3.8966400000000005,3.8915300000000004,1.5,1.5
09.08.2021 00:00:30.287,3.8965800000000006,3.89155,1.5,1.5
09.08.2021 00:00:30.388,3.89661,3.89152,1.5,1.5
09.08.2021 00:00:30.501,3.89661,3.89152,1.5,1.5
09.08.2021 00:00:30.735,3.8965400000000003,3.8914400000000002,1.5,1.5
09.08.2021 00:00:30.936,3.89656,3.8914800000000005,1.5,1.5
09.08.2021 00:00:31.137,3.8964800000000004,3.8915300000000004,1.5,1.5
09.08.2021 00:00:31.288,3.89656,3.89142,1.5,1.5
09.08.2021 00:00:31.490,3.8965500000000004,3.89166,1.5,1.5
09.08.2021 00:00:31.691,3.8965199999999998,3.8914800000000005,1.5,1.5
09.08.2021 00:00:31.893,3.8963800000000006,3.8915800000000003,1.5,1.5
09.08.2021 00:00:32.111,3.89661,3.8915300000000004,1.5,1.5
09.08.2021 00:00:32.494,3.8962900000000005,3.8916300000000006,1.5,1.5
09.08.2021 00:00:32.696,3.8963800000000006,3.89162,1.5,1.5
09.08.2021 00:00:32.898,3.8965199999999998,3.89155,1.5,1.5
09.08.2021 00:00:33.001,3.8968000000000003,3.89156,1.5,1.5
09.08.2021 00:00:33.152,3.89665,3.89162,1.5,1.5
09.08.2021 00:00:33.594,3.89637,3.8916300000000006,1.5,1.5
09.08.2021 00:00:33.795,3.8966800000000004,3.8913800000000003,1.5,1.5
09.08.2021 00:00:34.001,3.89671,3.89156,1.5,1.5
09.08.2021 00:00:34.152,3.89642,3.8913300000000004,1.5,1.5
09.08.2021 00:00:34.353,3.8966300000000005,3.8914300000000006,1.5,1.5
09.08.2021 00:00:34.551,3.8965400000000003,3.89156,1.5,1.5
09.08.2021 00:00:34.755,3.8965300000000003,3.89162,1.5,1.5
09.08.2021 00:00:34.997,3.8965199999999998,3.89164,1.5,1.5
09.08.2021 00:00:35.197,3.8965300000000003,3.89162,1.5,1.5
09.08.2021 00:00:35.366,3.89647,3.8916300000000006,1.5,1.5
09.08.2021 00:00:35.553,3.8964300000000005,3.89162,1.5,1.5
09.08.2021 00:00:35.774,3.89642,3.8916300000000006,1.5,1.5
09.08.2021 00:00:38.201,3.8964300000000005,3.89162,1.5,1.5
09.08.2021 00:00:38.408,3.8965500000000004,3.8916500000000003,1.5,1.5
09.08.2021 00:00:38.609,3.8963300000000003,3.8917800000000007,1.5,1.5
09.08.2021 00:00:41.900,3.8964800000000004,3.8916500000000003,1.5,1.5
09.08.2021 00:00:42.097,3.89637,3.89184,1.5,1.5
09.08.2021 00:00:45.422,3.8963800000000006,3.8918300000000006,1.5,1.5
09.08.2021 00:00:45.674,3.8965300000000003,3.8919800000000007,1.5,1.5
09.08.2021 00:00:50.819,3.8967400000000003,3.8922800000000004,1.5,1.5
09.08.2021 00:01:11.232,3.89691,3.8924300000000005,1.5,1.5
09.08.2021 00:01:19.261,3.89696,3.89259,1.5,1.5
09.08.2021 00:01:22.009,3.89705,3.8927300000000007,1.5,1.5
09.08.2021 00:01:33.827,3.89722,3.8926900000000004,2,1.5
09.08.2021 00:01:34.248,3.8971300000000006,3.8926300000000005,1.5,1.5
09.08.2021 00:01:34.399,3.8971500000000003,3.8926800000000004,1.5,1.5
09.08.2021 00:01:53.243,3.8971300000000006,3.8926300000000005,1.5,1.5
09.08.2021 00:02:01.256,3.8968400000000005,3.8926400000000005,1.5,1.5
09.08.2021 00:02:03.209,3.8971300000000006,3.8925800000000006,1.5,1.5
09.08.2021 00:02:03.725,3.89707,3.8925400000000003,1.5,1.5
09.08.2021 00:02:03.875,3.89707,3.8925400000000003,1.5,1.5
09.08.2021 00:02:06.285,3.8969800000000006,3.8924300000000005,1.5,1.5
09.08.2021 00:02:07.049,3.8969500000000004,3.8924300000000005,1.5,1.5
09.08.2021 00:02:11.840,3.8969500000000004,3.8924300000000005,1.5,1.5
09.08.2021 00:02:13.030,3.8968800000000003,3.8923800000000006,1.5,1.5
09.08.2021 00:02:13.199,3.8968300000000005,3.8923300000000003,1.5,1.5
09.08.2021 00:02:13.743,3.8968300000000005,3.8923300000000003,1.5,1.5
09.08.2021 00:02:21.206,3.89685,3.8923300000000003,1.5,1.5
09.08.2021 00:02:25.338,3.8965199999999998,3.8923400000000004,1.5,1.5
09.08.2021 00:02:36.954,3.8968800000000003,3.8923300000000003,1.5,1.5
09.08.2021 00:02:40.372,3.89687,3.8923400000000004,1.5,1.5
09.08.2021 00:02:41.799,3.89697,3.8924300000000005,1.5,1.5
09.08.2021 00:02:42.049,3.89697,3.8924800000000004,1.5,1.5
09.08.2021 00:02:42.250,3.8970900000000004,3.8926300000000005,1.5,1.5
09.08.2021 00:02:42.351,3.8970900000000004,3.8925800000000006,1.5,1.5
09.08.2021 00:02:42.552,3.89707,3.8925400000000003,1.5,1.5
09.08.2021 00:02:42.602,3.8970800000000003,3.8925800000000006,1.5,1.5
09.08.2021 00:02:47.029,3.8971400000000003,3.8927300000000007,1.5,1.5
09.08.2021 00:02:47.079,3.8971400000000003,3.8927800000000006,1.5,1.5
09.08.2021 00:02:47.525,3.8971400000000003,3.8928300000000005,1.5,1.5
09.08.2021 00:02:47.645,3.8973,3.8928900000000004,1.5,1.5
09.08.2021 00:02:47.806,3.89731,3.8929300000000007,1.5,1.5
09.08.2021 00:02:48.237,3.89731,3.8929300000000007,1.5,1.5
09.08.2021 00:02:48.704,3.89731,3.8929800000000006,1.5,1.5
09.08.2021 00:02:48.754,3.8975500000000003,3.8930300000000004,1.5,1.5
09.08.2021 00:02:49.005,3.8977500000000003,3.8933300000000006,1.5,1.5
09.08.2021 00:02:49.169,3.8978800000000007,3.8933800000000005,1.5,1.5
09.08.2021 00:02:50.353,3.8978800000000007,3.8933800000000005,1.5,1.5
09.08.2021 00:02:51.707,3.8976300000000004,3.8930300000000004,1.5,1.5
09.08.2021 00:02:52.112,3.8976300000000004,3.8930300000000004,1.5,1.5
09.08.2021 00:02:52.314,3.8974800000000003,3.8929300000000007,1.5,1.5
09.08.2021 00:02:52.415,3.89742,3.8928900000000004,1.5,1.5
09.08.2021 00:02:52.919,3.8975300000000006,3.8929300000000007,1.5,1.5
09.08.2021 00:02:55.220,3.8974699999999998,3.8929400000000003,1.5,1.5
09.08.2021 00:02:56.038,3.8975300000000006,3.8929300000000007,1.5,1.5
09.08.2021 00:02:57.874,3.8974800000000003,3.8929300000000007,1.5,1.5
09.08.2021 00:02:58.562,3.8973300000000006,3.8927800000000006,1.5,1.5
09.08.2021 00:02:59.260,3.8973300000000006,3.8927800000000006,1.5,1.5
09.08.2021 00:02:59.662,3.8972800000000003,3.8927300000000007,1.5,1.5
09.08.2021 00:03:00.232,3.89727,3.8927400000000003,1.5,1.5
09.08.2021 00:03:02.532,3.89722,3.8927400000000003,1.5,1.5
09.08.2021 00:03:03.058,3.8971300000000006,3.8926300000000005,1.5,1.5
09.08.2021 00:03:03.245,3.8970300000000004,3.8924800000000004,1.5,1.5
09.08.2021 00:03:03.478,3.89711,3.8925800000000006,1.5,1.5
09.08.2021 00:03:05.818,3.89711,3.8925800000000006,1.5,1.5
09.08.2021 00:03:05.955,3.89711,3.8925800000000006,1.5,1.5
09.08.2021 00:03:06.951,3.8971500000000003,3.89279,1.5,1.5
09.08.2021 00:03:07.001,3.8972400000000005,3.89279,1.5,1.5
09.08.2021 00:03:07.052,3.89737,3.8928800000000003,1.5,1.5
09.08.2021 00:03:07.290,3.89736,3.8928900000000004,1.5,1.5
09.08.2021 00:03:07.542,3.89737,3.8928800000000003,1.5,1.5
09.08.2021 00:03:07.840,3.89737,3.8928800000000003,1.5,1.5
09.08.2021 00:03:08.663,3.89736,3.8928900000000004,1.5,1.5
09.08.2021 00:03:16.257,3.89736,3.8929400000000003,1.5,1.5
09.08.2021 00:03:16.519,3.8974800000000003,3.8929800000000006,1.5,1.5
09.08.2021 00:03:17.310,3.89752,3.8930800000000003,1.5,1.5
09.08.2021 00:03:23.826,3.8975300000000006,3.8929800000000006,1.5,1.5
09.08.2021 00:03:24.027,3.8974699999999998,3.89299,1.5,1.5
09.08.2021 00:03:24.184,3.8975300000000006,3.8929800000000006,1.5,1.5
09.08.2021 00:03:24.738,3.8974800000000003,3.89327,1.5,1.5
09.08.2021 00:03:24.959,3.8973300000000006,3.89282,1.5,1.5
09.08.2021 00:03:25.140,3.8972300000000004,3.8927300000000007,1.5,1.5
09.08.2021 00:03:25.372,3.89727,3.8927400000000003,1.5,1.5
09.08.2021 00:03:25.575,3.89727,3.89279,1.5,1.5
09.08.2021 00:03:28.709,3.8969800000000006,3.8927800000000006,1.5,1.5
09.08.2021 00:03:28.933,3.8971199999999997,3.8926400000000005,1.5,1.5
09.08.2021 00:03:32.015,3.89717,3.8926400000000005,1.5,1.5
09.08.2021 00:03:32.151,3.89719,3.8927300000000007,1.5,1.5
09.08.2021 00:03:33.248,3.8971800000000005,3.8928900000000004,1.5,1.5
09.08.2021 00:03:34.194,3.8974900000000003,3.8930300000000004,1.5,1.5
09.08.2021 00:03:34.258,3.8974900000000003,3.8930300000000004,1.5,1.5
09.08.2021 00:03:37.676,3.8976300000000004,3.8931800000000005,1.5,1.5
09.08.2021 00:03:37.969,3.8977500000000003,3.8932300000000004,1.5,1.5
09.08.2021 00:03:40.647,3.8976300000000004,3.8931300000000006,1.5,1.5
09.08.2021 00:03:44.193,3.8975300000000006,3.8930300000000004,1.5,1.5
09.08.2021 00:03:45.062,3.89742,3.89299,1.5,1.5
09.08.2021 00:03:45.163,3.8974800000000003,3.8929800000000006,1.5,1.5
09.08.2021 00:03:46.515,3.8974300000000004,3.8928800000000003,1.5,1.5
09.08.2021 00:03:49.627,3.8974300000000004,3.8928800000000003,1.5,1.5
09.08.2021 00:03:49.842,3.89727,3.8927400000000003,1.5,1.5
09.08.2021 00:03:50.138,3.89727,3.8927400000000003,1.5,1.5
09.08.2021 00:03:50.538,3.89736,3.8928900000000004,1.5,1.5
09.08.2021 00:03:53.046,3.89737,3.8927800000000006,1.5,1.5
09.08.2021 00:03:55.203,3.89737,3.8927800000000006,1.5,1.5
09.08.2021 00:03:56.383,3.89746,3.8930800000000003,1.5,1.5
09.08.2021 00:03:58.147,3.89746,3.8930800000000003,1.5,1.5
09.08.2021 00:03:58.349,3.89745,3.89345,1.5,1.5
09.08.2021 00:04:01.453,3.8976100000000002,3.8930800000000003,1.5,1.5
09.08.2021 00:04:04.943,3.8975800000000005,3.8930800000000003,1.5,1.5
09.08.2021 00:04:06.023,3.8976800000000007,3.8932900000000004,1.5,1.5
09.08.2021 00:04:06.860,3.89786,3.89339,1.5,1.5
09.08.2021 00:04:08.429,3.8978699999999997,3.8933800000000005,1.5,1.5
09.08.2021 00:04:09.245,3.89766,3.89339,1.5,1.5
09.08.2021 00:04:09.755,3.8976699999999997,3.8933800000000005,1.5,1.5
09.08.2021 00:04:10.009,3.8978300000000004,3.8935800000000005,1.5,1.5
09.08.2021 00:04:12.462,3.89782,3.8935900000000006,1.5,1.5
09.08.2021 00:04:12.563,3.8979900000000005,3.8936800000000007,1.5,1.5
09.08.2021 00:04:12.664,3.8979900000000005,3.8937800000000005,1.5,1.5
09.08.2021 00:04:13.039,3.8979800000000004,3.89374,1.5,1.5
09.08.2021 00:04:13.663,3.8979900000000005,3.8937300000000006,1.5,1.5
09.08.2021 00:04:13.770,3.8979800000000004,3.8936400000000004,1.5,1.5
09.08.2021 00:04:20.454,3.8979800000000004,3.8936900000000003,1.5,1.5
09.08.2021 00:04:22.541,3.89801,3.8936800000000007,1.5,1.5
09.08.2021 00:04:25.009,3.89801,3.8936300000000004,1.5,1.5
09.08.2021 00:04:26.536,3.898,3.8935900000000006,1.5,1.5
09.08.2021 00:04:26.742,3.89801,3.8937300000000006,1.5,1.5
09.08.2021 00:04:29.170,3.89801,3.8937300000000006,1.5,1.5
09.08.2021 00:04:34.239,3.89801,3.8937300000000006,1.5,1.5
09.08.2021 00:04:34.888,3.89801,3.8936800000000007,1.5,1.5
09.08.2021 00:04:43.775,3.898,3.8936400000000004,1.5,1.5
09.08.2021 00:04:43.836,3.89801,3.8936300000000004,1.5,1.5
09.08.2021 00:04:45.611,3.898,3.8936900000000003,1.5,1.5
09.08.2021 00:04:45.764,3.898,3.89374,1.5,1.5
09.08.2021 00:04:47.409,3.89801,3.8937300000000006,1.5,1.5
09.08.2021 00:04:48.593,3.89801,3.8936300000000004,1.5,1.5
09.08.2021 00:04:54.975,3.89801,3.8936300000000004,1.5,1.5
09.08.2021 00:05:00.818,3.89801,3.8936800000000007,1.5,1.5
09.08.2021 00:05:00.988,3.89801,3.8937300000000006,1.5,1.5
09.08.2021 00:05:02.252,3.89801,3.8936800000000007,1.5,1.5
09.08.2021 00:05:05.855,3.898,3.89374,1.5,1.5
09.08.2021 00:05:06.050,3.89801,3.8937800000000005,1.5,1.5
09.08.2021 00:05:11.472,3.89801,3.8937300000000006,1.5,1.5
09.08.2021 00:05:16.425,3.89801,3.8935800000000005,1.5,1.5
09.08.2021 00:05:18.272,3.898,3.8935900000000006,1.5,1.5
09.08.2021 00:05:22.300,3.89801,3.8935800000000005,1.5,1.5
09.08.2021 00:05:26.151,3.89801,3.8935800000000005,1.5,1.5
09.08.2021 00:05:28.861,3.89801,3.8937300000000006,1.5,1.5
09.08.2021 00:05:29.096,3.898,3.89374,1.5,1.5
09.08.2021 00:05:29.296,3.89801,3.8936300000000004,1.5,1.5
09.08.2021 00:05:51.339,3.89801,3.8935800000000005,1.5,1.5
09.08.2021 00:05:51.389,3.89781,3.8934300000000004,1.5,1.5
09.08.2021 00:05:59.471,3.89781,3.8933800000000005,1.5,1.5
09.08.2021 00:06:07.006,3.89781,3.8935300000000006,1.5,1.5
09.08.2021 00:06:07.963,3.8977300000000006,3.8935300000000006,1.5,1.5
09.08.2021 00:06:15.312,3.8977300000000006,3.8935300000000006,1.5,1.5
09.08.2021 00:06:28.570,3.89772,3.8935400000000002,1.5,1.5
09.08.2021 00:06:28.721,3.89781,3.8934300000000004,1.5,1.5
09.08.2021 00:06:56.680,3.8978,3.8934100000000003,1.5,1.5
09.08.2021 00:06:56.730,3.89781,3.8935300000000006,1.5,1.5
09.08.2021 00:06:57.369,3.89781,3.8934300000000004,1.5,1.5
09.08.2021 00:06:59.859,3.89781,3.8934,1.5,1.5
09.08.2021 00:07:05.630,3.8975800000000005,3.89339,1.5,1.5
09.08.2021 00:07:08.737,3.8975900000000006,3.8933800000000005,1.5,1.5
09.08.2021 00:07:08.938,3.89781,3.8935800000000005,1.5,1.5
09.08.2021 00:07:09.480,3.89781,3.8935800000000005,1.5,1.5
09.08.2021 00:07:11.141,3.89781,3.8935800000000005,1.5,1.5
09.08.2021 00:07:12.254,3.89781,3.8935800000000005,1.5,1.5
09.08.2021 00:07:15.569,3.89781,3.8934300000000004,1.5,1.5
09.08.2021 00:07:17.699,3.89781,3.8934300000000004,1.5,1.5
09.08.2021 00:07:19.097,3.89781,3.8935800000000005,1.5,1.5
09.08.2021 00:07:25.977,3.89781,3.8934800000000003,1.5,1.5
09.08.2021 00:07:26.380,3.8978,3.8934900000000003,1.5,1.5
09.08.2021 00:07:27.010,3.89781,3.8934300000000004,1.5,1.5
09.08.2021 00:07:30.243,3.89781,3.8935800000000005,1.5,1.5
09.08.2021 00:07:34.315,3.89781,3.8935300000000006,1.5,1.5
09.08.2021 00:07:34.515,3.8978,3.8935900000000006,1.5,1.5
09.08.2021 00:07:38.296,3.89781,3.8935800000000005,1.5,1.5
09.08.2021 00:07:38.452,3.89781,3.8935800000000005,1.5,1.5
09.08.2021 00:07:39.496,3.8978,3.8934900000000003,1.5,1.5
09.08.2021 00:07:39.676,3.89781,3.8934300000000004,1.5,1.5
09.08.2021 00:07:42.173,3.89781,3.8934300000000004,1.5,1.5
09.08.2021 00:07:47.305,3.89781,3.8934300000000004,1.5,1.5
09.08.2021 00:07:51.455,3.8978,3.8934400000000005,1.5,1.5
09.08.2021 00:07:51.657,3.89781,3.8935300000000006,1.5,1.5
09.08.2021 00:08:00.058,3.8978,3.8935900000000006,1.5,1.5
09.08.2021 00:08:00.259,3.89781,3.8936300000000004,1.5,1.5
09.08.2021 00:08:06.067,3.89781,3.8934800000000003,1.5,1.5
09.08.2021 00:08:12.446,3.89781,3.8935300000000006,1.5,1.5
09.08.2021 00:08:12.610,3.89781,3.8935800000000005,1.5,1.5
09.08.2021 00:08:13.435,3.89774,3.8935300000000006,1.5,1.5
09.08.2021 00:08:13.637,3.89781,3.8934800000000003,1.5,1.5
09.08.2021 00:08:20.638,3.89781,3.8934300000000004,1.5,1.5
09.08.2021 00:08:24.741,3.89781,3.8934300000000004,1.5,1.5
09.08.2021 00:08:24.942,3.89781,3.8934,1.5,1.5
09.08.2021 00:08:30.970,3.89781,3.8934,1.5,1.5
09.08.2021 00:08:35.884,3.89781,3.8934,1.5,1.5
09.08.2021 00:08:36.094,3.89762,3.89331,1.5,1.5
09.08.2021 00:08:36.539,3.8975800000000005,3.89321,1.5,1.5
09.08.2021 00:08:37.383,3.8975800000000005,3.89321,1.5,1.5
09.08.2021 00:08:38.858,3.8975800000000005,3.89321,1.5,1.5
09.08.2021 00:08:40.546,3.89742,3.8931300000000006,1.5,1.5
09.08.2021 00:08:41.074,3.8974100000000003,3.8932400000000005,1.5,1.5
09.08.2021 00:08:43.823,3.8974100000000003,3.8932900000000004,1.5,1.5
09.08.2021 00:08:44.024,3.89742,3.8932300000000004,1.5,1.5
09.08.2021 00:08:44.224,3.89742,3.8931300000000006,1.5,1.5
09.08.2021 00:08:44.427,3.8974100000000003,3.8930900000000004,1.5,1.5
09.08.2021 00:08:54.335,3.89745,3.8932400000000005,1.5,1.5
09.08.2021 00:08:54.620,3.89746,3.8932300000000004,1.5,1.5
09.08.2021 00:08:59.200,3.89746,3.8932300000000004,1.5,1.5
09.08.2021 00:08:59.403,3.89746,3.8932300000000004,1.5,1.5
09.08.2021 00:09:00.258,3.89746,3.8932800000000003,1.5,1.5
09.08.2021 00:09:02.802,3.89746,3.8932300000000004,1.5,1.5
09.08.2021 00:09:06.153,3.89746,3.8932800000000003,1.5,1.5
09.08.2021 00:09:10.420,3.89746,3.8932800000000003,1.5,1.5
09.08.2021 00:09:11.208,3.89746,3.8932300000000004,1.5,1.5
09.08.2021 00:09:11.905,3.89745,3.8932400000000005,1.5,1.5
09.08.2021 00:09:13.339,3.89746,3.8932800000000003,1.5,1.5
09.08.2021 00:09:14.424,3.89745,3.8932400000000005,1.5,1.5
09.08.2021 00:09:15.085,3.89746,3.8932300000000004,1.5,1.5
09.08.2021 00:09:20.132,3.89746,3.8930800000000003,1.5,1.5
09.08.2021 00:09:26.015,3.89746,3.8930800000000003,1.5,1.5
09.08.2021 00:09:28.017,3.89746,3.8931300000000006,1.5,1.5
09.08.2021 00:09:29.467,3.89746,3.8930800000000003,1.5,1.5
09.08.2021 00:09:37.787,3.89745,3.89301,1.5,1.5
09.08.2021 00:09:38.254,3.89746,3.8930800000000003,1.5,1.5
09.08.2021 00:10:00.284,3.89746,3.8930300000000004,1.5,1.5
09.08.2021 00:10:00.385,3.89721,3.8928300000000005,1.5,1.5
09.08.2021 00:10:00.521,3.8972,3.89281,1.5,1.5
09.08.2021 00:10:09.455,3.89721,3.8928000000000003,1.5,1.5
09.08.2021 00:10:09.659,3.8969500000000004,3.8925800000000006,1.5,1.5
09.08.2021 00:10:18.537,3.89679,3.8924800000000004,1.5,1.5
09.08.2021 00:10:18.695,3.89659,3.8924800000000004,1.5,1.5
09.08.2021 00:10:22.637,3.8967400000000003,3.8923800000000006,1.5,1.5
09.08.2021 00:10:27.026,3.89665,3.8924800000000004,1.5,1.5
09.08.2021 00:10:27.166,3.89665,3.8924800000000004,1.5,1.5
09.08.2021 00:10:33.824,3.8966400000000005,3.89244,1.5,1.5
09.08.2021 00:10:34.206,3.89665,3.8924800000000004,1.5,1.5
09.08.2021 00:10:41.716,3.89665,3.8925800000000006,1.5,1.5
09.08.2021 00:10:42.631,3.8966400000000005,3.8925400000000003,1.5,1.5
09.08.2021 00:10:58.509,3.89665,3.8924800000000004,1.5,1.5
09.08.2021 00:10:58.711,3.89665,3.8924300000000005,1.5,1.5
09.08.2021 00:11:00.270,3.89665,3.8924300000000005,1.5,1.5
09.08.2021 00:11:04.208,3.89665,3.8924300000000005,1.5,1.5
09.08.2021 00:11:05.398,3.89665,3.8924300000000005,1.5,1.5
09.08.2021 00:11:05.499,3.89665,3.8925800000000006,1.5,1.5
09.08.2021 00:11:05.650,3.8967500000000004,3.8927800000000006,1.5,1.5
09.08.2021 00:11:05.806,3.8967500000000004,3.8927800000000006,1.5,1.5
09.08.2021 00:11:06.681,3.89701,3.8928800000000003,1.5,1.5
09.08.2021 00:11:07.643,3.89701,3.8928300000000005,1.5,1.5
09.08.2021 00:11:24.665,3.89701,3.8928300000000005,1.5,1.5
09.08.2021 00:11:42.620,3.89701,3.8928800000000003,1.5,1.5
09.08.2021 00:11:43.208,3.89701,3.8929300000000007,1.5,1.5
09.08.2021 00:11:43.915,3.89701,3.8929300000000007,1.5,1.5
09.08.2021 00:11:47.444,3.8970000000000002,3.8929400000000003,1.5,1.5
09.08.2021 00:11:47.844,3.89701,3.8929800000000006,1.5,1.5
09.08.2021 00:11:48.045,3.89701,3.8929300000000007,1.5,1.5
09.08.2021 00:11:58.192,3.89701,3.8926300000000005,1.5,1.5
09.08.2021 00:11:58.708,3.8970000000000002,3.8926400000000005,1.5,1.5
09.08.2021 00:12:06.407,3.8970300000000004,3.8928800000000003,1.5,1.5
09.08.2021 00:12:25.993,3.8970300000000004,3.8929300000000007,1.5,1.5
09.08.2021 00:12:26.400,3.89719,3.8929800000000006,1.5,1.5
09.08.2021 00:12:40.599,3.8971400000000003,3.8929300000000007,1.5,1.5
09.08.2021 00:12:40.939,3.8971800000000005,3.89299,1.5,1.5
09.08.2021 00:12:43.109,3.8971400000000003,3.8929300000000007,1.5,1.5
09.08.2021 00:12:44.651,3.8971400000000003,3.8929300000000007,1.5,1.5
09.08.2021 00:12:45.102,3.89701,3.8928300000000005,1.5,1.5
09.08.2021 00:12:49.025,3.89719,3.8928300000000005,1.5,1.5
09.08.2021 00:12:49.226,3.8971800000000005,3.8928900000000004,1.5,1.5
09.08.2021 00:12:51.202,3.89719,3.8929300000000007,1.5,1.5
09.08.2021 00:12:51.444,3.8971800000000005,3.8929400000000003,1.5,1.5
09.08.2021 00:12:51.970,3.8971800000000005,3.8929400000000003,1.5,1.5
09.08.2021 00:12:57.643,3.8971800000000005,3.8929400000000003,1.5,1.5
09.08.2021 00:13:00.017,3.8971800000000005,3.8929400000000003,1.5,1.5
09.08.2021 00:13:10.643,3.89719,3.8930300000000004,1.5,1.5
09.08.2021 00:13:11.333,3.89719,3.8930800000000003,1.5,1.5
09.08.2021 00:13:11.534,3.89719,3.8931300000000006,1.5,1.5
09.08.2021 00:13:24.365,3.8974100000000003,3.8931300000000006,1.5,1.5
09.08.2021 00:13:30.601,3.8974100000000003,3.8931300000000006,1.5,1.5
09.08.2021 00:13:48.286,3.8974100000000003,3.8930300000000004,1.5,1.5
09.08.2021 00:13:49.229,3.8974100000000003,3.8930800000000003,1.5,1.5
09.08.2021 00:14:03.245,3.8974100000000003,3.8930800000000003,1.5,1.5
09.08.2021 00:14:13.800,3.8974100000000003,3.8931300000000006,1.5,1.5
09.08.2021 00:14:19.892,3.8974100000000003,3.8932800000000003,1.5,1.5
09.08.2021 00:14:20.149,3.8974100000000003,3.8932800000000003,1.5,1.5
09.08.2021 00:14:21.739,3.8974,3.8932400000000005,1.5,1.5
09.08.2021 00:14:53.851,3.8974100000000003,3.8932800000000003,1.5,1.5
09.08.2021 00:14:55.216,3.8974100000000003,3.8932800000000003,1.5,1.5
09.08.2021 00:14:55.333,3.8974100000000003,3.8932300000000004,1.5,1.5
09.08.2021 00:15:07.386,3.8974100000000003,3.8932800000000003,1.5,1.5
09.08.2021 00:15:13.881,3.8974100000000003,3.8933300000000006,1.5,1.5
09.08.2021 00:15:26.965,3.8974,3.8933400000000002,1.5,1.5
09.08.2021 00:15:27.122,3.8974,3.8933400000000002,1.5,1.5
09.08.2021 00:15:30.769,3.8974900000000003,3.8934400000000005,1.5,1.5
09.08.2021 00:15:30.946,3.89762,3.8934800000000003,1.5,1.5
09.08.2021 00:15:31.264,3.89762,3.8932800000000003,1.5,1.5
09.08.2021 00:15:31.449,3.89762,3.8934300000000004,1.5,1.5
09.08.2021 00:15:40.979,3.89762,3.8933300000000006,1.5,1.5
09.08.2021 00:15:43.468,3.89762,3.8934300000000004,1.5,1.5
09.08.2021 00:15:47.049,3.8976100000000002,3.8934400000000005,1.5,1.5
09.08.2021 00:15:48.986,3.89762,3.8934300000000004,1.5,1.5
09.08.2021 00:16:01.572,3.8977500000000003,3.8935900000000006,1.5,1.5
09.08.2021 00:16:01.696,3.89782,3.8935800000000005,1.5,1.5
09.08.2021 00:16:02.203,3.89782,3.8936300000000004,1.5,1.5
09.08.2021 00:16:03.042,3.89782,3.8935800000000005,1.5,1.5
09.08.2021 00:16:03.434,3.89781,3.8935900000000006,1.5,1.5
09.08.2021 00:16:04.002,3.89782,3.8935300000000006,1.5,1.5
09.08.2021 00:16:04.309,3.89781,3.8935400000000002,1.5,1.5
09.08.2021 00:16:04.511,3.89782,3.8936800000000007,1.5,1.5
09.08.2021 00:16:04.657,3.89794,3.8937800000000005,1.5,1.5
09.08.2021 00:16:08.232,3.89801,3.8938900000000003,1.5,1.5
09.08.2021 00:16:15.051,3.8982,3.8938900000000003,1.5,1.5
09.08.2021 00:16:15.250,3.89821,3.8937900000000005,1.5,1.5
09.08.2021 00:16:16.457,3.89821,3.8938300000000003,1.5,1.5
09.08.2021 00:16:18.444,3.8982,3.8938900000000003,1.5,1.5
09.08.2021 00:16:25.118,3.89821,3.8938800000000007,1.5,1.5
09.08.2021 00:16:25.320,3.89821,3.8938800000000007,1.5,1.5
09.08.2021 00:16:27.758,3.8982,3.8939900000000005,1.5,1.5
09.08.2021 00:16:28.165,3.89821,3.8940300000000003,1.5,1.5
09.08.2021 00:16:28.365,3.8982,3.8940400000000004,1.5,1.5
09.08.2021 00:16:29.213,3.89821,3.8940300000000003,1.5,1.5
09.08.2021 00:16:29.415,3.89821,3.8939300000000006,1.5,1.5
09.08.2021 00:16:29.843,3.89821,3.8939300000000006,1.5,1.5
09.08.2021 00:16:32.572,3.89821,3.8939300000000006,1.5,1.5
09.08.2021 00:16:32.865,3.89821,3.8939800000000004,1.5,1.5
09.08.2021 00:16:35.597,3.8982,3.8939900000000005,1.5,1.5
09.08.2021 00:16:35.771,3.89821,3.8940300000000003,1.5,1.5
09.08.2021 00:16:39.208,3.8982,3.8940400000000004,1.5,1.5
09.08.2021 00:16:42.945,3.8982,3.8939900000000005,1.5,1.5
09.08.2021 00:16:43.188,3.89821,3.8940300000000003,1.5,1.5
09.08.2021 00:16:44.748,3.89821,3.8939800000000004,1.5,1.5
09.08.2021 00:16:46.002,3.89821,3.8940300000000003,1.5,1.5
09.08.2021 00:16:46.180,3.89821,3.8940800000000007,1.5,1.5
09.08.2021 00:16:46.761,3.8982,3.8940900000000003,1.5,1.5
09.08.2021 00:16:46.964,3.8982,3.8940400000000004,1.5,1.5
09.08.2021 00:16:48.205,3.89821,3.8940300000000003,1.5,1.5
09.08.2021 00:16:54.097,3.8982,3.8939900000000005,1.5,1.5
09.08.2021 00:16:54.901,3.89821,3.8940300000000003,1.5,1.5
09.08.2021 00:16:58.053,3.8982,3.8940400000000004,1.5,1.5
09.08.2021 00:16:58.256,3.8984199999999998,3.8940800000000007,1.5,1.5
09.08.2021 00:16:59.386,3.8984199999999998,3.8940800000000007,1.5,1.5
09.08.2021 00:17:00.095,3.8984199999999998,3.8940300000000003,1.5,1.5
09.08.2021 00:17:00.465,3.8984199999999998,3.8940300000000003,1.5,1.5
09.08.2021 00:17:00.778,3.89841,3.8940400000000004,1.5,1.5
09.08.2021 00:17:02.545,3.89841,3.8940400000000004,1.5,1.5
09.08.2021 00:17:02.858,3.8984199999999998,3.8940300000000003,1.5,1.5
09.08.2021 00:17:03.049,3.8984199999999998,3.8940300000000003,1.5,1.5
09.08.2021 00:17:07.680,3.89841,3.8940900000000003,1.5,1.5
09.08.2021 00:17:26.205,3.8984199999999998,3.8940300000000003,1.5,1.5
09.08.2021 00:17:26.405,3.8984199999999998,3.8940300000000003,1.5,1.5
09.08.2021 00:17:30.013,3.8984199999999998,3.8940300000000003,1.5,1.5
09.08.2021 00:17:34.793,3.89817,3.8939900000000005,1.5,1.5
09.08.2021 00:17:35.452,3.8984199999999998,3.8940300000000003,1.5,1.5
09.08.2021 00:17:45.049,3.8984199999999998,3.8940800000000007,1.5,1.5
09.08.2021 00:17:57.137,3.8984199999999998,3.89396,1.5,1.5
09.08.2021 00:17:57.337,3.89841,3.8939900000000005,1.5,1.5
09.08.2021 00:18:04.178,3.8981900000000005,3.8938,1.5,1.5
09.08.2021 00:18:04.379,3.8981900000000005,3.8938,1.5,1.5
09.08.2021 00:18:06.593,3.8982,3.8939800000000004,1.5,1.5
09.08.2021 00:18:11.490,3.8982,3.8940300000000003,1.5,1.5
09.08.2021 00:18:11.704,3.89822,3.8940800000000007,1.5,1.5
09.08.2021 00:18:19.855,3.89822,3.8939800000000004,1.5,1.5
09.08.2021 00:18:39.366,3.89821,3.8938900000000003,1.5,1.5
09.08.2021 00:18:39.727,3.89817,3.8939800000000004,1.5,1.5
09.08.2021 00:19:02.852,3.89822,3.8938800000000007,1.5,1.5
09.08.2021 00:19:03.045,3.8982,3.8938300000000003,1.5,1.5
09.08.2021 00:19:05.883,3.8982,3.8938800000000007,1.5,1.5
09.08.2021 00:19:06.245,3.8981900000000005,3.89394,1.5,1.5
09.08.2021 00:19:06.647,3.8982,3.8939300000000006,1.5,1.5
09.08.2021 00:19:06.699,3.8982,3.8939300000000006,1.5,1.5
09.08.2021 00:19:06.899,3.8982,3.8939800000000004,1.5,1.5
09.08.2021 00:19:27.626,3.8982,3.8939800000000004,1.5,1.5
09.08.2021 00:19:27.839,3.8982,3.8938300000000003,1.5,1.5
09.08.2021 00:19:29.821,3.8982,3.8937900000000005,1.5,1.5
09.08.2021 00:19:30.064,3.8982,3.8937900000000005,1.5,1.5
09.08.2021 00:19:36.729,3.8982,3.8937900000000005,1.5,1.5
09.08.2021 00:19:38.707,3.8982,3.8937900000000005,1.5,1.5
09.08.2021 00:19:46.370,3.89802,3.89365,1.5,1.5
09.08.2021 00:19:54.147,3.89801,3.89366,1.5,1.5
09.08.2021 00:19:55.651,3.89802,3.8936800000000007,1.5,1.5
09.08.2021 00:19:57.532,3.89794,3.89356,1.5,1.5
09.08.2021 00:19:57.739,3.89794,3.89356,1.5,1.5
09.08.2021 00:19:57.980,3.89794,3.89356,1.5,1.5
09.08.2021 00:19:58.608,3.89794,3.89356,1.5,1.5
09.08.2021 00:20:01.732,3.8977900000000005,3.89342,1.5,1.5
09.08.2021 00:20:02.417,3.89777,3.8934300000000004,1.5,1.5
09.08.2021 00:20:02.610,3.89777,3.8934800000000003,1.5,1.5
09.08.2021 00:20:17.088,3.8977300000000006,3.89336,1.5,1.5
09.08.2021 00:20:20.361,3.89776,3.89339,1.5,1.5
09.08.2021 00:20:58.549,3.89777,3.89336,1.5,1.5
09.08.2021 00:20:58.751,3.89751,3.8932300000000004,1.5,1.5
09.08.2021 00:21:14.862,3.89751,3.8933300000000006,1.5,1.5
09.08.2021 00:21:18.058,3.89751,3.8933300000000006,1.5,1.5
09.08.2021 00:21:18.261,3.8975000000000004,3.8933400000000002,1.5,1.5
09.08.2021 00:21:27.924,3.8974900000000003,3.8932800000000003,1.5,1.5
09.08.2021 00:21:32.736,3.8974900000000003,3.8932300000000004,1.5,1.5
09.08.2021 00:21:46.535,3.8974900000000003,3.8932800000000003,1.5,1.5
09.08.2021 00:21:46.713,3.8974900000000003,3.8932800000000003,1.5,1.5
09.08.2021 00:21:49.034,3.8974900000000003,3.8932800000000003,1.5,1.5
09.08.2021 00:21:49.236,3.8974900000000003,3.8932300000000004,1.5,1.5
09.08.2021 00:21:51.408,3.8974900000000003,3.8932300000000004,1.5,1.5
09.08.2021 00:21:51.609,3.8974900000000003,3.8933300000000006,1.5,1.5
09.08.2021 00:21:59.208,3.8974900000000003,3.8933300000000006,1.5,1.5
09.08.2021 00:22:17.022,3.8974900000000003,3.8933300000000006,1.5,1.5
09.08.2021 00:22:17.224,3.8974900000000003,3.8933300000000006,1.5,1.5
09.08.2021 00:22:22.222,3.8974900000000003,3.8933300000000006,1.5,1.5
09.08.2021 00:22:22.422,3.8974900000000003,3.8931800000000005,1.5,1.5
09.08.2021 00:22:32.834,3.8974900000000003,3.8932800000000003,1.5,1.5
09.08.2021 00:22:39.937,3.8974900000000003,3.8933300000000006,1.5,1.5
09.08.2021 00:22:45.707,3.8974800000000003,3.8932900000000004,1.5,1.5
09.08.2021 00:22:45.908,3.8974900000000003,3.8931800000000005,1.5,1.5
09.08.2021 00:22:52.862,3.8972900000000004,3.8930800000000003,1.5,1.5
09.08.2021 00:22:57.807,3.8972900000000004,3.8930800000000003,1.5,1.5
09.08.2021 00:22:58.653,3.8972900000000004,3.8930300000000004,1.5,1.5
09.08.2021 00:22:58.863,3.8972300000000004,3.8929400000000003,1.5,1.5
09.08.2021 00:23:07.648,3.8970900000000004,3.8928800000000003,1.5,1.5
09.08.2021 00:23:14.651,3.8970400000000005,3.8928300000000005,1.5,1.5
09.08.2021 00:23:14.752,3.8970800000000003,3.89299,1.5,1.5
09.08.2021 00:23:35.193,3.8970900000000004,3.8929800000000006,1.5,1.5
09.08.2021 00:23:36.160,3.8970800000000003,3.8929400000000003,1.5,1.5
09.08.2021 00:23:41.936,3.8970800000000003,3.8928900000000004,1.5,1.5
09.08.2021 00:23:42.136,3.8970900000000004,3.8929800000000006,1.5,1.5
09.08.2021 00:23:45.172,3.8970800000000003,3.8929400000000003,1.5,1.5
09.08.2021 00:23:45.470,3.8970800000000003,3.8929400000000003,1.5,1.5
09.08.2021 00:25:02.757,3.8970900000000004,3.8926400000000005,1.5,1.5
09.08.2021 00:25:02.960,3.8970900000000004,3.8928800000000003,1.5,1.5
09.08.2021 00:25:08.765,3.8970800000000003,3.8928900000000004,1.5,1.5
09.08.2021 00:25:13.650,3.8970800000000003,3.8929400000000003,1.5,1.5
09.08.2021 00:25:31.006,3.8970900000000004,3.8929800000000006,1.5,1.5
09.08.2021 00:25:34.372,3.8970900000000004,3.8930300000000004,1.5,1.5
09.08.2021 00:25:34.572,3.8970900000000004,3.8930300000000004,1.5,1.5
09.08.2021 00:25:39.948,3.8970900000000004,3.8929800000000006,1.5,1.5
09.08.2021 00:25:40.146,3.8970900000000004,3.8930300000000004,1.5,1.5
09.08.2021 00:25:44.908,3.8970800000000003,3.8928900000000004,1.5,1.5
09.08.2021 00:25:45.086,3.8970300000000004,3.8928300000000005,1.5,1.5
09.08.2021 00:25:48.022,3.8970300000000004,3.8928300000000005,1.5,1.5
09.08.2021 00:25:48.240,3.8970300000000004,3.8926800000000004,1.5,1.5
09.08.2021 00:25:48.878,3.89679,3.8925800000000006,1.5,1.5
09.08.2021 00:25:49.079,3.8967800000000006,3.8925400000000003,1.5,1.5
09.08.2021 00:25:49.235,3.89679,3.8925800000000006,1.5,1.5
09.08.2021 00:25:49.851,3.8967800000000006,3.89259,1.5,1.5
09.08.2021 00:25:50.074,3.8967800000000006,3.8925400000000003,1.5,1.5
09.08.2021 00:25:50.253,3.89679,3.8925300000000003,1.5,1.5
09.08.2021 00:25:51.755,3.8967800000000006,3.8925400000000003,1.5,1.5
09.08.2021 00:26:02.846,3.89679,3.8925300000000003,1.5,1.5
09.08.2021 00:26:03.050,3.89679,3.8926300000000005,1.5,1.5
09.08.2021 00:26:04.032,3.8967800000000006,3.8925400000000003,1.5,1.5
09.08.2021 00:26:13.640,3.8967800000000006,3.89244,1.5,1.5
09.08.2021 00:26:13.816,3.8967800000000006,3.89244,1.5,1.5
09.08.2021 00:26:14.232,3.89662,3.8923400000000004,1.5,1.5
09.08.2021 00:26:22.567,3.89662,3.8923900000000002,1.5,1.5
09.08.2021 00:26:22.774,3.89662,3.89244,1.5,1.5
09.08.2021 00:26:33.964,3.89662,3.89244,1.5,1.5
09.08.2021 00:26:36.098,3.89662,3.8923400000000004,1.5,1.5
09.08.2021 00:26:37.171,3.89641,3.8922300000000005,1.5,1.5
09.08.2021 00:26:41.146,3.89641,3.8922300000000005,1.5,1.5
09.08.2021 00:26:41.385,3.89641,3.89224,1.5,1.5
09.08.2021 00:26:47.936,3.89642,3.8922300000000005,1.5,1.5
09.08.2021 00:26:52.306,3.89641,3.89224,1.5,1.5
09.08.2021 00:26:52.503,3.89641,3.8922300000000005,1.5,1.5
09.08.2021 00:26:53.108,3.89642,3.89222,1.5,1.5
09.08.2021 00:27:01.382,3.89641,3.8924900000000004,1.5,1.5
09.08.2021 00:27:17.525,3.89641,3.8924900000000004,1.5,1.5
09.08.2021 00:27:20.452,3.89642,3.8924800000000004,1.5,1.5
09.08.2021 00:27:20.934,3.89642,3.8924800000000004,1.5,1.5
09.08.2021 00:27:21.246,3.89642,3.8924800000000004,1.5,1.5
09.08.2021 00:27:21.397,3.89642,3.89222,1.5,1.5
09.08.2021 00:27:23.622,3.89632,3.8923800000000006,1.5,1.5
09.08.2021 00:27:26.708,3.89631,3.8923900000000002,1.5,1.5
09.08.2021 00:27:32.205,3.89642,3.8923800000000006,1.5,1.5
09.08.2021 00:27:32.357,3.89642,3.8923800000000006,1.5,1.5
09.08.2021 00:28:03.615,3.89642,3.8923800000000006,1.5,1.5
09.08.2021 00:28:47.047,3.8966900000000004,3.89227,1.5,1.5
09.08.2021 00:28:47.227,3.8966900000000004,3.89227,1.5,1.5
09.08.2021 00:29:03.098,3.8966900000000004,3.89227,1.5,1.5
09.08.2021 00:29:03.297,3.89642,3.8923800000000006,1.5,1.5
09.08.2021 00:29:08.208,3.89641,3.8923900000000002,1.5,1.5
09.08.2021 00:29:08.713,3.89642,3.8923800000000006,1.5,1.5
09.08.2021 00:29:35.542,3.89632,3.8923800000000006,1.5,1.5
09.08.2021 00:29:35.859,3.89622,3.8921800000000006,1.5,1.5
09.08.2021 00:29:37.175,3.89621,3.8921900000000003,1.5,1.5
09.08.2021 00:29:45.191,3.89632,3.89222,1.5,1.5
09.08.2021 00:29:47.208,3.89632,3.89222,1.5,1.5
09.08.2021 00:29:54.380,3.89632,3.89222,1.5,1.5
09.08.2021 00:29:54.583,3.89632,3.89222,1.5,1.5
09.08.2021 00:30:02.707,3.89631,3.8922300000000005,1.5,1.5
09.08.2021 00:30:03.079,3.89631,3.8922300000000005,1.5,1.5
09.08.2021 00:30:04.909,3.89622,3.89222,1.5,1.5
09.08.2021 00:30:09.454,3.89632,3.89222,1.5,1.5
09.08.2021 00:30:19.184,3.89621,3.8921900000000003,1.5,1.5
09.08.2021 00:30:19.375,3.89622,3.8921800000000006,1.5,1.5
09.08.2021 00:30:42.156,3.89621,3.8921900000000003,1.5,1.5
09.08.2021 00:30:42.357,3.89622,3.8921800000000006,1.5,1.5
09.08.2021 00:30:53.424,3.89622,3.89222,1.5,1.5
09.08.2021 00:31:03.033,3.89631,3.8922300000000005,1.5,1.5
09.08.2021 00:31:03.209,3.89621,3.8921900000000003,1.5,1.5
09.08.2021 00:31:11.087,3.89612,3.8918500000000003,1.5,1.5
09.08.2021 00:31:11.887,3.89612,3.89211,1.5,1.5
09.08.2021 00:31:14.913,3.8960800000000004,3.89204,1.5,2
09.08.2021 00:31:25.276,3.8960900000000005,3.8920300000000005,1.5,1.5
09.08.2021 00:31:34.625,3.8960800000000004,3.8920900000000005,1.5,1.5
09.08.2021 00:31:35.514,3.8960900000000005,3.8920300000000005,1.5,2
09.08.2021 00:31:35.653,3.8960900000000005,3.8920300000000005,1.5,1.5
09.08.2021 00:31:36.193,3.8960800000000004,3.89204,1.5,1.5
09.08.2021 00:31:46.215,3.89624,3.8922900000000005,1.5,1.5
09.08.2021 00:31:49.848,3.89624,3.8922900000000005,1.5,1.5
09.08.2021 00:31:50.027,3.89625,3.89215,1.5,1.5
09.08.2021 00:31:50.229,3.89625,3.89215,1.5,1.5
09.08.2021 00:32:27.063,3.89625,3.8921800000000006,1.5,1.5
09.08.2021 00:32:27.263,3.89621,3.8921900000000003,1.5,1.5
09.08.2021 00:32:28.971,3.89621,3.8921900000000003,1.5,1.5
09.08.2021 00:32:32.023,3.8960800000000004,3.8921800000000006,1.5,1.5
09.08.2021 00:32:32.475,3.89607,3.8921,2,1.5
09.08.2021 00:32:36.077,3.8960800000000004,3.89195,2,1.5
09.08.2021 00:32:38.708,3.89607,3.89196,2,1.5
09.08.2021 00:32:54.208,3.8960800000000004,3.89195,2,1.5
09.08.2021 00:33:03.202,3.8960800000000004,3.8920300000000005,2,1.5
09.08.2021 00:33:03.403,3.8960800000000004,3.8920800000000004,2,1.5
09.08.2021 00:33:12.561,3.89627,3.8922300000000005,1.5,1.5
09.08.2021 00:33:12.725,3.89626,3.8922900000000005,1.5,1.5
09.08.2021 00:33:25.755,3.8962800000000004,3.8923300000000003,1.5,1.5
09.08.2021 00:33:29.362,3.8962800000000004,3.8923300000000003,1.5,1.5
09.08.2021 00:33:40.519,3.8962800000000004,3.89231,1.5,1.5
09.08.2021 00:33:40.718,3.8962800000000004,3.89231,1.5,1.5
09.08.2021 00:33:45.969,3.8962800000000004,3.89231,1.5,1.5
09.08.2021 00:34:01.196,3.8962800000000004,3.89231,1.5,1.5
09.08.2021 00:34:02.217,3.8962800000000004,3.89231,1.5,1.5
09.08.2021 00:34:03.818,3.89627,3.8921900000000003,2,1.5
09.08.2021 00:34:08.897,3.89682,3.8926800000000004,1.5,1.5
09.08.2021 00:34:09.060,3.89662,3.8925800000000006,1.5,1.5
09.08.2021 00:34:09.458,3.8969199999999997,3.8928800000000003,1.5,1.5
09.08.2021 00:34:09.958,3.89662,3.8925800000000006,1.5,1.5
09.08.2021 00:34:14.107,3.8969800000000006,3.8927800000000006,1.5,1.5
09.08.2021 00:34:15.211,3.8969800000000006,3.8927800000000006,1.5,1.5
09.08.2021 00:34:23.146,3.8969800000000006,3.8927800000000006,1.5,1.5
09.08.2021 00:34:24.256,3.8969800000000006,3.8927800000000006,1.5,1.5
09.08.2021 00:34:24.457,3.8969800000000006,3.8927800000000006,1.5,1.5
09.08.2021 00:34:50.876,3.89727,3.8930900000000004,1.5,1.5
09.08.2021 00:34:51.178,3.8972800000000003,3.8930800000000003,1.5,1.5
09.08.2021 00:34:53.395,3.8972800000000003,3.89337,1.5,1.5
09.08.2021 00:34:54.058,3.89746,3.8935800000000005,1.5,1.5
09.08.2021 00:34:54.214,3.89765,3.8935900000000006,1.5,1.5
09.08.2021 00:34:59.642,3.89772,3.8938800000000007,1.5,1.5
09.08.2021 00:35:00.050,3.8981000000000003,3.89386,1.5,1.5
09.08.2021 00:35:00.274,3.89822,3.8940300000000003,1.5,1.5
09.08.2021 00:35:03.371,3.89822,3.8938300000000003,1.5,2
09.08.2021 00:35:05.600,3.89822,3.8938300000000003,1.5,2
09.08.2021 00:35:07.595,3.89822,3.8938300000000003,1.5,2
09.08.2021 00:35:14.581,3.89821,3.8938400000000004,1.5,1.5
09.08.2021 00:35:16.683,3.89822,3.8938300000000003,1.5,1.5
09.08.2021 00:35:30.208,3.89822,3.8938300000000003,1.5,1.5
09.08.2021 00:35:30.765,3.89821,3.8938400000000004,1.5,1.5
09.08.2021 00:35:33.949,3.89822,3.8938800000000007,1.5,1.5
09.08.2021 00:35:34.186,3.89821,3.8937900000000005,1.5,1.5
09.08.2021 00:35:40.314,3.89822,3.8938800000000007,1.5,1.5
09.08.2021 00:36:10.942,3.89845,3.8939800000000004,1.5,1.5
09.08.2021 00:36:11.509,3.89845,3.8940300000000003,1.5,1.5
09.08.2021 00:36:30.228,3.89845,3.8940300000000003,1.5,1.5
09.08.2021 00:36:33.967,3.89845,3.8939300000000006,1.5,1.5
09.08.2021 00:36:34.160,3.89845,3.8939800000000004,1.5,1.5
09.08.2021 00:36:40.709,3.89845,3.8939800000000004,1.5,1.5
09.08.2021 00:36:46.033,3.89845,3.8939300000000006,1.5,1.5
09.08.2021 00:36:46.553,3.89852,3.8940400000000004,1.5,1.5
09.08.2021 00:36:46.725,3.8985300000000005,3.8940800000000007,1.5,1.5
09.08.2021 00:36:47.107,3.8985300000000005,3.8940300000000003,1.5,1.5
09.08.2021 00:36:47.529,3.8985300000000005,3.8940300000000003,1.5,1.5
09.08.2021 00:36:48.918,3.89852,3.8940400000000004,2,1.5
09.08.2021 00:36:49.728,3.89852,3.8940400000000004,2,1.5
09.08.2021 00:36:54.367,3.8985300000000005,3.8940300000000003,2,1.5
09.08.2021 00:36:57.674,3.8985300000000005,3.8940300000000003,1.5,1.5
09.08.2021 00:37:01.352,3.8985300000000005,3.8940300000000003,1.5,1.5
09.08.2021 00:37:01.564,3.89852,3.8939900000000005,2,1.5
09.08.2021 00:37:06.531,3.89852,3.8940400000000004,1.5,1.5
09.08.2021 00:37:10.382,3.8985300000000005,3.8940300000000003,1.5,1.5
09.08.2021 00:37:10.583,3.89867,3.89414,1.5,1.5
09.08.2021 00:37:11.803,3.8986800000000006,3.8941300000000005,1.5,1.5
09.08.2021 00:37:13.643,3.8986199999999998,3.8940900000000003,1.5,1.5
09.08.2021 00:37:34.873,3.8986199999999998,3.8940900000000003,1.5,1.5
09.08.2021 00:37:41.739,3.8985300000000005,3.8940300000000003,1.5,2
09.08.2021 00:37:42.216,3.8985800000000004,3.8940300000000003,1.5,2
09.08.2021 00:37:51.338,3.89852,3.89422,1.5,1.5
09.08.2021 00:37:53.494,3.89852,3.89422,1.5,1.5
09.08.2021 00:37:59.485,3.8985900000000004,3.8942300000000003,1.5,1.5
09.08.2021 00:38:00.806,3.8985900000000004,3.8942300000000003,1.5,1.5
09.08.2021 00:38:01.007,3.89866,3.8943800000000004,1.5,1.5
09.08.2021 00:38:10.191,3.89866,3.8943300000000005,1.5,1.5
09.08.2021 00:38:12.581,3.8986500000000004,3.8942900000000003,1.5,1.5
09.08.2021 00:38:20.941,3.89875,3.8944900000000002,1.5,1.5
09.08.2021 00:38:22.771,3.89891,3.89454,1.5,1.5
09.08.2021 00:38:23.410,3.89892,3.8945300000000005,1.5,1.5
09.08.2021 00:38:36.146,3.89892,3.8944800000000006,1.5,1.5
09.08.2021 00:38:36.948,3.89891,3.8945900000000004,1.5,1.5
09.08.2021 00:38:46.501,3.89891,3.8945900000000004,1.5,1.5
09.08.2021 00:38:53.208,3.8989300000000005,3.8946800000000006,1.5,1.5
09.08.2021 00:39:01.704,3.89881,3.8945800000000004,1.5,1.5
09.08.2021 00:39:05.941,3.8988,3.8945900000000004,1.5,1.5
09.08.2021 00:39:06.583,3.89881,3.8945800000000004,1.5,1.5
09.08.2021 00:39:08.088,3.89881,3.8946800000000006,1.5,1.5
09.08.2021 00:39:08.705,3.89881,3.8946800000000006,1.5,1.5
09.08.2021 00:39:10.751,3.8988,3.8946800000000006,1.5,1.5
09.08.2021 00:39:15.024,3.8988,3.8946800000000006,1.5,1.5
09.08.2021 00:39:15.223,3.899,3.8948400000000003,1.5,1.5
09.08.2021 00:39:20.902,3.89901,3.8948300000000007,1.5,1.5
09.08.2021 00:39:21.105,3.89901,3.8948300000000007,1.5,1.5
09.08.2021 00:39:27.040,3.899,3.8948400000000003,1.5,1.5
09.08.2021 00:39:27.240,3.89901,3.8948300000000007,1.5,1.5
09.08.2021 00:39:35.179,3.89901,3.8950400000000003,1.5,1.5
09.08.2021 00:39:35.431,3.8991800000000003,3.8954,1.5,1.5
09.08.2021 00:39:35.581,3.89917,3.89541,1.5,1.5
09.08.2021 00:39:35.690,3.8991800000000003,3.8954,1.5,1.5
09.08.2021 00:39:35.897,3.8991800000000003,3.8954,1.5,1.5
09.08.2021 00:39:40.335,3.89917,3.89541,1.5,1.5
09.08.2021 00:39:45.557,3.8991800000000003,3.8954,1.5,1.5
09.08.2021 00:39:49.806,3.89917,3.89541,1.5,1.5
09.08.2021 00:39:56.898,3.89917,3.89541,1.5,1.5
09.08.2021 00:40:00.949,3.8991800000000003,3.8954,1.5,1.5
09.08.2021 00:40:26.824,3.8991800000000003,3.89527,1.5,1.5
09.08.2021 00:40:27.268,3.8991800000000003,3.89527,1.5,1.5
09.08.2021 00:40:37.621,3.8991800000000003,3.89527,1.5,1.5
09.08.2021 00:40:42.915,3.89917,3.8952800000000005,1.5,1.5
09.08.2021 00:40:44.935,3.8991800000000003,3.89527,1.5,1.5
09.08.2021 00:40:45.036,3.8991800000000003,3.89511,1.5,1.5
09.08.2021 00:40:48.394,3.8991800000000003,3.89511,1.5,1.5
09.08.2021 00:40:48.610,3.8989400000000005,3.89496,1.5,1.5
09.08.2021 00:40:56.325,3.89895,3.89495,1.5,1.5
09.08.2021 00:40:56.526,3.89895,3.89495,1.5,1.5
09.08.2021 00:40:56.727,3.89895,3.89495,1.5,1.5
09.08.2021 00:40:57.217,3.89892,3.89469,1.5,1.5
09.08.2021 00:41:07.536,3.89892,3.89469,1.5,1.5
09.08.2021 00:41:07.761,3.89892,3.8948800000000006,1.5,1.5
09.08.2021 00:41:07.979,3.89901,3.8948800000000006,1.5,1.5
09.08.2021 00:41:08.179,3.89901,3.8948800000000006,1.5,1.5
09.08.2021 00:41:12.051,3.89901,3.8948800000000006,1.5,1.5
09.08.2021 00:41:12.544,3.899,3.89489,1.5,1.5
09.08.2021 00:41:13.556,3.89901,3.8948800000000006,1.5,1.5
09.08.2021 00:41:14.591,3.89921,3.8949800000000003,1.5,1.5
09.08.2021 00:41:22.307,3.8992,3.8951000000000002,1.5,1.5
09.08.2021 00:41:35.061,3.89921,3.89509,1.5,1.5
09.08.2021 00:41:37.209,3.8992,3.8951000000000002,1.5,1.5
09.08.2021 00:41:38.166,3.8992,3.8951000000000002,1.5,1.5
09.08.2021 00:41:38.368,3.89907,3.89492,1.5,1.5
09.08.2021 00:41:40.301,3.89907,3.89492,1.5,1.5
09.08.2021 00:41:47.231,3.89907,3.89492,1.5,1.5
09.08.2021 00:41:51.694,3.89921,3.895,1.5,1.5
09.08.2021 00:41:52.147,3.8993,3.89512,1.5,1.5
09.08.2021 00:41:55.220,3.89929,3.8951300000000004,1.5,1.5
09.08.2021 00:41:55.271,3.8993,3.89512,1.5,1.5
09.08.2021 00:41:55.465,3.8993,3.89512,1.5,1.5
09.08.2021 00:41:55.761,3.8993,3.89512,1.5,1.5
09.08.2021 00:42:35.953,3.8993,3.89512,1.5,1.5
09.08.2021 00:42:38.985,3.8993,3.89512,1.5,1.5
09.08.2021 00:42:39.186,3.8993,3.89512,1.5,1.5
09.08.2021 00:42:40.266,3.8993,3.89512,1.5,1.5
09.08.2021 00:42:55.413,3.89929,3.8951300000000004,1.5,1.5
09.08.2021 00:43:08.941,3.89929,3.8951400000000005,1.5,1.5
09.08.2021 00:43:10.707,3.8994300000000006,3.89527,1.5,1.5
09.08.2021 00:43:13.951,3.8994500000000003,3.89526,1.5,1.5
09.08.2021 00:43:36.093,3.89946,3.89527,1.5,1.5
09.08.2021 00:43:36.295,3.89947,3.89521,1.5,1.5
09.08.2021 00:43:53.407,3.89932,3.89515,1.5,1.5
09.08.2021 00:44:00.260,3.89932,3.89515,1.5,1.5
09.08.2021 00:44:00.464,3.8992400000000003,3.89501,1.5,1.5
09.08.2021 00:44:03.476,3.8992400000000003,3.89501,1.5,1.5
09.08.2021 00:44:05.074,3.89911,3.8949300000000004,1.5,1.5
09.08.2021 00:44:12.778,3.89912,3.89492,1.5,1.5
09.08.2021 00:44:13.178,3.89911,3.8949300000000004,1.5,1.5
09.08.2021 00:44:15.779,3.89911,3.8949300000000004,1.5,1.5
09.08.2021 00:44:18.574,3.89911,3.8949300000000004,1.5,1.5
09.08.2021 00:44:31.041,3.89911,3.8949300000000004,1.5,1.5
09.08.2021 00:44:31.240,3.89911,3.8949300000000004,1.5,1.5
09.08.2021 00:44:40.020,3.89912,3.89492,1.5,1.5
09.08.2021 00:45:01.411,3.89912,3.89492,1.5,1.5
09.08.2021 00:45:10.734,3.89912,3.89492,1.5,1.5
09.08.2021 00:45:16.353,3.89911,3.8949300000000004,1.5,1.5
09.08.2021 00:45:16.755,3.89912,3.89492,1.5,1.5
09.08.2021 00:45:17.369,3.89912,3.89492,1.5,1.5
09.08.2021 00:45:40.416,3.89911,3.8950400000000003,1.5,1.5
09.08.2021 00:45:40.616,3.89912,3.8950300000000007,1.5,1.5
09.08.2021 00:45:55.633,3.89911,3.8950400000000003,1.5,1.5
09.08.2021 00:45:56.037,3.89912,3.8950300000000007,1.5,1.5
09.08.2021 00:45:57.108,3.89912,3.8950300000000007,1.5,1.5
09.08.2021 00:45:57.679,3.89912,3.8950300000000007,1.5,1.5
09.08.2021 00:45:57.881,3.89911,3.8950400000000003,1.5,1.5
09.08.2021 00:45:58.384,3.89911,3.8950400000000003,1.5,1.5
09.08.2021 00:46:09.740,3.8991000000000002,3.8948300000000007,1.5,1.5
09.08.2021 00:46:15.091,3.8991000000000002,3.8947800000000004,1.5,2
09.08.2021 00:46:23.322,3.89909,3.8947900000000004,1.5,2
09.08.2021 00:46:25.710,3.8991000000000002,3.8947800000000004,1.5,2
09.08.2021 00:46:30.207,3.89909,3.8947900000000004,1.5,2
09.08.2021 00:46:40.991,3.89909,3.8947900000000004,1.5,2
09.08.2021 00:46:44.278,3.8991000000000002,3.8948300000000007,1.5,1.5
09.08.2021 00:46:54.981,3.8992300000000006,3.8949900000000004,1.5,1.5
09.08.2021 00:46:55.187,3.8992400000000003,3.8949800000000003,1.5,1.5
09.08.2021 00:46:55.389,3.8992300000000006,3.8949800000000003,1.5,2
09.08.2021 00:47:02.193,3.8992400000000003,3.89497,1.5,2
09.08.2021 00:47:43.042,3.89912,3.89497,1.5,1.5
09.08.2021 00:47:53.538,3.89912,3.89497,1.5,1.5
09.08.2021 00:47:57.380,3.89912,3.89475,1.5,1.5
09.08.2021 00:47:57.728,3.89912,3.89475,1.5,1.5
09.08.2021 00:48:01.235,3.89911,3.89476,1.5,1.5
09.08.2021 00:48:02.499,3.89912,3.89475,1.5,1.5
09.08.2021 00:48:07.384,3.89912,3.89475,1.5,1.5
09.08.2021 00:48:07.547,3.89911,3.89476,1.5,1.5
09.08.2021 00:48:22.238,3.89912,3.89475,1.5,1.5
09.08.2021 00:48:22.439,3.89911,3.89476,1.5,1.5
09.08.2021 00:49:24.549,3.89912,3.89475,1.5,1.5
09.08.2021 00:49:24.750,3.89929,3.89497,1.5,1.5
09.08.2021 00:49:24.952,3.89929,3.89497,1.5,1.5
09.08.2021 00:49:41.307,3.8992400000000003,3.89497,1.5,2
09.08.2021 00:49:53.278,3.8992400000000003,3.89497,1.5,2
09.08.2021 00:50:13.631,3.8992300000000006,3.8949800000000003,1.5,2
09.08.2021 00:50:14.154,3.8992400000000003,3.89497,1.5,2
09.08.2021 00:50:18.319,3.8992400000000003,3.89497,1.5,2
09.08.2021 00:50:43.210,3.8992400000000003,3.89497,1.5,2
09.08.2021 00:50:43.718,3.8992400000000003,3.89497,1.5,2
09.08.2021 00:50:44.018,3.8992400000000003,3.89497,1.5,2
09.08.2021 00:50:44.419,3.8992400000000003,3.89497,1.5,2
09.08.2021 00:50:44.622,3.8992400000000003,3.89497,1.5,2
09.08.2021 00:50:46.218,3.8992300000000006,3.8949800000000003,1.5,2
09.08.2021 00:50:48.304,3.8992400000000003,3.89497,1.5,2
09.08.2021 00:51:02.686,3.8992400000000003,3.89497,1.5,2
09.08.2021 00:51:02.889,3.8992300000000006,3.8949800000000003,1.5,2
09.08.2021 00:51:07.135,3.89929,3.89497,1.5,1.5
09.08.2021 00:51:07.337,3.89929,3.89497,1.5,1.5
09.08.2021 00:51:08.306,3.89929,3.89497,1.5,1.5
09.08.2021 00:51:08.509,3.8989400000000005,3.89477,1.5,1.5
09.08.2021 00:51:11.448,3.8989300000000005,3.89469,1.5,1.5
09.08.2021 00:51:19.441,3.8989300000000005,3.89469,1.5,1.5
09.08.2021 00:51:19.643,3.89867,3.8944800000000006,1.5,1.5
09.08.2021 00:51:22.887,3.89867,3.8944800000000006,1.5,1.5
09.08.2021 00:51:26.334,3.8986800000000006,3.89447,1.5,1.5
09.08.2021 00:52:19.205,3.89867,3.89454,1.5,1.5
09.08.2021 00:52:24.210,3.8986800000000006,3.89457,1.5,1.5
09.08.2021 00:52:40.207,3.8986800000000006,3.89457,1.5,1.5
09.08.2021 00:52:54.386,3.8986800000000006,3.8945800000000004,1.5,1.5
09.08.2021 00:53:01.834,3.8986800000000006,3.89457,1.5,1.5
09.08.2021 00:53:28.522,3.8986800000000006,3.89457,1.5,1.5
09.08.2021 00:53:28.690,3.8986300000000003,3.89447,1.5,1.5
09.08.2021 00:53:37.283,3.8986300000000003,3.89447,1.5,1.5
09.08.2021 00:53:38.673,3.89841,3.89432,1.5,1.5
09.08.2021 00:54:04.770,3.8984199999999998,3.89431,1.5,1.5
09.08.2021 00:54:14.910,3.8984199999999998,3.89431,1.5,1.5
09.08.2021 00:54:15.181,3.8986300000000003,3.8944400000000003,1.5,1.5
09.08.2021 00:54:17.654,3.8986199999999998,3.89445,1.5,1.5
09.08.2021 00:55:06.652,3.8986300000000003,3.8944400000000003,1.5,1.5
09.08.2021 00:55:07.075,3.8986300000000003,3.8944400000000003,1.5,1.5
09.08.2021 00:55:07.277,3.8986300000000003,3.8944400000000003,1.5,1.5
09.08.2021 00:55:07.789,3.8986199999999998,3.89445,1.5,1.5
09.08.2021 00:55:08.040,3.8986300000000003,3.8944400000000003,1.5,1.5
09.08.2021 00:55:12.325,3.8986300000000003,3.8944400000000003,1.5,1.5
09.08.2021 00:55:12.527,3.89841,3.89432,1.5,1.5
09.08.2021 00:55:19.988,3.8984199999999998,3.89431,1.5,1.5
09.08.2021 00:55:23.091,3.8984199999999998,3.89431,1.5,1.5
09.08.2021 00:55:23.292,3.8984199999999998,3.89431,1.5,1.5
09.08.2021 00:55:23.489,3.8984199999999998,3.8942,1.5,1.5
09.08.2021 00:55:23.693,3.89817,3.8939300000000006,1.5,1.5
09.08.2021 00:55:23.755,3.89817,3.8939300000000006,1.5,1.5
09.08.2021 00:55:26.538,3.8981800000000004,3.89392,1.5,1.5
09.08.2021 00:55:26.738,3.89817,3.8939300000000006,1.5,1.5
09.08.2021 00:55:26.940,3.8981800000000004,3.89392,1.5,1.5
09.08.2021 00:55:30.340,3.89817,3.8939300000000006,1.5,1.5
09.08.2021 00:55:31.519,3.8981800000000004,3.89392,1.5,1.5
09.08.2021 00:55:33.401,3.8981800000000004,3.89392,1.5,1.5
09.08.2021 00:55:34.963,3.89817,3.8939300000000006,1.5,1.5
09.08.2021 00:55:35.150,3.8981800000000004,3.89392,1.5,1.5
09.08.2021 00:55:35.346,3.8981800000000004,3.89392,1.5,1.5
09.08.2021 00:55:35.593,3.8981800000000004,3.89392,1.5,1.5
09.08.2021 00:56:01.285,3.89817,3.8939300000000006,1.5,1.5
09.08.2021 00:56:01.487,3.8981800000000004,3.89392,1.5,1.5
09.08.2021 00:56:02.699,3.8981800000000004,3.89392,1.5,1.5
09.08.2021 00:56:02.902,3.8981800000000004,3.89392,1.5,1.5
09.08.2021 00:56:10.180,3.89806,3.89392,1.5,1.5
09.08.2021 00:56:16.011,3.89817,3.8939300000000006,1.5,1.5
09.08.2021 00:56:16.211,3.8980300000000003,3.89392,1.5,1.5
09.08.2021 00:56:17.497,3.89802,3.8939300000000006,1.5,1.5
09.08.2021 00:56:17.698,3.8981800000000004,3.89392,1.5,1.5
09.08.2021 00:56:20.313,3.8981800000000004,3.89392,1.5,1.5
09.08.2021 00:56:24.337,3.8981800000000004,3.89392,1.5,1.5
09.08.2021 00:56:26.871,3.8981800000000004,3.8939800000000004,1.5,1.5
09.08.2021 00:56:27.273,3.8981800000000004,3.8940400000000004,1.5,1.5
09.08.2021 00:56:35.707,3.8981800000000004,3.8940400000000004,1.5,1.5
09.08.2021 00:56:35.897,3.89836,3.8941800000000004,1.5,1.5
09.08.2021 00:56:41.792,3.89836,3.89417,1.5,1.5
09.08.2021 00:56:53.198,3.89836,3.89417,1.5,1.5
09.08.2021 00:56:57.249,3.89835,3.8941900000000005,1.5,1.5
09.08.2021 00:57:00.478,3.8983800000000004,3.8942800000000006,1.5,1.5
09.08.2021 00:57:00.898,3.8985900000000004,3.8944300000000003,1.5,1.5
09.08.2021 00:57:03.379,3.8985900000000004,3.8944300000000003,1.5,1.5
09.08.2021 00:57:37.012,3.8986500000000004,3.8944300000000003,1.5,2
09.08.2021 00:57:38.423,3.8986500000000004,3.8944300000000003,1.5,2
09.08.2021 00:57:41.539,3.8986500000000004,3.8944300000000003,1.5,2
09.08.2021 00:57:41.953,3.8986500000000004,3.8944300000000003,1.5,2
09.08.2021 00:57:49.496,3.8986400000000003,3.8944400000000003,1.5,2
09.08.2021 00:57:50.590,3.8984199999999998,3.8944300000000003,1.5,1.5
09.08.2021 00:57:50.791,3.89841,3.8944400000000003,1.5,1.5
09.08.2021 00:58:07.058,3.8984199999999998,3.8941900000000005,1.5,2
09.08.2021 00:58:07.259,3.8984199999999998,3.8941900000000005,1.5,2
09.08.2021 00:58:18.810,3.89806,3.894,1.5,1.5
09.08.2021 00:58:19.012,3.89822,3.894,1.5,1.5
09.08.2021 00:58:19.213,3.89822,3.894,1.5,1.5
09.08.2021 00:58:22.756,3.89822,3.894,1.5,1.5
09.08.2021 00:58:23.237,3.89821,3.89401,1.5,1.5
09.08.2021 00:58:28.660,3.89822,3.894,1.5,1.5
09.08.2021 00:58:38.107,3.89822,3.894,1.5,1.5
09.08.2021 00:58:38.163,3.89822,3.894,1.5,1.5
09.08.2021 00:58:47.927,3.89822,3.894,1.5,1.5
09.08.2021 00:58:56.944,3.89822,3.8939800000000004,1.5,1.5
09.08.2021 00:58:57.550,3.89822,3.89426,1.5,1.5
09.08.2021 00:59:02.023,3.89822,3.89397,1.5,1.5
09.08.2021 00:59:02.223,3.89822,3.8939800000000004,1.5,1.5
09.08.2021 00:59:10.073,3.89822,3.8939800000000004,1.5,1.5
09.08.2021 00:59:19.141,3.89822,3.89397,1.5,1.5
09.08.2021 00:59:19.820,3.89825,3.8940900000000003,1.5,1.5
09.08.2021 00:59:20.536,3.89826,3.8940800000000007,1.5,1.5
09.08.2021 00:59:28.816,3.89816,3.8938800000000007,1.5,1.5
09.08.2021 00:59:29.020,3.89816,3.8938800000000007,1.5,1.5
09.08.2021 00:59:30.574,3.89816,3.8938800000000007,1.5,1.5
09.08.2021 00:59:31.694,3.89817,3.8938699999999997,1.5,1.5
09.08.2021 00:59:32.186,3.89817,3.89417,1.5,1.5
09.08.2021 00:59:33.210,3.89817,3.89417,1.5,1.5
09.08.2021 00:59:34.912,3.89816,3.8938800000000007,1.5,1.5
09.08.2021 00:59:45.305,3.8981300000000005,3.8938300000000003,1.5,1.5
09.08.2021 00:59:47.112,3.8981300000000005,3.8938300000000003,1.5,1.5
09.08.2021 00:59:48.831,3.8981300000000005,3.8938300000000003,1.5,1.5
09.08.2021 00:59:49.099,3.8981300000000005,3.8938300000000003,1.5,1.5
09.08.2021 00:59:51.892,3.8981300000000005,3.8938300000000003,1.5,1.5
09.08.2021 01:00:00.601,3.8979800000000004,3.89371,1.5,1.5
09.08.2021 01:00:02.281,3.8978300000000004,3.89371,1.5,1.5
09.08.2021 01:00:03.880,3.89772,3.8934800000000003,1.5,1.5
09.08.2021 01:00:07.226,3.89772,3.8934800000000003,1.5,1.5
09.08.2021 01:00:09.570,3.8978900000000003,3.8937000000000004,1.5,1.5
09.08.2021 01:00:15.553,3.8978900000000003,3.8937000000000004,1.5,1.5
09.08.2021 01:00:20.685,3.8978,3.8936800000000007,1.5,1.5
09.08.2021 01:00:22.899,3.8976800000000007,3.89345,1.5,1.5
09.08.2021 01:00:26.625,3.8976800000000007,3.89345,1.5,1.5
09.08.2021 01:00:29.184,3.8976800000000007,3.89345,1.5,1.5
09.08.2021 01:00:29.387,3.8976699999999997,3.89346,1.5,1.5
09.08.2021 01:00:31.620,3.8976699999999997,3.89365,1.5,1.5
09.08.2021 01:00:31.813,3.8976800000000007,3.89345,1.5,1.5
09.08.2021 01:00:36.563,3.8976300000000004,3.89345,1.5,1.5
09.08.2021 01:00:43.214,3.89762,3.89346,1.5,1.5
09.08.2021 01:00:43.417,3.8976300000000004,3.89345,1.5,1.5
09.08.2021 01:00:43.822,3.89762,3.89346,1.5,1.5
09.08.2021 01:00:59.859,3.8975800000000005,3.89372,1.5,1.5
09.08.2021 01:01:01.145,3.8976800000000007,3.8935300000000006,1.5,1.5
09.08.2021 01:01:10.120,3.89786,3.8935800000000005,1.5,1.5
09.08.2021 01:01:10.343,3.89786,3.8935800000000005,1.5,1.5
09.08.2021 01:01:15.265,3.89785,3.8935900000000006,1.5,1.5
09.08.2021 01:01:36.066,3.89765,3.8934800000000003,1.5,1.5
09.08.2021 01:01:36.268,3.89766,3.8934699999999998,1.5,1.5
09.08.2021 01:01:37.407,3.89766,3.8934699999999998,1.5,1.5
09.08.2021 01:01:45.050,3.89766,3.8934699999999998,1.5,1.5
09.08.2021 01:01:46.411,3.89765,3.8934800000000003,1.5,1.5
09.08.2021 01:01:59.076,3.8976300000000004,3.8934699999999998,1.5,1.5
09.08.2021 01:01:59.303,3.8976300000000004,3.8934699999999998,1.5,1.5
09.08.2021 01:02:01.170,3.89762,3.8934800000000003,1.5,1.5
09.08.2021 01:02:10.897,3.8976300000000004,3.8934699999999998,1.5,1.5
09.08.2021 01:02:11.127,3.8976300000000004,3.8934699999999998,1.5,1.5
09.08.2021 01:02:19.507,3.8974400000000005,3.89325,1.5,1.5
09.08.2021 01:02:28.993,3.89745,3.8932400000000005,1.5,1.5
09.08.2021 01:02:46.189,3.89745,3.89337,1.5,1.5
09.08.2021 01:02:46.240,3.8974400000000005,3.8933800000000005,1.5,1.5
09.08.2021 01:02:51.213,3.89745,3.89337,1.5,1.5
09.08.2021 01:02:53.390,3.8975500000000003,3.8930900000000004,1.5,1.5
09.08.2021 01:02:53.641,3.8974800000000003,3.89305,1.5,1.5
09.08.2021 01:02:53.832,3.8972800000000003,3.8928800000000003,1.5,1.5
09.08.2021 01:02:55.173,3.8972800000000003,3.8928300000000005,1.5,1.5
09.08.2021 01:02:57.100,3.8972800000000003,3.8928800000000003,1.5,1.5
09.08.2021 01:03:00.958,3.8973800000000005,3.8929300000000007,1.5,1.5
09.08.2021 01:03:07.467,3.89737,3.8930400000000005,1.5,1.5
09.08.2021 01:03:12.771,3.8973800000000005,3.8931300000000006,1.5,1.5
09.08.2021 01:03:12.925,3.8976100000000002,3.8931800000000005,1.5,1.5
09.08.2021 01:03:13.531,3.8976,3.89319,1.5,1.5
09.08.2021 01:03:34.262,3.8976100000000002,3.8930900000000004,1.5,1.5
09.08.2021 01:03:34.486,3.8973800000000005,3.8929300000000007,1.5,1.5
09.08.2021 01:03:36.699,3.8972800000000003,3.8928300000000005,1.5,1.5
09.08.2021 01:03:37.086,3.8972800000000003,3.8928300000000005,1.5,1.5
09.08.2021 01:03:37.538,3.89727,3.8928400000000005,1.5,1.5
09.08.2021 01:03:39.660,3.8972800000000003,3.8928300000000005,1.5,1.5
09.08.2021 01:03:39.860,3.89727,3.8929400000000003,1.5,1.5
09.08.2021 01:03:46.265,3.8973800000000005,3.8930800000000003,1.5,1.5
09.08.2021 01:03:48.209,3.8973800000000005,3.8930800000000003,1.5,1.5
09.08.2021 01:03:52.581,3.8973800000000005,3.8931300000000006,1.5,1.5
09.08.2021 01:04:03.727,3.8973800000000005,3.8930300000000004,1.5,1.5
09.08.2021 01:04:04.404,3.8973800000000005,3.8929300000000007,1.5,2
09.08.2021 01:04:04.855,3.89737,3.8929400000000003,1.5,2
09.08.2021 01:04:08.878,3.8973800000000005,3.8930300000000004,1.5,1.5
09.08.2021 01:04:09.020,3.8973800000000005,3.8930800000000003,1.5,1.5
09.08.2021 01:04:14.535,3.8966900000000004,3.8932300000000004,1,1.5
09.08.2021 01:04:23.102,3.8966800000000004,3.8929400000000003,1,1.5
09.08.2021 01:04:23.316,3.8966900000000004,3.8927199999999997,1.5,1.5
09.08.2021 01:04:27.100,3.8966900000000004,3.89277,1.5,1.5
09.08.2021 01:04:32.108,3.8966900000000004,3.8928800000000003,1.5,1.5
09.08.2021 01:04:33.672,3.8966900000000004,3.8930800000000003,1,1.5
09.08.2021 01:04:34.078,3.8966900000000004,3.8930800000000003,1,1.5
09.08.2021 01:04:35.110,3.8966900000000004,3.8930800000000003,1,1.5
09.08.2021 01:04:36.313,3.8966800000000004,3.89299,1,1.5
09.08.2021 01:04:36.515,3.8966800000000004,3.89299,1,1.5
09.08.2021 01:04:44.118,3.8966900000000004,3.8929800000000006,1,1.5
09.08.2021 01:04:55.981,3.8967500000000004,3.8929800000000006,1.12,1.5
09.08.2021 01:05:00.886,3.8967500000000004,3.89339,1,1.5
09.08.2021 01:05:02.498,3.8967500000000004,3.8930800000000003,1,1.5
09.08.2021 01:05:15.353,3.89676,3.8930800000000003,1,1.5
09.08.2021 01:05:16.117,3.89676,3.8930800000000003,1.5,1.5
09.08.2021 01:05:22.460,3.89676,3.8930800000000003,1.5,1.5
09.08.2021 01:05:22.661,3.89676,3.8929800000000006,1.5,1.5
09.08.2021 01:05:22.762,3.89676,3.8928800000000003,1.5,1.5
09.08.2021 01:05:23.114,3.89676,3.8928800000000003,1.5,1.5
09.08.2021 01:05:23.948,3.89676,3.8928800000000003,1.5,1.5
09.08.2021 01:05:36.229,3.89676,3.8928800000000003,1.5,1.5
09.08.2021 01:05:42.714,3.8969199999999997,3.8928800000000003,1.5,1.5
09.08.2021 01:05:42.916,3.8969199999999997,3.8927800000000006,1.5,1.5
09.08.2021 01:05:43.131,3.89691,3.89279,1.5,1.5
09.08.2021 01:05:53.828,3.8969300000000007,3.8927199999999997,1.5,1.5
09.08.2021 01:06:00.924,3.8969300000000007,3.8928800000000003,1.5,1.5
09.08.2021 01:06:01.103,3.8969300000000007,3.8928800000000003,1.5,1.5
09.08.2021 01:06:01.305,3.8969300000000007,3.8928800000000003,1.5,1.5
09.08.2021 01:06:02.679,3.8969199999999997,3.8928900000000004,1.5,1.5
09.08.2021 01:06:04.195,3.8969300000000007,3.8929800000000006,1.5,1.5
09.08.2021 01:06:04.412,3.8971199999999997,3.8930800000000003,1.5,1.5
09.08.2021 01:06:05.040,3.8971199999999997,3.8930800000000003,1.5,1.5
09.08.2021 01:06:10.368,3.8971199999999997,3.8931800000000005,1.5,1.5
09.08.2021 01:06:11.693,3.8971,3.8929300000000007,1.5,1.5
09.08.2021 01:06:11.893,3.89711,3.8929199999999997,1.5,1.5
09.08.2021 01:06:12.835,3.89711,3.89302,1.5,1.5
09.08.2021 01:06:13.379,3.8971,3.8930300000000004,1.5,1.5
09.08.2021 01:06:15.909,3.8971,3.8930900000000004,1,1.5
09.08.2021 01:06:24.178,3.89711,3.8931800000000005,1.5,1.5
09.08.2021 01:06:24.380,3.89711,3.8931800000000005,1.5,1.5
09.08.2021 01:06:34.062,3.89722,3.89319,1.5,1.5
09.08.2021 01:06:35.269,3.89722,3.8932900000000004,1.5,1.5
09.08.2021 01:06:49.818,3.89722,3.8932900000000004,1,1.5
09.08.2021 01:06:50.179,3.8974900000000003,3.89339,1.5,1.5
09.08.2021 01:06:50.230,3.8975000000000004,3.8933800000000005,1.5,1.5
09.08.2021 01:06:53.233,3.8975000000000004,3.8933800000000005,1.5,1.5
09.08.2021 01:06:55.099,3.8974900000000003,3.8934900000000003,1.5,1.5
09.08.2021 01:06:58.146,3.8974900000000003,3.8934900000000003,1.5,1.5
09.08.2021 01:07:00.167,3.8975000000000004,3.8934800000000003,1.5,1.5
09.08.2021 01:07:01.379,3.8975000000000004,3.8934800000000003,1.5,1.5
09.08.2021 01:07:01.595,3.8975000000000004,3.8933800000000005,1.5,1.5
09.08.2021 01:07:05.290,3.8974900000000003,3.89339,1.5,1.5
09.08.2021 01:07:05.492,3.8974900000000003,3.89339,1.5,1.5
09.08.2021 01:07:07.779,3.89732,3.8932300000000004,1.5,1.5
09.08.2021 01:07:07.992,3.8973300000000006,3.8931800000000005,1.5,1.5
09.08.2021 01:07:09.999,3.89732,3.8932900000000004,1.5,1.5
09.08.2021 01:07:10.174,3.89732,3.8932900000000004,1.5,1.5
09.08.2021 01:07:11.343,3.8973300000000006,3.8932800000000003,1.5,1.5
09.08.2021 01:07:12.253,3.89732,3.89339,1.5,1.5
09.08.2021 01:07:13.159,3.89732,3.89339,1.5,1.5
09.08.2021 01:07:13.362,3.8973300000000006,3.8931199999999997,1.5,1.5
09.08.2021 01:07:13.766,3.89732,3.8930400000000005,1.5,1.5
09.08.2021 01:07:27.515,3.89732,3.8931800000000005,1.5,1.5
09.08.2021 01:07:31.424,3.89732,3.8931800000000005,1.5,1.5
09.08.2021 01:07:34.221,3.89732,3.8931800000000005,1.5,1.5
09.08.2021 01:07:34.621,3.89732,3.8932800000000003,1.5,1.5
09.08.2021 01:07:35.768,3.89732,3.8932800000000003,1.5,1.5
09.08.2021 01:07:37.698,3.89732,3.8932800000000003,1.5,1.5
09.08.2021 01:07:51.436,3.89732,3.89302,1.5,1.5
09.08.2021 01:07:51.638,3.89732,3.89302,1.5,1.5
09.08.2021 01:07:52.006,3.89731,3.8930300000000004,1.5,1.5
09.08.2021 01:07:52.208,3.89732,3.89302,1.5,1.5
09.08.2021 01:07:57.357,3.89732,3.8933800000000005,1.5,1.5
09.08.2021 01:07:57.674,3.89731,3.89339,1.5,1.5
09.08.2021 01:08:02.487,3.89732,3.8931199999999997,1.5,1.5
09.08.2021 01:08:07.074,3.89732,3.89322,1.5,1.5
09.08.2021 01:08:07.790,3.89732,3.89322,1.5,1.5
09.08.2021 01:08:12.173,3.89732,3.89322,1.5,1.5
09.08.2021 01:08:17.841,3.89732,3.89322,1.5,1.5
09.08.2021 01:08:18.712,3.89732,3.89322,1.5,1.5
09.08.2021 01:08:20.317,3.89731,3.8932900000000004,1.5,1.5
09.08.2021 01:08:20.517,3.89732,3.8932800000000003,1.5,1.5
09.08.2021 01:08:21.050,3.89732,3.8932800000000003,1.5,1.5
09.08.2021 01:08:21.846,3.89732,3.8932800000000003,1.5,1.5
09.08.2021 01:08:31.201,3.89731,3.8932900000000004,1.5,1.5
09.08.2021 01:08:31.401,3.89731,3.8933400000000002,1.5,1.5
09.08.2021 01:08:32.328,3.89731,3.8932900000000004,1.5,1.5
09.08.2021 01:08:32.536,3.89732,3.8932800000000003,1.5,1.5
09.08.2021 01:08:36.539,3.89732,3.8932800000000003,1.5,1.5
09.08.2021 01:08:36.740,3.89732,3.8932800000000003,1.5,1.5
09.08.2021 01:08:47.408,3.8971199999999997,3.89322,1.5,1.5
09.08.2021 01:09:01.041,3.8971199999999997,3.8931800000000005,1.5,1.5
09.08.2021 01:09:05.653,3.8971199999999997,3.8931800000000005,1,1.5
09.08.2021 01:09:05.851,3.8971199999999997,3.8931800000000005,1.5,1.5
09.08.2021 01:09:07.115,3.89711,3.8932900000000004,1,1.5
09.08.2021 01:09:10.761,3.89711,3.8934300000000004,1,1.5
09.08.2021 01:09:10.914,3.8971199999999997,3.8932800000000003,1.5,1.5
09.08.2021 01:09:11.115,3.89711,3.8932900000000004,1.5,1.5
09.08.2021 01:09:11.316,3.89711,3.8932900000000004,1.5,1.5
09.08.2021 01:09:12.808,3.8971199999999997,3.89366,1,1.5
09.08.2021 01:09:13.077,3.8971199999999997,3.8933800000000005,1,1.5
09.08.2021 01:09:13.784,3.8973500000000003,3.8933800000000005,1.5,1.5
09.08.2021 01:09:18.134,3.8973500000000003,3.8933800000000005,1.5,1.5
09.08.2021 01:09:18.844,3.8973400000000002,3.8934900000000003,1.12,1.5
09.08.2021 01:09:21.146,3.8973400000000002,3.8933300000000006,1.5,1.5
09.08.2021 01:09:22.409,3.8973500000000003,3.89332,1.5,1.5
09.08.2021 01:09:30.446,3.8973500000000003,3.8933800000000005,1.5,1.5
09.08.2021 01:09:30.884,3.8973500000000003,3.8933800000000005,1.5,1.5
09.08.2021 01:09:31.225,3.8973400000000002,3.8938,1.5,1.5
09.08.2021 01:09:41.695,3.8973300000000006,3.89339,1.5,1.5
09.08.2021 01:09:42.098,3.8973400000000002,3.8934800000000003,1,1.5
09.08.2021 01:09:43.080,3.8973400000000002,3.8934800000000003,1,1.5
09.08.2021 01:09:51.762,3.8973400000000002,3.8934800000000003,1,1.5
09.08.2021 01:09:52.165,3.8973400000000002,3.8934800000000003,1.5,1.5
09.08.2021 01:09:53.078,3.8973400000000002,3.8934800000000003,1.5,1.5
09.08.2021 01:09:53.297,3.8973300000000006,3.89382,1,1.5
09.08.2021 01:09:55.086,3.8973400000000002,3.8934800000000003,1,1.5
09.08.2021 01:10:00.072,3.8973400000000002,3.8934800000000003,1,1.5
09.08.2021 01:10:00.293,3.8973400000000002,3.8934800000000003,1.5,1.5
09.08.2021 01:10:00.472,3.8973400000000002,3.8934800000000003,1.5,1.5
09.08.2021 01:10:01.090,3.8973400000000002,3.8934800000000003,1.5,1.5
09.08.2021 01:10:04.999,3.8973300000000006,3.8934900000000003,1.5,1.5
09.08.2021 01:10:05.200,3.8973400000000002,3.8934800000000003,1,1.5
09.08.2021 01:10:08.335,3.8973400000000002,3.8934800000000003,1.5,1.5
09.08.2021 01:10:08.535,3.8973400000000002,3.8934800000000003,1.5,1.5
09.08.2021 01:10:11.405,3.8973400000000002,3.8933800000000005,1.5,1.5
09.08.2021 01:10:15.953,3.8973400000000002,3.8937000000000004,1.5,1.5
09.08.2021 01:10:26.314,3.8973400000000002,3.8931199999999997,1,1.5
09.08.2021 01:10:26.496,3.8973300000000006,3.8931300000000006,1,1.5
09.08.2021 01:10:26.696,3.8973400000000002,3.89362,1.5,1.5
09.08.2021 01:10:54.164,3.8973400000000002,3.8931199999999997,1.5,1.5
09.08.2021 01:10:59.017,3.89736,3.8931199999999997,1.5,1.5
09.08.2021 01:10:59.388,3.8970900000000004,3.8931800000000005,1.5,1.5
09.08.2021 01:11:05.888,3.8970800000000003,3.8930900000000004,1.5,1.5
09.08.2021 01:11:10.859,3.8970900000000004,3.8930800000000003,1.5,1.5
09.08.2021 01:11:11.061,3.8970900000000004,3.8930800000000003,1.5,1.5
09.08.2021 01:11:14.300,3.8970900000000004,3.8930800000000003,1.5,1.5
09.08.2021 01:11:14.735,3.8970900000000004,3.8930800000000003,1.5,1.5
09.08.2021 01:11:15.688,3.8971800000000005,3.89306,1.5,1.5
09.08.2021 01:11:20.691,3.8971800000000005,3.8930800000000003,1.5,1.5
09.08.2021 01:11:27.696,3.8971800000000005,3.8930800000000003,1.5,1.5
09.08.2021 01:11:38.566,3.8968400000000005,3.8928900000000004,1,1.5
09.08.2021 01:11:38.730,3.89685,3.8927800000000006,1.5,1.5
09.08.2021 01:11:51.092,3.8968400000000005,3.89279,1.5,1.5
09.08.2021 01:11:51.293,3.8968400000000005,3.89279,1.5,1.5
09.08.2021 01:12:13.367,3.8968400000000005,3.89279,1.5,1.5
09.08.2021 01:12:13.975,3.89685,3.8927800000000006,1.5,1.5
09.08.2021 01:12:23.159,3.89685,3.8927800000000006,1.5,1.5
09.08.2021 01:12:24.010,3.8968400000000005,3.89279,1.5,1.5
09.08.2021 01:12:51.830,3.89671,3.89279,1.5,1.5
09.08.2021 01:12:52.030,3.89671,3.8926900000000004,1.5,1.5
09.08.2021 01:12:55.155,3.89671,3.8926900000000004,1.5,1.5
09.08.2021 01:12:55.557,3.8967199999999997,3.8926800000000004,1.5,1.5
09.08.2021 01:13:00.211,3.8967199999999997,3.8926800000000004,1.5,1.5
09.08.2021 01:13:00.411,3.8967199999999997,3.8926800000000004,1.5,1.5
09.08.2021 01:13:06.446,3.89671,3.8926900000000004,1.5,1.5
09.08.2021 01:13:10.536,3.89671,3.8926900000000004,1,1.5
09.08.2021 01:13:10.637,3.89681,3.8928800000000003,1.5,1.5
09.08.2021 01:13:10.871,3.89681,3.89279,1.5,1.5
09.08.2021 01:13:12.415,3.8973500000000003,3.8927800000000006,1,1.5
09.08.2021 01:13:12.542,3.8975900000000006,3.8927800000000006,1.5,1.5
09.08.2021 01:13:12.643,3.8975800000000005,3.89279,1.5,1.5
09.08.2021 01:13:12.813,3.8975900000000006,3.8928900000000004,1.5,1.5
09.08.2021 01:13:20.211,3.8975800000000005,3.8929,1.5,1.5
09.08.2021 01:13:39.846,3.8973400000000002,3.89282,1.5,1.5
09.08.2021 01:13:56.129,3.8973400000000002,3.89302,1,1.5
09.08.2021 01:13:56.242,3.89721,3.89302,1,1.5
09.08.2021 01:13:56.393,3.8975900000000006,3.8931199999999997,1,1.5
09.08.2021 01:13:56.571,3.8975900000000006,3.89322,1,1.5
09.08.2021 01:13:56.788,3.8974800000000003,3.89322,1.5,1.5
09.08.2021 01:13:58.819,3.8973300000000006,3.89322,1,1.5
09.08.2021 01:13:58.870,3.8973300000000006,3.8929800000000006,1,1.5
09.08.2021 01:13:58.971,3.89751,3.8930300000000004,1.5,1.5
09.08.2021 01:13:59.072,3.89752,3.8931199999999997,1.5,1.5
09.08.2021 01:13:59.227,3.89752,3.8931199999999997,1.5,1.5
09.08.2021 01:14:04.708,3.8974800000000003,3.8929199999999997,1,1.5
09.08.2021 01:14:04.909,3.8975500000000003,3.8928800000000003,1.12,1.5
09.08.2021 01:14:05.115,3.8975500000000003,3.89302,1,1.5
09.08.2021 01:14:05.305,3.8975500000000003,3.8928800000000003,1,1.5
09.08.2021 01:14:05.356,3.8977800000000005,3.8928800000000003,1.5,1.5
09.08.2021 01:14:05.456,3.8973500000000003,3.8928800000000003,1,1.5
09.08.2021 01:14:05.507,3.8973400000000002,3.8928900000000004,1.12,1.5
09.08.2021 01:14:05.557,3.8973500000000003,3.8928800000000003,1,1.5
09.08.2021 01:14:10.361,3.8973400000000002,3.8928300000000005,1,1.5
09.08.2021 01:14:34.594,3.8973500000000003,3.89296,1,1.5
09.08.2021 01:14:35.707,3.8973500000000003,3.89282,1,1.5
09.08.2021 01:14:41.176,3.8973500000000003,3.8928800000000003,1,1.5
09.08.2021 01:14:41.232,3.8972,3.8928800000000003,1,1.5
09.08.2021 01:14:41.337,3.89719,3.8928900000000004,1,1.5
09.08.2021 01:14:41.534,3.8972,3.8928800000000003,1,1.5
09.08.2021 01:14:46.864,3.8972,3.8927199999999997,1,1.5
09.08.2021 01:14:48.828,3.8972,3.89282,1,1.5
09.08.2021 01:14:49.019,3.8972,3.8925199999999998,1,1.5
09.08.2021 01:14:49.600,3.89719,3.8925300000000003,1,1.5
09.08.2021 01:14:53.182,3.8972,3.8925199999999998,1,1.5
09.08.2021 01:14:58.650,3.8972,3.89262,1,1.5
09.08.2021 01:15:11.605,3.8972,3.89262,1,1.5
09.08.2021 01:15:13.981,3.8972,3.89262,1,1.5
09.08.2021 01:15:15.749,3.8972,3.89262,1,1.5
09.08.2021 01:15:16.428,3.8972,3.89262,1,1.5
09.08.2021 01:15:18.911,3.8972,3.89282,1,1.5
09.08.2021 01:15:19.568,3.8975000000000004,3.89282,1,1.5
09.08.2021 01:15:20.720,3.8975000000000004,3.89282,1,1.5
09.08.2021 01:15:21.616,3.8972400000000005,3.89282,1,1.5
09.08.2021 01:15:23.912,3.8972300000000004,3.8928300000000005,1,1.5
09.08.2021 01:15:25.650,3.8972300000000004,3.8927300000000007,1,1.5
09.08.2021 01:15:25.712,3.8972300000000004,3.8927300000000007,1,1.5
09.08.2021 01:15:27.781,3.8972400000000005,3.8927199999999997,1,1.5
09.08.2021 01:15:27.831,3.89691,3.8926300000000005,1,1.5
09.08.2021 01:15:28.033,3.89691,3.8921800000000006,1,1.5
09.08.2021 01:15:29.522,3.89691,3.89242,1,1.5
09.08.2021 01:15:30.044,3.89691,3.89232,1,1.5
09.08.2021 01:15:34.388,3.8969,3.8923300000000003,1,1.5
09.08.2021 01:15:43.298,3.89691,3.8925199999999998,1,1.5
09.08.2021 01:15:49.226,3.89691,3.89262,1,1.5
09.08.2021 01:15:52.252,3.89691,3.89262,1,1.5
09.08.2021 01:16:06.785,3.89691,3.8925199999999998,1,1.5
09.08.2021 01:16:06.992,3.8969,3.8922800000000004,1,1.5
09.08.2021 01:16:07.536,3.8969,3.8922300000000005,1,1.5
09.08.2021 01:16:07.870,3.89706,3.89222,1,1.5
09.08.2021 01:16:09.524,3.89705,3.89259,1,1.5
09.08.2021 01:16:16.726,3.89706,3.8926800000000004,1,1.5
09.08.2021 01:16:16.944,3.89739,3.89259,1.5,1.5
09.08.2021 01:16:21.925,3.8974,3.8927199999999997,1,1.5
09.08.2021 01:16:22.303,3.8974,3.8927199999999997,1.5,1.5
09.08.2021 01:16:32.691,3.8974,3.89262,1.5,1.5
09.08.2021 01:16:32.890,3.8974,3.89262,1.5,1.5
09.08.2021 01:16:55.707,3.89739,3.8926300000000005,1.5,1.5
09.08.2021 01:16:55.956,3.8974,3.89262,1.5,1.5
09.08.2021 01:17:09.407,3.89707,3.8925199999999998,1,1.5
09.08.2021 01:17:09.558,3.89707,3.8924800000000004,1,1.5
09.08.2021 01:17:23.754,3.89706,3.8924300000000005,1.5,1.5
09.08.2021 01:17:23.977,3.89707,3.8923800000000006,1.5,1.5
09.08.2021 01:17:27.719,3.89707,3.89235,1.5,1.5
09.08.2021 01:17:27.912,3.89707,3.8923300000000003,1.5,1.5
09.08.2021 01:17:30.202,3.89707,3.89232,1.5,1.5
09.08.2021 01:17:31.818,3.89707,3.89232,1.5,1.5
09.08.2021 01:17:32.039,3.89707,3.89242,1.5,1.5
09.08.2021 01:17:37.777,3.89706,3.8924300000000005,1.5,1.5
09.08.2021 01:17:38.673,3.89707,3.89232,1.5,1.5
09.08.2021 01:18:03.276,3.89706,3.8922900000000005,1.5,1.5
09.08.2021 01:18:08.286,3.89706,3.8923900000000002,1,1.5
09.08.2021 01:18:08.642,3.89707,3.8925800000000006,1,1.5
09.08.2021 01:18:12.871,3.89706,3.89259,1,1.5
09.08.2021 01:18:13.809,3.89707,3.8924800000000004,1,1.5
09.08.2021 01:18:25.792,3.89706,3.8924900000000004,1,1.5
09.08.2021 01:18:30.158,3.89707,3.8924800000000004,1,1.5
09.08.2021 01:19:03.830,3.89707,3.8927199999999997,1,1.5
09.08.2021 01:19:07.156,3.89739,3.8926900000000004,1,1.5
09.08.2021 01:19:16.795,3.8974,3.8926800000000004,1,1.5
09.08.2021 01:19:27.308,3.8974,3.8927800000000006,1,1.5
09.08.2021 01:19:31.440,3.89739,3.89279,1,1.5
09.08.2021 01:19:35.791,3.8974400000000005,3.8927800000000006,1,1.5
09.08.2021 01:19:44.677,3.8974400000000005,3.8928000000000003,1,1.5
09.08.2021 01:19:48.635,3.8974400000000005,3.8928000000000003,1,1.5
09.08.2021 01:19:50.212,3.8974400000000005,3.8928000000000003,1,1.5
09.08.2021 01:19:50.414,3.8974400000000005,3.8928000000000003,1,1.5
09.08.2021 01:19:51.064,3.8974400000000005,3.8928000000000003,1,1.5
09.08.2021 01:19:58.213,3.8974400000000005,3.8928000000000003,1,1.5
09.08.2021 01:20:21.212,3.8974300000000004,3.89281,1,1.5
09.08.2021 01:20:24.413,3.8974400000000005,3.8926800000000004,1.5,1.5
09.08.2021 01:20:25.020,3.8974400000000005,3.8926800000000004,1.5,1.5
09.08.2021 01:20:30.155,3.8974400000000005,3.8926800000000004,1.5,1.5
09.08.2021 01:20:31.101,3.8974400000000005,3.8926800000000004,1.5,1.5
09.08.2021 01:20:47.296,3.8974300000000004,3.8926900000000004,1.5,1.5
09.08.2021 01:20:47.934,3.8974400000000005,3.8926800000000004,1.5,1.5
09.08.2021 01:20:52.622,3.8971,3.8926300000000005,1,1.5
09.08.2021 01:20:53.307,3.8970900000000004,3.8928900000000004,1.5,1.5
09.08.2021 01:20:53.463,3.8972800000000003,3.8928800000000003,1.5,1.5
09.08.2021 01:20:53.974,3.89727,3.89301,1.5,1.5
09.08.2021 01:20:58.259,3.89727,3.8928900000000004,1.5,1.5
09.08.2021 01:21:03.577,3.8976,3.89282,1.5,1.5
09.08.2021 01:21:03.862,3.8975900000000006,3.8928300000000005,1.5,1.5
09.08.2021 01:21:04.189,3.8976,3.8929199999999997,1.5,1.5
09.08.2021 01:21:04.371,3.8976,3.8931199999999997,1.5,1.5
09.08.2021 01:21:04.421,3.8975900000000006,3.8928900000000004,1.5,1.5
09.08.2021 01:21:04.590,3.8976,3.8928800000000003,1.5,1
09.08.2021 01:21:04.927,3.8975900000000006,3.8928900000000004,1.5,1.5
09.08.2021 01:21:06.410,3.8976,3.8928800000000003,1.5,1.5
09.08.2021 01:21:06.619,3.8976,3.8928800000000003,1.5,1.5
09.08.2021 01:21:11.852,3.8976,3.8928800000000003,1.5,1.5
09.08.2021 01:21:12.222,3.8976,3.8928800000000003,1.5,1.5
09.08.2021 01:21:12.393,3.8975900000000006,3.8928900000000004,1.5,1.5
09.08.2021 01:21:17.439,3.89762,3.8928800000000003,1.5,1.5
09.08.2021 01:21:17.598,3.89762,3.8928800000000003,1.5,1.5
09.08.2021 01:21:18.109,3.89762,3.8928800000000003,1.5,1.5
09.08.2021 01:21:18.353,3.8976100000000002,3.8928900000000004,1.5,1.5
09.08.2021 01:21:18.852,3.89762,3.8928800000000003,1.5,1.5
09.08.2021 01:21:20.000,3.8976100000000002,3.8928900000000004,1.5,1.5
09.08.2021 01:21:22.442,3.89762,3.8928800000000003,1.5,1.5
09.08.2021 01:21:27.410,3.8976100000000002,3.8928900000000004,1.5,1.5
09.08.2021 01:21:33.464,3.8976100000000002,3.8928900000000004,1.5,1.5
09.08.2021 01:21:37.390,3.89762,3.8929800000000006,1.5,1.5
09.08.2021 01:21:37.879,3.89762,3.8929800000000006,1.5,1.5
09.08.2021 01:21:40.426,3.89762,3.8929800000000006,1.5,1.5
09.08.2021 01:21:49.876,3.8976100000000002,3.89317,1.5,1.5
09.08.2021 01:21:50.813,3.89762,3.89319,1.5,1.5
09.08.2021 01:21:51.013,3.89762,3.8930800000000003,1,1.5
09.08.2021 01:22:06.690,3.8976100000000002,3.8930900000000004,1,1.5
09.08.2021 01:22:39.489,3.8979500000000002,3.8930800000000003,1.5,1.5
09.08.2021 01:22:39.842,3.89792,3.8929300000000007,1.5,1.5
09.08.2021 01:22:44.306,3.89792,3.89305,1.5,1.5
09.08.2021 01:22:45.493,3.89792,3.8931800000000005,1.5,1.5
09.08.2021 01:23:01.068,3.89792,3.8933800000000005,1.5,1.5
09.08.2021 01:23:04.237,3.89792,3.89322,1.5,1.5
09.08.2021 01:23:04.393,3.89792,3.8932800000000003,1.5,1.5
09.08.2021 01:23:04.721,3.89792,3.8932800000000003,1.5,1.5
09.08.2021 01:23:09.972,3.89792,3.8933800000000005,1,1.5
09.08.2021 01:23:10.073,3.8982300000000003,3.8933800000000005,1.5,1.5
09.08.2021 01:23:19.137,3.8982800000000006,3.8933800000000005,1.5,1.5
09.08.2021 01:23:19.416,3.8982800000000006,3.8932800000000003,1.5,1.5
09.08.2021 01:23:20.232,3.8979500000000002,3.8931800000000005,1.5,1.5
09.08.2021 01:23:28.906,3.89794,3.8932900000000004,1.5,1.5
09.08.2021 01:23:34.259,3.8979500000000002,3.8932800000000003,1.5,1.5
09.08.2021 01:24:04.878,3.89794,3.8932900000000004,1.5,1.5
09.08.2021 01:24:05.711,3.8979500000000002,3.8932800000000003,1.5,1.5
09.08.2021 01:24:06.493,3.8979500000000002,3.8932800000000003,1.5,1.5
09.08.2021 01:24:36.054,3.8979500000000002,3.8932800000000003,1.5,1.5
09.08.2021 01:24:43.771,3.8979500000000002,3.89339,1.5,1.5
09.08.2021 01:24:57.817,3.8979500000000002,3.8931800000000005,1.5,1.5
09.08.2021 01:24:59.024,3.8979500000000002,3.8931800000000005,1.5,1.5
09.08.2021 01:25:22.757,3.8979500000000002,3.8931800000000005,1.5,1.5
09.08.2021 01:25:23.337,3.8979500000000002,3.8930800000000003,1.5,1.5
09.08.2021 01:25:23.492,3.89794,3.8930900000000004,1.5,1.5
09.08.2021 01:25:35.425,3.89794,3.8930900000000004,1.5,1.5
09.08.2021 01:25:41.350,3.89794,3.8930900000000004,1.5,1.5
09.08.2021 01:25:49.045,3.8979500000000002,3.8930800000000003,1.5,1.5
09.08.2021 01:25:50.582,3.8979500000000002,3.8930800000000003,1.5,1.5
09.08.2021 01:25:55.711,3.8979500000000002,3.8930800000000003,1.5,1.5
09.08.2021 01:25:59.783,3.8979500000000002,3.8929800000000006,1.5,1.5
09.08.2021 01:26:00.935,3.8979500000000002,3.8929800000000006,1.5,1.5
09.08.2021 01:26:01.246,3.8979500000000002,3.8929800000000006,1.5,1.5
09.08.2021 01:26:04.943,3.8979500000000002,3.8930800000000003,1.5,1.5
09.08.2021 01:26:05.112,3.8979500000000002,3.8930800000000003,1.5,1.5
09.08.2021 01:26:09.350,3.8979500000000002,3.8930800000000003,1.5,1.5
09.08.2021 01:26:09.552,3.8979500000000002,3.8930800000000003,1.5,1.5
09.08.2021 01:26:24.084,3.89794,3.8930900000000004,1.5,1.5
09.08.2021 01:26:24.959,3.8979500000000002,3.8930800000000003,1.5,1.5
09.08.2021 01:26:41.033,3.8979500000000002,3.8930800000000003,1.5,1.5
09.08.2021 01:26:41.236,3.8979500000000002,3.8930800000000003,1.5,1.5
09.08.2021 01:26:46.301,3.8979500000000002,3.8930800000000003,1.5,1.5
09.08.2021 01:26:46.500,3.8979500000000002,3.8930800000000003,1.5,1.5
09.08.2021 01:27:08.764,3.89794,3.89299,1.5,1.5
09.08.2021 01:27:17.963,3.89794,3.8930900000000004,1.5,1.5
09.08.2021 01:27:18.165,3.8979500000000002,3.8930800000000003,1.5,1.5
09.08.2021 01:27:23.804,3.8979500000000002,3.8931800000000005,1.5,1.5
09.08.2021 01:27:24.861,3.8979500000000002,3.8931800000000005,1.5,1.5
09.08.2021 01:27:27.867,3.8979500000000002,3.8931800000000005,1.5,1.5
09.08.2021 01:27:28.085,3.8979500000000002,3.8930800000000003,1.5,1.5
09.08.2021 01:27:28.270,3.8979500000000002,3.8930800000000003,1.5,1.5
09.08.2021 01:27:49.347,3.8976800000000007,3.8928800000000003,1.5,1.5
09.08.2021 01:27:49.843,3.8976800000000007,3.8928800000000003,1.5,1.5
09.08.2021 01:27:51.395,3.8976699999999997,3.8929300000000007,1.5,1.5
09.08.2021 01:27:52.314,3.8976800000000007,3.8929199999999997,1.5,1.5
09.08.2021 01:27:53.256,3.8976800000000007,3.8929199999999997,1.5,1.5
09.08.2021 01:27:54.503,3.8976800000000007,3.8926800000000004,1.5,1.5
09.08.2021 01:28:32.043,3.8976699999999997,3.8926900000000004,1.5,1.5
09.08.2021 01:28:32.632,3.8976699999999997,3.8926900000000004,1.5,1.5
09.08.2021 01:28:47.243,3.8976800000000007,3.8926800000000004,1.5,1.5
09.08.2021 01:29:14.076,3.8976800000000007,3.8926800000000004,1.5,1.5
09.08.2021 01:29:14.355,3.8976800000000007,3.8926800000000004,1.5,1.5
09.08.2021 01:29:31.105,3.8976800000000007,3.8927800000000006,1.5,1.5
09.08.2021 01:29:34.156,3.8976800000000007,3.8927800000000006,1.5,1.5
09.08.2021 01:29:38.509,3.8976800000000007,3.8927800000000006,1.5,1.5
09.08.2021 01:29:48.867,3.8976800000000007,3.8927800000000006,1.5,1.5
09.08.2021 01:29:50.713,3.8976800000000007,3.8927800000000006,1.5,1.5
09.08.2021 01:29:57.378,3.8976699999999997,3.89279,1.5,1.5
09.08.2021 01:30:07.766,3.8976800000000007,3.8928800000000003,1.5,1.5
09.08.2021 01:30:08.053,3.8976800000000007,3.8928800000000003,1.5,1.5
09.08.2021 01:30:09.997,3.8976699999999997,3.8928900000000004,1.5,1.5
09.08.2021 01:30:10.198,3.8976699999999997,3.8928900000000004,1.5,1.5
09.08.2021 01:30:10.602,3.8976800000000007,3.8928800000000003,1.5,1.5
09.08.2021 01:30:10.819,3.8976699999999997,3.8928900000000004,1.5,1.5
09.08.2021 01:30:11.021,3.8976699999999997,3.8928900000000004,1.5,1.5
09.08.2021 01:30:12.094,3.8976800000000007,3.8928800000000003,1.5,1.5
09.08.2021 01:30:12.295,3.8976800000000007,3.8928800000000003,1.5,1.5
09.08.2021 01:30:18.275,3.8976800000000007,3.8930800000000003,1.5,1.5
09.08.2021 01:30:19.203,3.8979500000000002,3.8930800000000003,1.5,1.5
09.08.2021 01:30:20.173,3.89794,3.8930900000000004,1.5,1.5
09.08.2021 01:30:20.407,3.8979500000000002,3.8930800000000003,1.5,1.5
09.08.2021 01:30:24.605,3.89794,3.8930900000000004,1.5,1.5
09.08.2021 01:30:25.908,3.89794,3.8930900000000004,1.5,1.5
09.08.2021 01:30:30.432,3.8979500000000002,3.8931800000000005,1.5,1.5
09.08.2021 01:30:30.877,3.89794,3.8932900000000004,1.5,1.5
09.08.2021 01:30:35.285,3.89794,3.89339,1.12,1.5
09.08.2021 01:30:35.660,3.89794,3.89339,1.5,1.5
09.08.2021 01:30:36.852,3.8979500000000002,3.8933800000000005,1.12,1.5
09.08.2021 01:30:40.200,3.8982800000000006,3.8933800000000005,1.5,1.5
09.08.2021 01:30:42.651,3.8982699999999997,3.89339,1.5,1.5
09.08.2021 01:30:45.951,3.8982800000000006,3.8933800000000005,1.5,1.5
09.08.2021 01:30:53.213,3.8982699999999997,3.89339,1.5,1.5
09.08.2021 01:30:53.415,3.8982699999999997,3.89339,1.5,1.5
09.08.2021 01:30:53.616,3.8982800000000006,3.8933800000000005,1.5,1.5
09.08.2021 01:30:54.236,3.8982800000000006,3.8932800000000003,1.5,1.5
09.08.2021 01:30:55.892,3.8979900000000005,3.8931800000000005,1.5,1.5
09.08.2021 01:30:56.109,3.8979900000000005,3.8930800000000003,1.5,1.5
09.08.2021 01:30:56.293,3.8979800000000004,3.8930900000000004,1.5,1.5
09.08.2021 01:30:59.469,3.8979900000000005,3.8930800000000003,1.5,1.5
09.08.2021 01:30:59.672,3.8979800000000004,3.8930900000000004,1.5,1.5
09.08.2021 01:31:06.991,3.8979800000000004,3.8930300000000004,1.5,1.5
09.08.2021 01:31:09.044,3.8979900000000005,3.89302,1.5,1.5
09.08.2021 01:31:13.641,3.8979900000000005,3.8929800000000006,1.5,1.5
09.08.2021 01:31:13.745,3.8976900000000003,3.8929800000000006,1.5,1.5
09.08.2021 01:31:18.240,3.8976800000000007,3.8928900000000004,1.5,1.5
09.08.2021 01:31:24.210,3.8976900000000003,3.8928800000000003,1.5,1.5
09.08.2021 01:31:26.127,3.8976900000000003,3.89291,1.5,1.5
09.08.2021 01:31:43.943,3.8976900000000003,3.8928800000000003,1.5,1.5
09.08.2021 01:31:44.147,3.8976900000000003,3.8928800000000003,1.5,1.5
09.08.2021 01:31:50.948,3.8976900000000003,3.8928800000000003,1.5,1.5
09.08.2021 01:31:57.346,3.8976900000000003,3.8928800000000003,1.5,1.5
09.08.2021 01:32:04.670,3.8976800000000007,3.89279,1.5,1.5
09.08.2021 01:32:12.411,3.8976900000000003,3.8926800000000004,1.5,1.5
09.08.2021 01:32:13.035,3.8976800000000007,3.8926900000000004,1.5,1.5
09.08.2021 01:32:13.235,3.8976800000000007,3.8926900000000004,1.5,1.5
09.08.2021 01:32:13.438,3.8976800000000007,3.8926900000000004,1.5,1.5
09.08.2021 01:32:13.637,3.8976800000000007,3.8926900000000004,1.5,1.5
09.08.2021 01:32:16.739,3.8976800000000007,3.8926900000000004,1.5,1.5
09.08.2021 01:32:16.939,3.8976900000000003,3.8926800000000004,1.5,1.5
09.08.2021 01:32:17.139,3.8976800000000007,3.8926900000000004,1.5,1.5
09.08.2021 01:32:23.062,3.8976800000000007,3.89282,1.5,1.5
09.08.2021 01:32:24.065,3.8976900000000003,3.8927800000000006,1.5,1.5
09.08.2021 01:32:24.589,3.8976900000000003,3.8927800000000006,1.5,1.5
09.08.2021 01:32:34.827,3.8976900000000003,3.8927800000000006,1.5,1.5
09.08.2021 01:32:36.325,3.8976900000000003,3.8926800000000004,1.5,1.5
09.08.2021 01:32:38.397,3.8976900000000003,3.8926800000000004,1.5,1.5
09.08.2021 01:32:39.744,3.8976900000000003,3.8926800000000004,1.5,1.5
09.08.2021 01:32:55.139,3.8976900000000003,3.8926800000000004,1.5,1.5
09.08.2021 01:32:57.178,3.8976900000000003,3.8926800000000004,1.5,1.5
09.08.2021 01:32:58.213,3.8976900000000003,3.8926800000000004,1.5,1.5
09.08.2021 01:33:00.287,3.8976800000000007,3.8926900000000004,1.5,1.5
09.08.2021 01:33:02.412,3.8976900000000003,3.8926800000000004,1.5,1.5
09.08.2021 01:33:04.382,3.8976900000000003,3.8927199999999997,1.5,1.5
09.08.2021 01:33:04.936,3.8976800000000007,3.8926900000000004,1.5,1.5
09.08.2021 01:33:05.761,3.8976800000000007,3.8926900000000004,1.5,1.5
09.08.2021 01:33:07.985,3.8976900000000003,3.8926800000000004,1.5,1.5
09.08.2021 01:33:08.703,3.8976900000000003,3.8926800000000004,1.5,1.5
09.08.2021 01:33:10.738,3.8976900000000003,3.8926800000000004,1.5,1.5
09.08.2021 01:33:18.404,3.8976800000000007,3.8926900000000004,1.5,1.5
09.08.2021 01:33:26.132,3.8976900000000003,3.8927800000000006,1.5,1.5
09.08.2021 01:33:26.744,3.8976800000000007,3.8926900000000004,1.5,1.5
09.08.2021 01:33:34.801,3.8976800000000007,3.8926900000000004,1.5,1.5
09.08.2021 01:33:35.001,3.8976900000000003,3.8926800000000004,1.5,1.5
09.08.2021 01:33:46.414,3.8976800000000007,3.8926900000000004,1.5,1.5
09.08.2021 01:33:46.865,3.89745,3.8925800000000006,1.5,1.5
09.08.2021 01:33:49.067,3.89745,3.8925800000000006,1.5,1.5
09.08.2021 01:33:49.228,3.89745,3.8925800000000006,1.5,1.5
09.08.2021 01:33:52.714,3.8974400000000005,3.89259,1.5,1.5
09.08.2021 01:33:55.707,3.89745,3.8925800000000006,1.5,1.5
09.08.2021 01:33:56.083,3.89745,3.8925800000000006,1.5,1.5
09.08.2021 01:34:01.321,3.8974400000000005,3.89279,1.5,1.5
09.08.2021 01:34:01.545,3.89745,3.8927800000000006,1.5,1.5
09.08.2021 01:34:01.712,3.89745,3.8927800000000006,1.5,1.5
09.08.2021 01:34:09.304,3.89745,3.8927800000000006,1.5,1.5
09.08.2021 01:34:09.915,3.89745,3.8927800000000006,1.5,2
09.08.2021 01:34:16.791,3.8974400000000005,3.89279,1.5,2
09.08.2021 01:34:26.926,3.89745,3.8927800000000006,1.5,2
09.08.2021 01:34:28.796,3.89745,3.8927800000000006,1.5,1.5
09.08.2021 01:34:28.846,3.89745,3.8927800000000006,1.5,1.5
09.08.2021 01:34:31.730,3.89745,3.8927800000000006,1.5,1.5
09.08.2021 01:34:36.325,3.89745,3.8927800000000006,1.5,1.5
09.08.2021 01:34:36.725,3.8974400000000005,3.89279,1.5,1.5
09.08.2021 01:34:37.441,3.89745,3.8927800000000006,1.5,1.5
09.08.2021 01:34:37.641,3.89745,3.8927300000000007,1.5,1.5
09.08.2021 01:34:39.110,3.8974400000000005,3.8927400000000003,1.5,1.5
09.08.2021 01:34:39.312,3.8974400000000005,3.8927400000000003,1.5,1.5
09.08.2021 01:34:40.103,3.8974400000000005,3.8927400000000003,1.5,1.5
09.08.2021 01:34:42.326,3.89745,3.8927300000000007,1.5,1.5
09.08.2021 01:34:42.532,3.89745,3.8927300000000007,1.5,1.5
09.08.2021 01:34:45.264,3.89745,3.8927300000000007,1.5,1.5
09.08.2021 01:34:45.463,3.89745,3.8927300000000007,1.5,1.5
09.08.2021 01:34:52.744,3.89745,3.8927300000000007,1.5,1.5
09.08.2021 01:34:52.905,3.89745,3.8927300000000007,1.5,1.5
09.08.2021 01:34:53.135,3.89745,3.8927300000000007,1.5,1.5
09.08.2021 01:34:56.464,3.89745,3.8927300000000007,1.5,1.5
09.08.2021 01:34:57.117,3.89745,3.8927300000000007,1.5,1.5
09.08.2021 01:35:02.173,3.8974400000000005,3.8927400000000003,1.5,1.5
09.08.2021 01:35:07.027,3.89745,3.8927300000000007,1.5,1.5
09.08.2021 01:35:07.764,3.89745,3.8927300000000007,1.5,1.5
09.08.2021 01:35:09.764,3.89745,3.8927300000000007,1.5,1.5
09.08.2021 01:35:13.429,3.89745,3.8927300000000007,1.5,1.5
09.08.2021 01:35:50.979,3.89745,3.8927300000000007,1.5,1.5
09.08.2021 01:35:51.181,3.89745,3.8927300000000007,1.5,1.5
09.08.2021 01:35:52.432,3.89745,3.8927300000000007,1.5,1.5
09.08.2021 01:35:52.656,3.8974400000000005,3.8927400000000003,1.5,1.5
09.08.2021 01:35:54.812,3.8971800000000005,3.8927300000000007,1.5,1.5
09.08.2021 01:35:54.977,3.8971800000000005,3.8927300000000007,1.5,1.5
09.08.2021 01:36:03.034,3.8971800000000005,3.8927300000000007,1.5,1.5
09.08.2021 01:36:03.662,3.8971800000000005,3.8927300000000007,1.5,1.5
09.08.2021 01:36:23.205,3.89717,3.8927400000000003,1.5,1.5
09.08.2021 01:36:25.721,3.8971800000000005,3.8927300000000007,1.5,1.5
09.08.2021 01:36:26.284,3.8971800000000005,3.8927300000000007,1.5,1.5
09.08.2021 01:36:27.520,3.8971800000000005,3.8927300000000007,1.5,1.5
09.08.2021 01:36:32.637,3.8971800000000005,3.8927300000000007,1.5,1.5
09.08.2021 01:36:34.794,3.89717,3.8927400000000003,1.5,1.5
09.08.2021 01:36:38.882,3.89742,3.8927300000000007,1.5,1.5
09.08.2021 01:36:41.268,3.89742,3.8927300000000007,1.5,1.5
09.08.2021 01:36:42.597,3.89742,3.8927300000000007,1.5,1.5
09.08.2021 01:36:50.093,3.89742,3.8927300000000007,1.5,1.5
09.08.2021 01:36:54.412,3.89742,3.8927300000000007,1.5,1.5
09.08.2021 01:36:57.730,3.89742,3.8927300000000007,1.5,1.5
09.08.2021 01:36:58.111,3.8974100000000003,3.8927400000000003,1.5,1.5
09.08.2021 01:37:11.187,3.8974100000000003,3.8927400000000003,1.5,1.5
09.08.2021 01:37:19.192,3.89711,3.8927400000000003,1.5,1.5
09.08.2021 01:37:19.384,3.89711,3.8927400000000003,1.5,1.5
09.08.2021 01:37:19.589,3.8971199999999997,3.8927300000000007,1.5,1.5
09.08.2021 01:37:23.845,3.8970900000000004,3.8927300000000007,1.5,1.5
09.08.2021 01:37:23.905,3.8970900000000004,3.8927300000000007,1.5,1.5
09.08.2021 01:37:24.913,3.89726,3.8927300000000007,1.5,1.5
09.08.2021 01:37:24.964,3.89726,3.8927300000000007,1.5,1.5
09.08.2021 01:37:25.170,3.89725,3.89279,1.5,1.5
09.08.2021 01:37:28.442,3.89726,3.8927800000000006,1.5,1.5
09.08.2021 01:37:28.632,3.89726,3.8929300000000007,1.5,1.5
09.08.2021 01:37:28.821,3.89726,3.8929300000000007,1.5,1.5
09.08.2021 01:37:28.922,3.89725,3.89279,1.5,1.5
09.08.2021 01:37:29.184,3.89726,3.8929800000000006,1.5,1.5
09.08.2021 01:37:29.234,3.89726,3.8929800000000006,1.5,1.5
09.08.2021 01:37:29.444,3.89726,3.8930800000000003,1.5,1.5
09.08.2021 01:37:29.624,3.89757,3.8930800000000003,1.5,1.5
09.08.2021 01:37:29.849,3.89757,3.8930800000000003,1.5,1.5
09.08.2021 01:37:30.685,3.89756,3.8929400000000003,1.5,1.5
09.08.2021 01:37:30.856,3.89757,3.8929300000000007,1.5,1.5
09.08.2021 01:37:32.645,3.89756,3.8929400000000003,1.5,1.5
09.08.2021 01:37:32.849,3.89757,3.8929300000000007,1.5,1.5
09.08.2021 01:37:33.731,3.89757,3.8929300000000007,1.5,1.5
09.08.2021 01:37:33.931,3.89757,3.8929300000000007,1.5,1.5
09.08.2021 01:37:38.001,3.89757,3.89282,1.5,1.5
09.08.2021 01:37:38.183,3.89757,3.89282,1.5,1.5
09.08.2021 01:37:41.814,3.89757,3.89282,1.5,1.5
09.08.2021 01:37:44.922,3.89757,3.89282,1.5,1.5
09.08.2021 01:37:45.751,3.89757,3.89306,1.5,1.5
09.08.2021 01:37:48.651,3.89757,3.89306,1.5,1.5
09.08.2021 01:37:48.802,3.89756,3.8929300000000007,1.5,1.5
09.08.2021 01:37:48.973,3.89757,3.8929199999999997,1.5,1.5
09.08.2021 01:37:57.340,3.89756,3.8929300000000007,1,1
09.08.2021 01:37:59.338,3.89757,3.8929199999999997,1.5,1.5
09.08.2021 01:38:01.338,3.89757,3.8929199999999997,1,1
09.08.2021 01:38:02.773,3.89757,3.8929199999999997,1.5,1.5
09.08.2021 01:38:10.826,3.89757,3.89282,1.5,1.5
09.08.2021 01:38:14.497,3.89757,3.89282,1.5,1.5
09.08.2021 01:38:18.775,3.89757,3.8929199999999997,1.5,1.5
09.08.2021 01:38:22.675,3.89757,3.8928300000000005,1.5,1.5
09.08.2021 01:38:25.337,3.89756,3.8928300000000005,1.5,1.5
09.08.2021 01:38:26.444,3.89756,3.8930300000000004,1.5,1.5
09.08.2021 01:38:26.847,3.89757,3.89302,1.5,1.5
09.08.2021 01:38:34.192,3.89757,3.89302,1.5,1.5
09.08.2021 01:38:39.528,3.89756,3.8930400000000005,1.5,1.5
09.08.2021 01:38:39.687,3.89757,3.8930300000000004,1.5,1.5
09.08.2021 01:38:39.890,3.89757,3.8930300000000004,1.5,1.5
09.08.2021 01:38:41.434,3.8972900000000004,3.8933800000000005,1,1.5
09.08.2021 01:38:41.485,3.8974800000000003,3.8933800000000005,1.5,1.5
09.08.2021 01:38:45.150,3.8974800000000003,3.8933800000000005,1.5,1.5
09.08.2021 01:38:54.326,3.8974699999999998,3.8929400000000003,1.5,1.5
09.08.2021 01:38:55.879,3.8974800000000003,3.89302,1.5,1.5
09.08.2021 01:38:56.081,3.8974699999999998,3.8930300000000004,1.5,1.5
09.08.2021 01:38:56.283,3.8974800000000003,3.8929300000000007,1.5,1.5
09.08.2021 01:39:01.820,3.8974800000000003,3.8929300000000007,1.5,1.5
09.08.2021 01:39:07.089,3.8974699999999998,3.8929400000000003,1.5,1.5
09.08.2021 01:39:08.752,3.8974800000000003,3.89302,1.5,1.5
09.08.2021 01:39:09.976,3.8974800000000003,3.8931199999999997,1.5,1.5
09.08.2021 01:39:12.348,3.8974699999999998,3.8930300000000004,1.5,1.5
09.08.2021 01:39:14.211,3.8974800000000003,3.8930300000000004,1.5,1.5
09.08.2021 01:39:17.256,3.8974800000000003,3.89302,1.5,1.5
09.08.2021 01:39:23.238,3.8974800000000003,3.8929300000000007,1.5,1.5
09.08.2021 01:39:33.048,3.8974800000000003,3.8930300000000004,1.5,1.5
09.08.2021 01:39:33.187,3.8974800000000003,3.8930300000000004,1.5,1.5
09.08.2021 01:39:38.922,3.8974800000000003,3.8933,1.5,1.5
09.08.2021 01:39:40.983,3.8974699999999998,3.89331,1.5,1.5
09.08.2021 01:39:41.183,3.8974800000000003,3.89302,1.5,1.5
09.08.2021 01:39:44.914,3.8973400000000002,3.8930300000000004,1.5,1.5
09.08.2021 01:39:51.871,3.8973500000000003,3.89302,1.5,1.5
09.08.2021 01:40:07.215,3.8973500000000003,3.8929300000000007,1.5,1.5
09.08.2021 01:40:09.270,3.8973400000000002,3.8929400000000003,1.5,1.5
09.08.2021 01:40:17.682,3.8973500000000003,3.8929300000000007,1.5,1.5
09.08.2021 01:40:17.883,3.8973400000000002,3.89279,1.5,1.5
09.08.2021 01:40:21.126,3.89707,3.8927199999999997,1.5,1.5
09.08.2021 01:40:32.607,3.89706,3.8926300000000005,1.5,1.5
09.08.2021 01:40:32.827,3.89707,3.8927199999999997,1.5,1.5
09.08.2021 01:40:34.278,3.89707,3.8927199999999997,1.5,1.5
09.08.2021 01:40:34.830,3.89707,3.89282,1.5,1.5
09.08.2021 01:40:38.223,3.89707,3.8929300000000007,1.5,1.5
09.08.2021 01:40:41.359,3.89707,3.8929199999999997,1.5,1.5
09.08.2021 01:40:42.395,3.89707,3.89282,1.5,1.5
