Gmt time,Ask,Bid,AskVolume,BidVolume
18.08.2021 00:00:00.036,3.9006800000000004,3.89491,1.1,1
18.08.2021 00:00:00.086,3.9006800000000004,3.8950300000000007,1.5,1
18.08.2021 00:00:00.253,3.9007199999999997,3.89512,1.5,1
18.08.2021 00:00:00.439,3.9007300000000007,3.8950300000000007,1.5,1
18.08.2021 00:00:01.154,3.9006900000000004,3.8950400000000003,1,1
18.08.2021 00:00:01.204,3.9007,3.8952500000000003,1.6,1
18.08.2021 00:00:01.405,3.90116,3.89455,1.6,1
18.08.2021 00:00:02.151,3.9015,3.8952300000000006,1.6,1
18.08.2021 00:00:02.285,3.9006000000000003,3.89516,1,1
18.08.2021 00:00:02.335,3.9005900000000002,3.89436,1,1
18.08.2021 00:00:02.386,3.9015,3.89435,1.6,1
18.08.2021 00:00:02.502,3.90085,3.89436,1.6,1
18.08.2021 00:00:02.552,3.90086,3.89527,1.6,1
18.08.2021 00:00:03.059,3.9011500000000003,3.8951800000000003,1.6,1
18.08.2021 00:00:03.370,3.90085,3.8951300000000004,1,1
18.08.2021 00:00:03.421,3.90051,3.8945600000000002,1,1
18.08.2021 00:00:03.760,3.9005199999999998,3.8951300000000004,1,1
18.08.2021 00:00:03.911,3.9005199999999998,3.8944400000000003,1.5,1
18.08.2021 00:00:04.119,3.9005199999999998,3.89446,1,1
18.08.2021 00:00:04.314,3.90051,3.8945900000000004,1,1.5
18.08.2021 00:00:04.465,3.90065,3.8946500000000004,1,1
18.08.2021 00:00:04.663,3.90065,3.89475,1,1
18.08.2021 00:00:05.188,3.9006900000000004,3.89366,1,1
18.08.2021 00:00:05.241,3.90035,3.89365,1,1
18.08.2021 00:00:05.365,3.9002800000000004,3.8939500000000002,1,1
18.08.2021 00:00:05.543,3.89995,3.8939500000000002,1,1
18.08.2021 00:00:05.644,3.89964,3.89385,1,1
18.08.2021 00:00:05.795,3.89906,3.89175,1.5,1
18.08.2021 00:00:05.945,3.89852,3.89195,1.5,1
18.08.2021 00:00:06.046,3.89845,3.8912500000000003,1,1
18.08.2021 00:00:06.097,3.89792,3.8914500000000003,1,1
18.08.2021 00:00:06.197,3.89792,3.8914500000000003,1,1
18.08.2021 00:00:06.248,3.89792,3.8914500000000003,1,1
18.08.2021 00:00:06.298,3.89791,3.8921699999999997,1,1
18.08.2021 00:00:06.462,3.89792,3.89216,1,1
18.08.2021 00:00:07.923,3.89797,3.8921699999999997,1.5,1
18.08.2021 00:00:08.776,3.89812,3.89216,1,1
18.08.2021 00:00:09.395,3.89812,3.89216,1,1
18.08.2021 00:00:10.120,3.89811,3.8921699999999997,1,1
18.08.2021 00:00:10.191,3.89812,3.89216,1,1
18.08.2021 00:00:10.631,3.89812,3.89216,1,1
18.08.2021 00:00:12.374,3.89811,3.8921699999999997,1,1
18.08.2021 00:00:13.296,3.89812,3.89216,1,1
18.08.2021 00:00:13.407,3.8979500000000002,3.89225,1,1
18.08.2021 00:00:13.749,3.89794,3.89226,1,1
18.08.2021 00:00:14.087,3.8979500000000002,3.8914500000000003,1,1
18.08.2021 00:00:14.138,3.8979500000000002,3.8914500000000003,1,1
18.08.2021 00:00:14.393,3.8978800000000007,3.8910500000000003,1,1
18.08.2021 00:00:14.543,3.8981500000000002,3.8910500000000003,1,1
18.08.2021 00:00:15.064,3.8993900000000004,3.89035,1.5,1
18.08.2021 00:00:15.165,3.89935,3.8908300000000007,1,1
18.08.2021 00:00:15.562,3.8999400000000004,3.8908400000000003,1.5,1
18.08.2021 00:00:15.613,3.89995,3.8908300000000007,1.5,1
18.08.2021 00:00:15.713,3.8999400000000004,3.8908400000000003,1.5,1
18.08.2021 00:00:15.764,3.89995,3.8908300000000007,1.5,1
18.08.2021 00:00:15.865,3.89995,3.891,1.5,1
18.08.2021 00:00:16.028,3.90045,3.891,1,1.5
18.08.2021 00:00:16.079,3.90045,3.891,1,1
18.08.2021 00:00:16.431,3.9009500000000004,3.8913800000000003,1,1
18.08.2021 00:00:16.611,3.9010400000000005,3.8913900000000003,1,1
18.08.2021 00:00:16.791,3.90105,3.8913800000000003,1,1
18.08.2021 00:00:16.892,3.9012800000000003,3.8913800000000003,1.6,1
18.08.2021 00:00:17.199,3.9007199999999997,3.8913800000000003,1,1
18.08.2021 00:00:17.539,3.9012300000000004,3.8890400000000005,1,1.5
18.08.2021 00:00:17.688,3.9012300000000004,3.8890400000000005,1,1.5
18.08.2021 00:00:17.891,3.9012300000000004,3.8890400000000005,1.5,1.5
18.08.2021 00:00:18.140,3.9012400000000005,3.8890300000000004,1.5,1.5
18.08.2021 00:00:21.483,3.9012400000000005,3.8890300000000004,1.5,1.5
18.08.2021 00:00:26.559,3.9012300000000004,3.8890400000000005,1,1.5
18.08.2021 00:00:30.013,3.9012300000000004,3.8890400000000005,1,1.5
18.08.2021 00:00:30.440,3.9012400000000005,3.8890300000000004,1,1.5
18.08.2021 00:00:34.502,3.9012400000000005,3.8890300000000004,1,1.5
18.08.2021 00:00:34.885,3.9012400000000005,3.8890300000000004,1,1.5
18.08.2021 00:00:39.419,3.9007199999999997,3.8913,1,1
18.08.2021 00:00:50.491,3.9012300000000004,3.8890400000000005,1,1.5
18.08.2021 00:00:55.091,3.9012400000000005,3.8890300000000004,1,1.5
18.08.2021 00:01:05.248,3.9012400000000005,3.8890300000000004,1,1.5
18.08.2021 00:01:11.679,3.9012400000000005,3.8890300000000004,1,1.5
18.08.2021 00:01:12.200,3.90042,3.8911300000000004,1,1
18.08.2021 00:01:12.631,3.90041,3.8910500000000003,1,1
18.08.2021 00:01:12.682,3.9012400000000005,3.8890300000000004,1,1.5
18.08.2021 00:01:12.747,3.9012400000000005,3.8890300000000004,1.5,1.5
18.08.2021 00:01:13.200,3.9012400000000005,3.8890300000000004,1.5,1.5
18.08.2021 00:01:13.721,3.9012400000000005,3.8890300000000004,1.5,1.5
18.08.2021 00:01:13.921,3.9012400000000005,3.8890300000000004,1,1.5
18.08.2021 00:01:14.130,3.9012400000000005,3.8890300000000004,1,1.5
18.08.2021 00:01:16.131,3.9012400000000005,3.8890300000000004,1,1.5
18.08.2021 00:01:17.730,3.9012400000000005,3.8890300000000004,1.5,1.5
18.08.2021 00:01:18.127,3.90042,3.89112,1,1.5
18.08.2021 00:01:18.681,3.90042,3.8911300000000004,1,1
18.08.2021 00:01:28.653,3.90041,3.8910500000000003,1,1
18.08.2021 00:01:28.753,3.90042,3.8909300000000004,1,1
18.08.2021 00:01:30.021,3.9012300000000004,3.8890400000000005,1.5,1.5
18.08.2021 00:01:33.394,3.9012400000000005,3.8890300000000004,1.5,1.5
18.08.2021 00:01:35.508,3.9012300000000004,3.8890400000000005,1,1.5
18.08.2021 00:01:35.709,3.9012400000000005,3.8890300000000004,1,1.5
18.08.2021 00:01:39.240,3.9012400000000005,3.8890300000000004,1,1.5
18.08.2021 00:01:39.667,3.9012400000000005,3.8890300000000004,1,1.5
18.08.2021 00:01:40.186,3.90041,3.8912300000000006,1,1
18.08.2021 00:01:40.291,3.90042,3.8914300000000006,1,1
18.08.2021 00:01:41.309,3.90042,3.8913400000000005,1,1
18.08.2021 00:01:41.360,3.90042,3.89129,1,1
18.08.2021 00:01:46.142,3.90041,3.89121,1,1.5
18.08.2021 00:01:46.866,3.90042,3.8906500000000004,1,1
18.08.2021 00:01:47.160,3.90042,3.8906500000000004,1,1
18.08.2021 00:01:47.690,3.90041,3.89109,1,1
18.08.2021 00:01:48.261,3.90042,3.89117,1,1.5
18.08.2021 00:02:00.820,3.90042,3.8912800000000005,1,1
18.08.2021 00:02:00.937,3.90041,3.89129,1,1.5
18.08.2021 00:02:10.745,3.90042,3.8912800000000005,1,1.5
18.08.2021 00:02:11.167,3.90042,3.8912800000000005,1,1.5
18.08.2021 00:02:13.129,3.9008300000000005,3.8913699999999998,1,1
18.08.2021 00:02:40.267,3.9012400000000005,3.8913699999999998,1.6,1
18.08.2021 00:03:08.130,3.90025,3.89087,1,1
18.08.2021 00:03:48.688,3.90025,3.89087,1,1.5
18.08.2021 00:03:51.388,3.90024,3.8908800000000006,1,1.5
18.08.2021 00:03:54.463,3.90025,3.8908800000000006,1,1.5
18.08.2021 00:03:56.912,3.90024,3.89089,1,1.5
18.08.2021 00:04:01.942,3.90025,3.8908800000000006,1,1.5
18.08.2021 00:04:02.525,3.90025,3.8911800000000003,1,1.5
18.08.2021 00:04:03.130,3.9012400000000005,3.8890300000000004,1,1.5
18.08.2021 00:04:03.397,3.9012400000000005,3.8890300000000004,1,1.5
18.08.2021 00:04:04.490,3.9012400000000005,3.8890300000000004,1,1.5
18.08.2021 00:04:06.036,3.9012400000000005,3.8890300000000004,1,1.5
18.08.2021 00:04:06.535,3.9012400000000005,3.8890300000000004,1,1.5
18.08.2021 00:04:07.813,3.9012400000000005,3.8890300000000004,1,1.5
18.08.2021 00:04:08.025,3.9007500000000004,3.8913699999999998,1,1
18.08.2021 00:04:58.116,3.9010000000000002,3.8897900000000005,1.5,1.5
18.08.2021 00:04:58.653,3.9010000000000002,3.8897900000000005,1.5,1.5
18.08.2021 00:04:59.895,3.9010000000000002,3.8897900000000005,1.5,1.5
18.08.2021 00:05:00.230,3.9010000000000002,3.8897900000000005,1.5,1.5
18.08.2021 00:05:00.392,3.9014,3.88917,1.5,1.5
18.08.2021 00:05:01.881,3.9014,3.88917,1.5,1.5
18.08.2021 00:05:02.135,3.9014,3.88917,1.5,1.5
18.08.2021 00:05:25.401,3.9014,3.88917,1.5,1.5
18.08.2021 00:05:25.805,3.90139,3.8891800000000005,1.5,1.5
18.08.2021 00:05:26.981,3.9014,3.88917,1.5,1.5
18.08.2021 00:05:27.102,3.90139,3.8891800000000005,1.5,1.5
18.08.2021 00:05:27.914,3.90139,3.8891800000000005,1.5,1.5
18.08.2021 00:05:36.067,3.9014,3.88917,1.5,1.5
18.08.2021 00:05:38.044,3.9014,3.88917,1.5,1.5
18.08.2021 00:05:39.550,3.9014,3.88917,1.5,1.5
18.08.2021 00:05:39.635,3.9014,3.88917,1.5,1.5
18.08.2021 00:05:39.778,3.9014,3.88917,1.5,1.5
18.08.2021 00:05:40.267,3.90139,3.8891800000000005,1.5,1.5
18.08.2021 00:05:47.380,3.90139,3.8891800000000005,1.5,1.5
18.08.2021 00:05:47.519,3.9020300000000003,3.8892400000000005,1.5,1.5
18.08.2021 00:05:47.782,3.9005300000000003,3.8910800000000005,1,1
18.08.2021 00:05:47.959,3.9004000000000003,3.8910800000000005,1,1
18.08.2021 00:05:54.000,3.9004900000000005,3.89109,1,1
18.08.2021 00:05:54.138,3.90202,3.88925,1.5,1.5
18.08.2021 00:05:55.363,3.9020300000000003,3.8892400000000005,1.5,1.5
18.08.2021 00:05:55.564,3.9020300000000003,3.8892400000000005,1.5,1.5
18.08.2021 00:05:55.883,3.9020300000000003,3.8892400000000005,1.5,1.5
18.08.2021 00:05:56.084,3.9020300000000003,3.8892400000000005,1.5,1.5
18.08.2021 00:05:58.667,3.90202,3.88925,1.5,1.5
18.08.2021 00:05:58.946,3.9020300000000003,3.8892400000000005,1.5,1.5
18.08.2021 00:06:00.324,3.9020300000000003,3.8910800000000005,1.6,1
18.08.2021 00:06:01.547,3.9020300000000003,3.8910800000000005,1.6,1
18.08.2021 00:06:03.319,3.9020300000000003,3.8910800000000005,1.6,1
18.08.2021 00:06:05.755,3.9013400000000003,3.8910800000000005,1.6,1
18.08.2021 00:06:06.114,3.90037,3.8910800000000005,1.5,1
18.08.2021 00:06:06.164,3.9013300000000006,3.8891199999999997,1.5,1.5
18.08.2021 00:06:06.667,3.9013400000000003,3.88911,1.5,1.5
18.08.2021 00:06:11.324,3.9000800000000004,3.8907000000000003,1,1
18.08.2021 00:06:13.132,3.9013300000000006,3.8891199999999997,1.5,1.5
18.08.2021 00:06:13.671,3.9000800000000004,3.8907000000000003,1,1
18.08.2021 00:06:19.027,3.9013400000000003,3.88911,1.5,1.5
18.08.2021 00:06:19.622,3.9000800000000004,3.8907000000000003,1,1
18.08.2021 00:06:21.006,3.9013300000000006,3.8891199999999997,1.5,1.5
18.08.2021 00:06:22.294,3.9000800000000004,3.8907000000000003,1,1
18.08.2021 00:06:38.126,3.9013300000000006,3.8891199999999997,1.5,1.5
18.08.2021 00:06:38.723,3.9000800000000004,3.8907000000000003,1,1
18.08.2021 00:07:37.984,3.9000800000000004,3.8906199999999997,1,1
18.08.2021 00:08:00.322,3.9007300000000007,3.8886300000000005,1.5,1.5
18.08.2021 00:08:00.931,3.89996,3.8906199999999997,1,1
18.08.2021 00:08:55.932,3.9007400000000003,3.88862,1.5,1.5
18.08.2021 00:08:59.872,3.9007400000000003,3.88862,1.5,1.5
18.08.2021 00:09:16.200,3.9007400000000003,3.88862,1.5,1.5
18.08.2021 00:09:28.774,3.9007400000000003,3.88862,1.5,1.5
18.08.2021 00:09:33.542,3.9007400000000003,3.88862,1.5,1.5
18.08.2021 00:09:54.516,3.9007400000000003,3.88862,1.5,1.5
18.08.2021 00:09:57.105,3.9007300000000007,3.8886300000000005,1.5,1.5
18.08.2021 00:10:00.745,3.9007400000000003,3.88862,1.5,1.5
18.08.2021 00:10:00.855,3.89946,3.8900300000000003,1,1
18.08.2021 00:10:01.119,3.8994500000000003,3.8900900000000003,1,1
18.08.2021 00:10:01.219,3.8994500000000003,3.8900300000000003,1,1
18.08.2021 00:10:01.270,3.89946,3.8900300000000003,1,1
18.08.2021 00:10:01.696,3.89946,3.89035,1,1
18.08.2021 00:10:01.824,3.8994500000000003,3.8907800000000003,1,1
18.08.2021 00:10:02.970,3.89946,3.8906500000000004,1,1
18.08.2021 00:10:03.071,3.8994500000000003,3.89146,1,1
18.08.2021 00:10:03.496,3.8996300000000006,3.89166,1,1
18.08.2021 00:10:04.001,3.89941,3.89076,1,1
18.08.2021 00:10:04.235,3.89942,3.89075,1,1
18.08.2021 00:10:04.336,3.89942,3.89095,1,1
18.08.2021 00:10:04.810,3.89941,3.8917400000000004,1,1
18.08.2021 00:10:04.871,3.8995900000000003,3.8917300000000004,1,1
18.08.2021 00:10:05.061,3.8995900000000003,3.8917800000000007,1,1
18.08.2021 00:10:05.472,3.8995900000000003,3.8918800000000005,1,1
18.08.2021 00:10:06.078,3.8995900000000003,3.8919800000000007,1,1
18.08.2021 00:10:06.920,3.8995900000000003,3.89115,1,1
18.08.2021 00:10:07.084,3.8995800000000003,3.8921900000000003,1,1
18.08.2021 00:10:07.241,3.90035,3.89317,1,1
18.08.2021 00:10:09.476,3.9001699999999997,3.89317,1,1
18.08.2021 00:10:10.540,3.9007500000000004,3.89317,1,1
18.08.2021 00:10:12.450,3.9001699999999997,3.89317,1,1
18.08.2021 00:10:12.746,3.90065,3.89317,1,1
18.08.2021 00:10:13.243,3.9001699999999997,3.89317,1,1
18.08.2021 00:10:16.695,3.90044,3.8931800000000005,1,1
18.08.2021 00:10:17.195,3.9001699999999997,3.89317,1,1.5
18.08.2021 00:10:17.836,3.9005500000000004,3.89317,1,1
18.08.2021 00:10:18.385,3.90016,3.8931800000000005,1,1
18.08.2021 00:10:18.585,3.90045,3.89317,1,1
18.08.2021 00:10:19.920,3.90024,3.8931800000000005,1,1
18.08.2021 00:10:20.021,3.9003400000000004,3.89317,1,1
18.08.2021 00:10:21.291,3.9008000000000003,3.89365,1,1
18.08.2021 00:10:21.473,3.9006600000000002,3.8936400000000004,1,1
18.08.2021 00:10:22.621,3.90056,3.8926300000000005,1,1
18.08.2021 00:10:23.691,3.90056,3.8925400000000003,1.5,1
18.08.2021 00:10:23.742,3.90056,3.8916900000000005,1.5,1
18.08.2021 00:10:23.843,3.90056,3.8890300000000004,1,1.5
18.08.2021 00:10:23.893,3.9005500000000004,3.8890400000000005,1,1.5
18.08.2021 00:10:24.095,3.90056,3.8890300000000004,1,1.5
18.08.2021 00:10:24.449,3.90117,3.88871,1.5,1.5
18.08.2021 00:10:24.695,3.90116,3.8887199999999997,1,1.5
18.08.2021 00:10:25.525,3.90117,3.88871,1.5,1.5
18.08.2021 00:10:25.929,3.90117,3.88871,1.5,1.5
18.08.2021 00:10:26.132,3.90117,3.88871,1.5,1.5
18.08.2021 00:10:28.865,3.90065,3.8894300000000004,1,1.5
18.08.2021 00:10:28.916,3.90065,3.8894300000000004,1,1.5
18.08.2021 00:10:28.966,3.90065,3.8899500000000002,1.1,1
18.08.2021 00:10:29.521,3.8999699999999997,3.89086,1,1
18.08.2021 00:10:53.041,3.8999800000000007,3.8910800000000005,1,1
18.08.2021 00:10:55.601,3.8999800000000007,3.8908500000000004,1,1
18.08.2021 00:11:21.560,3.8999800000000007,3.8909300000000004,1,1
18.08.2021 00:11:21.902,3.8999800000000007,3.89055,1,1
18.08.2021 00:11:22.606,3.8999699999999997,3.8905600000000002,1,1
18.08.2021 00:11:22.904,3.8999800000000007,3.89055,1,1
18.08.2021 00:11:24.522,3.8997400000000004,3.8905600000000002,1,1
18.08.2021 00:11:46.025,3.8997400000000004,3.8904400000000003,1,1
18.08.2021 00:11:46.323,3.89975,3.8904300000000003,1,1
18.08.2021 00:11:46.522,3.8997400000000004,3.8904900000000002,1,1
18.08.2021 00:11:46.732,3.89975,3.8904800000000006,1,1.5
18.08.2021 00:11:56.636,3.90007,3.8890400000000005,1,1.5
18.08.2021 00:11:59.564,3.89975,3.8903800000000004,1,1.5
18.08.2021 00:12:19.523,3.8998800000000005,3.8903800000000004,1,1.5
18.08.2021 00:12:21.554,3.90006,3.88905,1,1.5
18.08.2021 00:12:25.147,3.8998800000000005,3.8904800000000006,1,1.5
18.08.2021 00:12:26.240,3.90007,3.8890400000000005,1,1.5
18.08.2021 00:12:28.400,3.90006,3.88905,1,1.5
18.08.2021 00:12:31.542,3.90007,3.8890400000000005,1,1.5
18.08.2021 00:12:31.829,3.90006,3.88905,1.5,1.5
18.08.2021 00:12:47.047,3.90006,3.88905,1.5,1.5
18.08.2021 00:12:49.073,3.90007,3.8890400000000005,1.5,1.5
18.08.2021 00:12:49.657,3.90007,3.8890400000000005,1.5,1.5
18.08.2021 00:12:50.057,3.90007,3.8890400000000005,1.5,1.5
18.08.2021 00:12:50.799,3.89935,3.8903000000000003,1,1
18.08.2021 00:12:51.497,3.8995,3.8903000000000003,1,1
18.08.2021 00:12:51.970,3.8995,3.89021,1,1.5
18.08.2021 00:12:52.138,3.8995,3.89047,1,1
18.08.2021 00:12:53.498,3.8995,3.8903800000000004,1,1
18.08.2021 00:12:54.092,3.8995,3.89021,1,1.5
18.08.2021 00:12:57.730,3.8995,3.89021,1,1.5
18.08.2021 00:13:03.236,3.8995,3.89035,1,1
18.08.2021 00:13:03.538,3.89949,3.8902400000000004,1,1
18.08.2021 00:13:17.541,3.8995,3.89021,1,1
18.08.2021 00:13:22.807,3.8995,3.89021,1,1.5
18.08.2021 00:13:23.010,3.89949,3.89022,1,1
18.08.2021 00:13:23.820,3.8995,3.89021,1,1.5
18.08.2021 00:13:24.335,3.89949,3.89022,1,1
18.08.2021 00:13:24.740,3.89949,3.89022,1,1.5
18.08.2021 00:13:24.942,3.8995,3.89021,1,1
18.08.2021 00:13:25.337,3.8995,3.89021,1,1.5
18.08.2021 00:13:25.537,3.89949,3.89022,1,1
18.08.2021 00:13:33.110,3.89949,3.89031,1,1.5
18.08.2021 00:13:33.211,3.89949,3.89032,1,1
18.08.2021 00:13:34.187,3.89949,3.8902300000000003,1,1.5
18.08.2021 00:13:40.601,3.8995,3.89021,1,1.5
18.08.2021 00:13:46.497,3.89929,3.8903000000000003,1,1
18.08.2021 00:14:11.794,3.89929,3.89025,1,1
18.08.2021 00:14:11.867,3.89929,3.8902400000000004,1,1
18.08.2021 00:14:11.990,3.89929,3.89015,1,1
18.08.2021 00:14:12.318,3.89917,3.89015,1,1
18.08.2021 00:14:12.901,3.89916,3.89006,1,1
18.08.2021 00:14:14.596,3.89917,3.8899800000000004,1,1.5
18.08.2021 00:14:14.696,3.8992500000000003,3.8899800000000004,1,1.5
18.08.2021 00:14:16.443,3.8992500000000003,3.8899800000000004,1,1.5
18.08.2021 00:15:06.656,3.8992500000000003,3.8901800000000004,1,1.5
18.08.2021 00:15:07.595,3.8992400000000003,3.8901900000000005,1,1.5
18.08.2021 00:15:10.293,3.8995699999999998,3.8901900000000005,1,1.5
18.08.2021 00:15:11.837,3.89967,3.8903800000000004,1,1.5
18.08.2021 00:15:12.415,3.89984,3.8904800000000006,1,1.5
18.08.2021 00:15:13.475,3.8998300000000006,3.8903900000000005,1,1
18.08.2021 00:15:14.156,3.8998300000000006,3.8903900000000005,1,1.5
18.08.2021 00:15:16.033,3.89984,3.8903800000000004,1,1
18.08.2021 00:15:16.234,3.8998300000000006,3.8903900000000005,1.5,1
18.08.2021 00:15:29.624,3.8994500000000003,3.89022,1,1
18.08.2021 00:15:30.744,3.8994500000000003,3.8901900000000005,1,1
18.08.2021 00:15:31.456,3.9000300000000006,3.88851,1.5,1.5
18.08.2021 00:15:31.509,3.8994500000000003,3.8900900000000003,1,1
18.08.2021 00:15:32.414,3.89946,3.8900800000000006,1,1.5
18.08.2021 00:15:35.555,3.89946,3.89035,1,1
18.08.2021 00:15:36.128,3.89946,3.8904400000000003,1,1
18.08.2021 00:15:36.231,3.89975,3.8904400000000003,1,1
18.08.2021 00:15:40.889,3.89975,3.8904400000000003,1.12,1
18.08.2021 00:16:09.807,3.89975,3.8904400000000003,1.12,1
18.08.2021 00:16:31.222,3.8995800000000003,3.8904400000000003,1,1
18.08.2021 00:16:31.990,3.8995800000000003,3.8904400000000003,1,1
18.08.2021 00:16:34.544,3.8995699999999998,3.8904500000000004,1,1
18.08.2021 00:16:37.246,3.8995800000000003,3.8905300000000005,1,1
18.08.2021 00:16:38.880,3.8995800000000003,3.8905300000000005,1,1.5
18.08.2021 00:16:39.078,3.8995800000000003,3.8905300000000005,1,1.5
18.08.2021 00:16:43.400,3.8995800000000003,3.8905800000000004,1,1.5
18.08.2021 00:17:13.721,3.89996,3.8904800000000006,1.5,1.5
18.08.2021 00:17:14.673,3.89995,3.8904900000000002,2,1.5
18.08.2021 00:17:18.350,3.89996,3.8905800000000004,1.5,1.5
18.08.2021 00:17:18.554,3.89995,3.89066,1,1
18.08.2021 00:17:18.757,3.89996,3.8906400000000003,1,1
18.08.2021 00:17:19.162,3.89996,3.8904500000000004,1,1
18.08.2021 00:17:19.409,3.89996,3.8904500000000004,1,1
18.08.2021 00:17:19.686,3.90067,3.8890000000000002,1,1.5
18.08.2021 00:17:20.638,3.90067,3.8890000000000002,1,1.5
18.08.2021 00:17:21.482,3.89995,3.8904900000000002,1,1
18.08.2021 00:17:21.633,3.89995,3.8905900000000004,1,1
18.08.2021 00:17:22.681,3.89996,3.8904800000000006,1,1
18.08.2021 00:17:23.733,3.89995,3.8905900000000004,1,1
18.08.2021 00:17:24.344,3.89996,3.8907000000000003,1,1
18.08.2021 00:17:24.684,3.89995,3.89071,1,1
18.08.2021 00:17:27.657,3.89996,3.8906500000000004,1,1
18.08.2021 00:17:30.121,3.89996,3.8905800000000004,1,1.5
18.08.2021 00:17:30.916,3.89996,3.8906500000000004,1,1
18.08.2021 00:17:31.745,3.89996,3.8906800000000006,1,1
18.08.2021 00:17:33.007,3.89996,3.8906500000000004,1,1
18.08.2021 00:17:40.233,3.89995,3.89069,1,1
18.08.2021 00:17:41.574,3.89996,3.8906500000000004,1,1
18.08.2021 00:17:41.674,3.89996,3.89015,1,1
18.08.2021 00:17:41.802,3.89996,3.8905300000000005,1,1
18.08.2021 00:17:42.112,3.89995,3.89069,1,1
18.08.2021 00:17:43.692,3.89996,3.8906500000000004,1,1
18.08.2021 00:18:08.697,3.9000500000000002,3.8889500000000004,1,1.5
18.08.2021 00:18:11.912,3.89975,3.89055,1,1
18.08.2021 00:18:15.707,3.89975,3.8906500000000004,1,1
18.08.2021 00:18:15.808,3.89975,3.8908199999999997,1,1
18.08.2021 00:18:16.899,3.8997400000000004,3.8906400000000003,1,1.5
18.08.2021 00:18:17.178,3.8997800000000007,3.8906400000000003,1,1.5
18.08.2021 00:18:18.871,3.8997800000000007,3.8906400000000003,1,1
18.08.2021 00:18:19.274,3.8997900000000003,3.8906300000000007,1,1.5
18.08.2021 00:18:23.257,3.8997800000000007,3.8906400000000003,1,1.5
18.08.2021 00:18:27.745,3.8997800000000007,3.8906400000000003,1,1
18.08.2021 00:18:27.947,3.8997900000000003,3.8906300000000007,1,1.5
18.08.2021 00:18:49.037,3.8997900000000003,3.8906300000000007,1,1
18.08.2021 00:18:49.238,3.8997900000000003,3.8906300000000007,1.5,1
18.08.2021 00:18:52.037,3.8997900000000003,3.8904500000000004,1.5,1
18.08.2021 00:18:52.137,3.89992,3.8904500000000004,1.5,1
18.08.2021 00:18:52.606,3.8995800000000003,3.8904500000000004,1,1
18.08.2021 00:18:53.453,3.8995800000000003,3.8904400000000003,1,1
18.08.2021 00:19:16.123,3.8995800000000003,3.89025,1,1
18.08.2021 00:19:16.324,3.8995699999999998,3.89026,1.5,1
18.08.2021 00:19:17.865,3.8995699999999998,3.89026,1,1
18.08.2021 00:19:32.729,3.8995800000000003,3.89025,1.5,1
18.08.2021 00:19:33.414,3.8995800000000003,3.89015,1.5,1
18.08.2021 00:19:47.622,3.89907,3.89016,1,1
18.08.2021 00:19:50.792,3.8990800000000005,3.8903300000000005,1,1
18.08.2021 00:19:50.911,3.8990800000000005,3.8899500000000002,1,1
18.08.2021 00:19:51.992,3.8990800000000005,3.8899500000000002,1,1
18.08.2021 00:19:52.460,3.8990800000000005,3.8899300000000006,1,1
18.08.2021 00:19:57.157,3.8990800000000005,3.8899300000000006,1,1
18.08.2021 00:20:01.210,3.8990800000000005,3.8900800000000006,1,1
18.08.2021 00:20:01.969,3.89907,3.8900900000000003,1,1.5
18.08.2021 00:20:02.750,3.8990800000000005,3.8900800000000006,1,1.5
18.08.2021 00:20:04.671,3.8990800000000005,3.8900800000000006,1,1.5
18.08.2021 00:20:04.900,3.89907,3.89006,1,1
18.08.2021 00:20:05.051,3.8990800000000005,3.8900300000000003,1,1
18.08.2021 00:20:07.184,3.89907,3.8900400000000004,1,1.5
18.08.2021 00:20:09.280,3.89907,3.89006,1,1
18.08.2021 00:20:09.769,3.89907,3.88976,1,1
18.08.2021 00:20:09.886,3.8990800000000005,3.8899300000000006,1,1
18.08.2021 00:20:10.086,3.8990800000000005,3.8895500000000003,1,1
18.08.2021 00:20:10.750,3.8990800000000005,3.8895500000000003,1,1
18.08.2021 00:20:11.908,3.8990800000000005,3.8902300000000003,1,1
18.08.2021 00:20:12.014,3.8990800000000005,3.89025,1,1
18.08.2021 00:20:12.505,3.8990800000000005,3.89075,1,1
18.08.2021 00:20:13.077,3.8992,3.89046,1,1
18.08.2021 00:20:13.680,3.89921,3.8908300000000007,1,1.5
18.08.2021 00:20:13.883,3.89921,3.8908300000000007,1,1
18.08.2021 00:20:14.275,3.89921,3.8908300000000007,1,1.5
18.08.2021 00:20:14.726,3.8992,3.8911300000000004,1,1
18.08.2021 00:20:15.477,3.89917,3.89172,1,1
18.08.2021 00:20:16.871,3.89926,3.89222,1,1
18.08.2021 00:20:16.972,3.89935,3.89221,1.5,1
18.08.2021 00:20:17.077,3.9000000000000004,3.89222,1.5,1
18.08.2021 00:20:18.381,3.8993800000000003,3.89221,1,1
18.08.2021 00:20:23.290,3.89937,3.89222,1,1.5
18.08.2021 00:20:23.504,3.8993800000000003,3.89221,1,1
18.08.2021 00:20:23.875,3.8993800000000003,3.89221,1,1.5
18.08.2021 00:20:24.077,3.89937,3.89222,1,1
18.08.2021 00:20:24.595,3.8993800000000003,3.89221,1,1.5
18.08.2021 00:20:24.795,3.89937,3.89222,1,1
18.08.2021 00:20:25.305,3.8993800000000003,3.89221,1,1.5
18.08.2021 00:20:25.507,3.8993800000000003,3.89221,1,1
18.08.2021 00:20:26.005,3.8993800000000003,3.89221,1,1.5
18.08.2021 00:20:26.207,3.8993800000000003,3.89221,1,1
18.08.2021 00:20:26.695,3.8993800000000003,3.89221,1,1.5
18.08.2021 00:20:26.896,3.89937,3.89222,1,1
18.08.2021 00:20:27.385,3.8993800000000003,3.89221,1,1.5
18.08.2021 00:20:27.565,3.8993800000000003,3.89221,1,1
18.08.2021 00:20:28.080,3.8993800000000003,3.89221,1,1.5
18.08.2021 00:20:28.276,3.8997699999999997,3.89276,1,1
18.08.2021 00:20:28.326,3.90071,3.89276,1.5,1
18.08.2021 00:20:28.919,3.9007,3.89277,1.5,1
18.08.2021 00:20:28.970,3.8999400000000004,3.89276,1,1
18.08.2021 00:20:30.452,3.89956,3.8923900000000002,1,1
18.08.2021 00:20:30.816,3.89956,3.89242,1,1
18.08.2021 00:20:30.950,3.89956,3.89096,1,1.5
18.08.2021 00:20:32.091,3.89956,3.8923900000000002,1,1
18.08.2021 00:20:32.238,3.89955,3.8924300000000005,1,1
18.08.2021 00:20:32.339,3.89956,3.89244,1,1
18.08.2021 00:20:32.452,3.89956,3.89135,1,1
18.08.2021 00:20:33.252,3.89956,3.8923900000000002,1,1
18.08.2021 00:20:33.369,3.89956,3.8923900000000002,1,1.5
18.08.2021 00:20:33.588,3.89956,3.89135,1,1
18.08.2021 00:20:34.020,3.89956,3.8924300000000005,1,1
18.08.2021 00:20:34.223,3.89956,3.89175,1,1
18.08.2021 00:20:34.588,3.89956,3.8923900000000002,1,1
18.08.2021 00:20:35.025,3.89956,3.8923900000000002,1,1.5
18.08.2021 00:20:35.227,3.89955,3.8924000000000003,1,1
18.08.2021 00:20:35.625,3.89955,3.8924000000000003,1,1.5
18.08.2021 00:20:35.851,3.89956,3.8923900000000002,1,1
18.08.2021 00:20:36.369,3.89955,3.8924000000000003,1,1.5
18.08.2021 00:20:36.674,3.89956,3.89155,1,1
18.08.2021 00:20:36.826,3.89956,3.89155,1,1
18.08.2021 00:20:37.255,3.89956,3.8924300000000005,1,1
18.08.2021 00:20:37.557,3.89956,3.89155,1,1
18.08.2021 00:20:38.030,3.89955,3.8924000000000003,1,1
18.08.2021 00:20:38.085,3.89956,3.8923900000000002,1,1.5
18.08.2021 00:20:38.316,3.89956,3.89155,1,1
18.08.2021 00:20:38.819,3.89956,3.8924300000000005,1,1
18.08.2021 00:20:39.014,3.89956,3.8924300000000005,1,1
18.08.2021 00:20:39.064,3.89956,3.8914500000000003,1,1
18.08.2021 00:20:39.115,3.89955,3.89146,1,1
18.08.2021 00:20:39.190,3.89955,3.8924000000000003,1,1
18.08.2021 00:20:39.583,3.89956,3.8923900000000002,1,1.5
18.08.2021 00:20:39.836,3.89955,3.89156,1,1
18.08.2021 00:20:40.211,3.89956,3.89155,1,1
18.08.2021 00:20:40.384,3.89956,3.8924300000000005,1,1
18.08.2021 00:20:40.825,3.89956,3.89155,1,1
18.08.2021 00:20:40.917,3.89955,3.8924000000000003,1,1
18.08.2021 00:20:41.404,3.89955,3.8924000000000003,1,1.5
18.08.2021 00:20:41.455,3.89955,3.8924000000000003,1,1
18.08.2021 00:20:42.375,3.89955,3.89244,1,1
18.08.2021 00:20:42.476,3.89956,3.8924600000000003,1,1
18.08.2021 00:20:42.609,3.89956,3.89155,1,1
18.08.2021 00:20:43.437,3.89956,3.8923900000000002,1,1
18.08.2021 00:20:43.800,3.89956,3.8924300000000005,1,1
18.08.2021 00:20:44.514,3.89956,3.8924300000000005,1,1
18.08.2021 00:20:44.718,3.89955,3.89156,1,1
18.08.2021 00:20:45.015,3.89955,3.8924000000000003,1,1
18.08.2021 00:20:45.179,3.89956,3.8923900000000002,1,1.5
18.08.2021 00:20:45.431,3.89956,3.89155,1,1
18.08.2021 00:20:45.900,3.89955,3.89244,1,1
18.08.2021 00:20:46.265,3.89955,3.89156,1,1
18.08.2021 00:20:46.388,3.89956,3.8923900000000002,1,1
18.08.2021 00:20:46.845,3.89956,3.8923900000000002,1,1.5
18.08.2021 00:20:47.245,3.89956,3.89155,1,1
18.08.2021 00:20:47.328,3.89956,3.89155,1,1
18.08.2021 00:20:47.824,3.89955,3.89244,1,1
18.08.2021 00:20:48.194,3.89956,3.89155,1,1
18.08.2021 00:20:48.276,3.89956,3.8923900000000002,1,1
18.08.2021 00:20:48.775,3.89956,3.8923900000000002,1,1.5
18.08.2021 00:20:49.141,3.89956,3.8916500000000003,1,1
18.08.2021 00:20:49.266,3.89956,3.8916500000000003,1,1
18.08.2021 00:20:49.795,3.89956,3.8916500000000003,1,1
18.08.2021 00:20:49.896,3.89956,3.8924600000000003,1,1
18.08.2021 00:20:50.070,3.89956,3.8916500000000003,1,1
18.08.2021 00:20:50.121,3.89956,3.8923900000000002,1,1
18.08.2021 00:20:50.696,3.89955,3.89166,1,1
18.08.2021 00:20:50.747,3.89955,3.89244,1,1
18.08.2021 00:20:51.743,3.89956,3.8923900000000002,1,1
18.08.2021 00:20:51.793,3.89956,3.8923900000000002,1,1.5
18.08.2021 00:20:52.810,3.9000000000000004,3.8929300000000007,1,1
18.08.2021 00:20:53.679,3.9000000000000004,3.8929300000000007,1,1
18.08.2021 00:20:53.882,3.9001,3.8929300000000007,1,1
18.08.2021 00:21:47.807,3.9002900000000005,3.8931199999999997,1,1
18.08.2021 00:22:42.809,3.90036,3.89325,1,1
18.08.2021 00:23:37.809,3.90045,3.8933,1,1
18.08.2021 00:24:32.810,3.90042,3.8932800000000003,1,1
18.08.2021 00:25:27.811,3.90101,3.8936300000000004,1.1,1
18.08.2021 00:25:30.154,3.90101,3.8936300000000004,1.1,1
18.08.2021 00:25:31.537,3.9007800000000006,3.8936300000000004,1,1
18.08.2021 00:25:31.892,3.90101,3.8936300000000004,1.1,1
18.08.2021 00:25:47.675,3.90101,3.8936300000000004,1.6,1
18.08.2021 00:25:49.965,3.9010000000000002,3.8936400000000004,1.6,1
18.08.2021 00:26:22.812,3.9010000000000002,3.8936,1.1,1
18.08.2021 00:26:49.942,3.90101,3.8935900000000006,1.6,1
18.08.2021 00:27:16.069,3.9007500000000004,3.8935900000000006,1,1
18.08.2021 00:27:16.185,3.9000800000000004,3.8935900000000006,1,1
18.08.2021 00:27:16.341,3.90015,3.89345,1,1
18.08.2021 00:27:16.535,3.8999,3.89357,1,1
18.08.2021 00:27:16.703,3.8996500000000003,3.8938300000000003,1,1
18.08.2021 00:27:16.804,3.8996500000000003,3.8939000000000004,1,1
18.08.2021 00:27:16.962,3.89966,3.8935400000000002,1,1
18.08.2021 00:27:17.075,3.89967,3.8937500000000003,1,1
18.08.2021 00:27:17.176,3.90004,3.89356,1,1
18.08.2021 00:27:17.367,3.89967,3.8935500000000003,1,1
18.08.2021 00:27:17.518,3.89967,3.8935500000000003,1,1
18.08.2021 00:27:17.619,3.8995300000000004,3.8939500000000002,1,1
18.08.2021 00:27:17.756,3.89955,3.89385,1,1
18.08.2021 00:27:17.935,3.89952,3.89397,1,1
18.08.2021 00:27:18.133,3.89972,3.89374,1,1
18.08.2021 00:27:18.193,3.8997100000000002,3.8937500000000003,1,1
18.08.2021 00:27:18.334,3.89962,3.8937500000000003,1,1
18.08.2021 00:27:18.536,3.8998500000000003,3.89397,1,1
18.08.2021 00:27:18.841,3.89984,3.89386,1,1.5
18.08.2021 00:27:18.891,3.8998500000000003,3.89386,1,1
18.08.2021 00:27:19.143,3.89984,3.8935400000000002,1,1
18.08.2021 00:27:19.193,3.8998500000000003,3.894,1,1
18.08.2021 00:27:19.294,3.8998500000000003,3.8937300000000006,1,1
18.08.2021 00:27:19.512,3.89955,3.8937500000000003,1,1
18.08.2021 00:27:19.574,3.89966,3.89376,1,1
18.08.2021 00:27:19.703,3.89984,3.89386,1,1
18.08.2021 00:27:19.754,3.8998500000000003,3.8937300000000006,1,1
18.08.2021 00:27:19.903,3.89966,3.89374,1,1
18.08.2021 00:27:20.039,3.89964,3.8937500000000003,1,1
18.08.2021 00:27:20.166,3.89967,3.8935300000000006,1,1
18.08.2021 00:27:20.332,3.89967,3.8937500000000003,1,1
18.08.2021 00:27:20.511,3.89967,3.89376,1,1
18.08.2021 00:27:21.023,3.8998500000000003,3.89394,1,1
18.08.2021 00:27:21.073,3.8998500000000003,3.8937300000000006,1,1
18.08.2021 00:27:21.178,3.8994500000000003,3.8937300000000006,1,1
18.08.2021 00:27:21.412,3.8993800000000003,3.8937500000000003,1,1
18.08.2021 00:27:21.462,3.8994400000000002,3.8937300000000006,1,1
18.08.2021 00:27:21.613,3.8995100000000003,3.8934300000000004,1,1
18.08.2021 00:27:21.826,3.89967,3.89402,1,1
18.08.2021 00:27:21.982,3.89967,3.8939900000000005,1,1
18.08.2021 00:27:22.184,3.89966,3.89366,1,1
18.08.2021 00:27:22.235,3.8995699999999998,3.89365,1,1
18.08.2021 00:27:22.427,3.8995699999999998,3.8939300000000006,1,1
18.08.2021 00:27:22.595,3.8995699999999998,3.89365,1,1
18.08.2021 00:27:22.762,3.8995699999999998,3.8937500000000003,1,1
18.08.2021 00:27:22.992,3.89956,3.89376,1,1
18.08.2021 00:27:23.043,3.8995699999999998,3.89376,1,1
18.08.2021 00:27:23.448,3.89975,3.8938300000000003,1,1
18.08.2021 00:27:23.499,3.8997400000000004,3.8938400000000004,1,1
18.08.2021 00:27:23.549,3.89975,3.8938300000000003,1,1
18.08.2021 00:27:23.601,3.89956,3.89376,1,1
18.08.2021 00:27:23.812,3.8995699999999998,3.8938300000000003,1,1
18.08.2021 00:27:24.014,3.89962,3.8938300000000003,1,1
18.08.2021 00:27:24.225,3.89961,3.8938400000000004,1,1
18.08.2021 00:27:24.471,3.8996500000000003,3.8940300000000003,1,1
18.08.2021 00:27:24.676,3.8998500000000003,3.89365,1,1
18.08.2021 00:27:24.727,3.8998500000000003,3.89365,1,1
18.08.2021 00:27:24.833,3.8995,3.8937300000000006,1,1
18.08.2021 00:27:25.080,3.89966,3.8940300000000003,1,1
18.08.2021 00:27:25.236,3.8995699999999998,3.8941000000000003,1,1
18.08.2021 00:27:25.477,3.89956,3.8938900000000003,1,1
18.08.2021 00:27:25.645,3.89975,3.8940400000000004,1,1
18.08.2021 00:27:25.995,3.89975,3.8938300000000003,1,1
18.08.2021 00:27:26.133,3.89975,3.8938699999999997,1,1
18.08.2021 00:27:26.184,3.8997400000000004,3.89386,1,1
18.08.2021 00:27:26.337,3.89952,3.8938699999999997,1,1
18.08.2021 00:27:26.579,3.89975,3.8937300000000006,1,1
18.08.2021 00:27:26.645,3.8997400000000004,3.8938900000000003,1,1
18.08.2021 00:27:26.755,3.8994800000000005,3.8938800000000007,1,1
18.08.2021 00:27:26.956,3.8995300000000004,3.8937300000000006,1,1
18.08.2021 00:27:27.161,3.89947,3.89385,1,1
18.08.2021 00:27:27.556,3.8996500000000003,3.8936699999999997,1,1
18.08.2021 00:27:27.606,3.89964,3.8936800000000007,1,1
18.08.2021 00:27:27.725,3.8996500000000003,3.8937900000000005,1,1
18.08.2021 00:27:27.775,3.89947,3.8937900000000005,1,1
18.08.2021 00:27:27.974,3.89947,3.8937900000000005,1,1
18.08.2021 00:27:28.418,3.89935,3.89376,1,1
18.08.2021 00:27:28.559,3.89941,3.89374,1,1
18.08.2021 00:27:28.610,3.89942,3.8937300000000006,1,1
18.08.2021 00:27:28.782,3.89942,3.8937300000000006,1,1
18.08.2021 00:27:29.166,3.8994400000000002,3.89376,1,1
18.08.2021 00:27:29.324,3.8992800000000005,3.8937500000000003,1,1
18.08.2021 00:27:29.527,3.89927,3.89416,1,1
18.08.2021 00:27:29.737,3.89942,3.89386,1,1
18.08.2021 00:27:29.952,3.89937,3.8937500000000003,1,1
18.08.2021 00:27:30.154,3.8996500000000003,3.8940300000000003,1,1
18.08.2021 00:27:30.254,3.8997699999999997,3.8940699999999997,1,1
18.08.2021 00:27:30.355,3.8997800000000007,3.8940800000000007,1.5,1
18.08.2021 00:27:30.464,3.89964,3.8940699999999997,1,1
18.08.2021 00:27:30.594,3.89936,3.89405,1,1
18.08.2021 00:27:30.864,3.8993400000000005,3.89406,1,1
18.08.2021 00:27:31.261,3.89927,3.89417,1,1
18.08.2021 00:27:31.669,3.89929,3.89385,1,1
18.08.2021 00:27:31.826,3.89936,3.89385,1,1
18.08.2021 00:27:31.877,3.8992400000000003,3.8941900000000005,1,1
18.08.2021 00:27:32.070,3.8992400000000003,3.8941900000000005,1,1
18.08.2021 00:27:32.296,3.89935,3.8940800000000007,1,1
18.08.2021 00:27:32.471,3.8992199999999997,3.89421,1,1
18.08.2021 00:27:32.650,3.8992500000000003,3.89421,1,1
18.08.2021 00:27:32.973,3.8992500000000003,3.8939500000000002,1,1
18.08.2021 00:27:33.175,3.89955,3.89421,1,1
18.08.2021 00:27:33.228,3.89955,3.89421,1,1
18.08.2021 00:27:33.279,3.8997300000000004,3.89422,1,1
18.08.2021 00:27:33.329,3.89955,3.89421,1,1
18.08.2021 00:27:33.527,3.89932,3.89421,1,1
18.08.2021 00:27:33.751,3.89927,3.8939500000000002,1,1
18.08.2021 00:27:33.903,3.89955,3.8942,1,1
18.08.2021 00:27:34.128,3.89955,3.8942300000000003,1,1
18.08.2021 00:27:34.333,3.8992,3.8942300000000003,1,1
18.08.2021 00:27:34.991,3.89926,3.89414,1,1
18.08.2021 00:27:35.395,3.89917,3.8941300000000005,1,1
18.08.2021 00:27:35.560,3.89916,3.89414,1,1
18.08.2021 00:27:35.779,3.89916,3.8942300000000003,1,1
18.08.2021 00:27:36.105,3.89917,3.8942300000000003,1,1
18.08.2021 00:27:36.558,3.8994500000000003,3.8942300000000003,1,1
18.08.2021 00:27:36.609,3.8994500000000003,3.8942300000000003,1,1
18.08.2021 00:27:36.739,3.8994500000000003,3.8940400000000004,1,1
18.08.2021 00:27:36.840,3.8994500000000003,3.8937500000000003,1,1
18.08.2021 00:27:36.891,3.8994500000000003,3.89411,1,1
18.08.2021 00:27:36.960,3.8993,3.89411,1,1
18.08.2021 00:27:37.162,3.8995100000000003,3.8942800000000006,1,1
18.08.2021 00:27:37.406,3.8995699999999998,3.8939300000000006,1,1
18.08.2021 00:27:37.608,3.89967,3.8940699999999997,1,1
18.08.2021 00:27:37.976,3.8994500000000003,3.8940400000000004,1,1
18.08.2021 00:27:38.096,3.8994400000000002,3.89432,1,1
18.08.2021 00:27:38.236,3.8994500000000003,3.8942900000000003,1,1
18.08.2021 00:27:38.356,3.8994500000000003,3.8943000000000003,1,1
18.08.2021 00:27:38.406,3.89947,3.8939300000000006,1,1
18.08.2021 00:27:38.638,3.8994500000000003,3.8939300000000006,1,1
18.08.2021 00:27:38.689,3.8995100000000003,3.8940900000000003,1.5,1
18.08.2021 00:27:38.858,3.89952,3.8940800000000007,1.5,1
18.08.2021 00:27:39.014,3.89962,3.8940800000000007,1.5,1
18.08.2021 00:27:39.299,3.89929,3.8939300000000006,1,1
18.08.2021 00:27:39.511,3.89929,3.8940400000000004,1,1
18.08.2021 00:27:40.202,3.8992800000000005,3.8942800000000006,1,1
18.08.2021 00:27:40.679,3.8992800000000005,3.8942400000000004,1,1
18.08.2021 00:27:40.948,3.89937,3.8942699999999997,1,1
18.08.2021 00:27:41.199,3.89921,3.89414,1,1
18.08.2021 00:27:41.457,3.89921,3.89414,1,1
18.08.2021 00:27:41.824,3.89935,3.89435,1,1
18.08.2021 00:27:42.019,3.89935,3.8941500000000002,1,1
18.08.2021 00:27:42.070,3.89909,3.8936900000000003,1,1
18.08.2021 00:27:42.221,3.89921,3.8936400000000004,1,1
18.08.2021 00:27:42.456,3.8992500000000003,3.89374,1,1
18.08.2021 00:27:42.507,3.89926,3.8943800000000004,1,1
18.08.2021 00:27:42.604,3.8992400000000003,3.89416,1,1
18.08.2021 00:27:42.798,3.89937,3.8943300000000005,1,1
18.08.2021 00:27:43.000,3.89915,3.8943300000000005,1,1
18.08.2021 00:27:43.101,3.8995,3.89431,1,1
18.08.2021 00:27:43.203,3.89947,3.89434,1,1
18.08.2021 00:27:43.652,3.8992800000000005,3.8942300000000003,1,1
18.08.2021 00:27:43.807,3.89931,3.89412,1,1
18.08.2021 00:27:44.047,3.89931,3.89412,1,1
18.08.2021 00:27:44.203,3.89895,3.8943900000000005,1,1
18.08.2021 00:27:44.465,3.8993400000000005,3.8944,1,1
18.08.2021 00:27:44.566,3.89935,3.8942699999999997,1,1
18.08.2021 00:27:44.668,3.8994500000000003,3.89425,1,1
18.08.2021 00:27:44.871,3.8994500000000003,3.89425,1,1
18.08.2021 00:27:44.992,3.8991800000000003,3.89426,1,1
18.08.2021 00:27:45.043,3.89947,3.89425,1,1
18.08.2021 00:27:45.093,3.8991000000000002,3.89441,1,1
18.08.2021 00:27:45.573,3.8993800000000003,3.89426,1,1
18.08.2021 00:27:45.773,3.8995300000000004,3.89426,1.5,1
18.08.2021 00:27:45.936,3.8995300000000004,3.8940300000000003,1.5,1
18.08.2021 00:27:46.139,3.89935,3.89405,1,1
18.08.2021 00:27:46.284,3.899,3.8944,1,1
18.08.2021 00:27:46.345,3.899,3.8944,1,1
18.08.2021 00:27:53.415,3.8989400000000005,3.89441,1,1
18.08.2021 00:27:53.516,3.8988500000000004,3.8944900000000002,1,1
18.08.2021 00:27:53.667,3.89915,3.8944,1,1
18.08.2021 00:27:53.823,3.8988300000000007,3.8944,1,1
18.08.2021 00:27:54.025,3.8988199999999997,3.8944400000000003,1,1
18.08.2021 00:27:54.253,3.89881,3.89447,1,1
18.08.2021 00:27:55.103,3.89887,3.89447,1,1
18.08.2021 00:27:55.154,3.8987400000000005,3.89457,1,1
18.08.2021 00:27:55.405,3.89872,3.89457,1,1
18.08.2021 00:27:56.037,3.89877,3.89455,1,1
18.08.2021 00:27:56.239,3.8987600000000002,3.8945600000000002,1,1
18.08.2021 00:27:57.582,3.8990500000000003,3.8945300000000005,1,1
18.08.2021 00:27:57.739,3.89887,3.8946,1.5,1
18.08.2021 00:27:58.550,3.8988199999999997,3.89461,1,1
18.08.2021 00:28:00.277,3.8987800000000004,3.89461,1,1
18.08.2021 00:28:00.431,3.8987900000000004,3.8946,1,1
18.08.2021 00:28:05.707,3.89887,3.8945900000000004,1,1
18.08.2021 00:28:06.137,3.89887,3.8945900000000004,1,1
18.08.2021 00:28:12.112,3.89887,3.8945900000000004,1,1
18.08.2021 00:28:17.201,3.89877,3.8946,1,1
18.08.2021 00:28:29.003,3.89854,3.8946,1,1
18.08.2021 00:28:29.737,3.89851,3.8945800000000004,1,1
18.08.2021 00:28:30.040,3.89851,3.8945800000000004,1,1
18.08.2021 00:28:38.881,3.8986400000000003,3.8945900000000004,1,1
18.08.2021 00:28:39.019,3.89891,3.89434,1.5,1
18.08.2021 00:28:39.082,3.8989000000000003,3.89435,1.5,1
18.08.2021 00:28:39.324,3.89901,3.89434,1,1
18.08.2021 00:29:02.046,3.89901,3.89411,1,1
18.08.2021 00:29:09.042,3.89901,3.89411,1,1
18.08.2021 00:29:11.548,3.8990199999999997,3.8941000000000003,1,1
18.08.2021 00:29:11.951,3.89881,3.8941000000000003,1,1
18.08.2021 00:29:12.534,3.89881,3.8941000000000003,1,1
18.08.2021 00:29:56.354,3.89886,3.8941500000000002,1,1
18.08.2021 00:29:57.301,3.89886,3.8941500000000002,1,1
18.08.2021 00:29:57.752,3.89881,3.8941900000000005,1,1
18.08.2021 00:29:58.156,3.89881,3.8941900000000005,1,1
18.08.2021 00:30:02.183,3.8988,3.8942,1,1
18.08.2021 00:30:05.852,3.8988,3.8942,1,1
18.08.2021 00:30:10.728,3.89881,3.8941900000000005,1,1
18.08.2021 00:30:10.931,3.8988,3.8942,1,1
18.08.2021 00:30:20.442,3.8988500000000004,3.8942800000000006,1,1
18.08.2021 00:30:23.461,3.8988400000000003,3.8942900000000003,1,1
18.08.2021 00:30:25.488,3.8990199999999997,3.8944199999999998,1,1
18.08.2021 00:30:25.893,3.8990500000000003,3.89446,1.5,1
18.08.2021 00:30:43.354,3.8990500000000003,3.89446,1.5,1
18.08.2021 00:30:50.032,3.89931,3.8946500000000004,1,1
18.08.2021 00:30:50.089,3.89931,3.89466,1,1
18.08.2021 00:30:50.939,3.89931,3.89466,1,1
18.08.2021 00:31:07.864,3.8992500000000003,3.8946300000000003,1,1
18.08.2021 00:31:12.649,3.8992500000000003,3.8946300000000003,1,1
18.08.2021 00:31:14.272,3.8992400000000003,3.8946400000000003,1,1
18.08.2021 00:31:19.819,3.8992500000000003,3.8946300000000003,1,1
18.08.2021 00:31:22.547,3.8992400000000003,3.8946400000000003,1,1
18.08.2021 00:32:54.664,3.8992500000000003,3.8946199999999997,1,1
18.08.2021 00:32:54.763,3.8992500000000003,3.8946199999999997,1,1
18.08.2021 00:33:24.698,3.8992400000000003,3.8946300000000003,1,1
18.08.2021 00:33:24.898,3.8992500000000003,3.8946199999999997,1,1
18.08.2021 00:33:25.101,3.8995100000000003,3.8945300000000005,1.5,1
18.08.2021 00:33:25.304,3.8998300000000006,3.8945300000000005,1,1
18.08.2021 00:33:25.989,3.8997800000000007,3.8947300000000005,1,1
18.08.2021 00:34:51.978,3.8994500000000003,3.89476,1,1
18.08.2021 00:34:52.309,3.89946,3.8948,1,1
18.08.2021 00:34:57.861,3.8994500000000003,3.89476,1,1
18.08.2021 00:34:58.663,3.89936,3.8944800000000006,1,1
18.08.2021 00:35:45.609,3.89935,3.8944900000000002,1,1
18.08.2021 00:35:45.809,3.89936,3.8944800000000006,1,1
18.08.2021 00:35:46.261,3.89936,3.8944800000000006,1,1
18.08.2021 00:35:47.116,3.89936,3.8944800000000006,1,1
18.08.2021 00:35:49.493,3.89935,3.8944900000000002,1,1
18.08.2021 00:35:49.696,3.8995400000000005,3.89446,1,1
18.08.2021 00:35:57.881,3.89936,3.89445,1,1
18.08.2021 00:35:57.931,3.89915,3.8942900000000003,1,1
18.08.2021 00:35:58.085,3.89927,3.8941000000000003,1,1
18.08.2021 00:36:26.546,3.89926,3.8940800000000007,1,1
18.08.2021 00:36:28.245,3.89927,3.8940800000000007,1,1
18.08.2021 00:36:48.974,3.89927,3.8940800000000007,1,1
18.08.2021 00:36:49.984,3.89927,3.8940800000000007,1,1
18.08.2021 00:37:37.257,3.8992800000000005,3.89422,1,1.5
18.08.2021 00:37:37.459,3.8992800000000005,3.89411,1,1
18.08.2021 00:38:20.965,3.8995,3.89435,1,1
18.08.2021 00:38:25.729,3.8995100000000003,3.89434,1,1
18.08.2021 00:39:16.491,3.8995100000000003,3.8944199999999998,1,1
18.08.2021 00:39:33.513,3.8995300000000004,3.8944199999999998,1.5,1
18.08.2021 00:40:23.565,3.8994500000000003,3.8943000000000003,1,1
18.08.2021 00:40:27.031,3.89946,3.8942900000000003,1,1
18.08.2021 00:40:33.141,3.8994500000000003,3.8943000000000003,1,1
18.08.2021 00:40:36.047,3.89946,3.8942900000000003,1,1
18.08.2021 00:40:47.563,3.8994500000000003,3.8943000000000003,1,1
18.08.2021 00:40:50.779,3.89946,3.8942900000000003,1,1
18.08.2021 00:40:51.546,3.89946,3.8942900000000003,1,1
18.08.2021 00:41:52.756,3.89961,3.89445,1,1
18.08.2021 00:41:56.752,3.89964,3.89446,1,1
18.08.2021 00:41:57.019,3.89961,3.89445,1,1
18.08.2021 00:42:03.021,3.89961,3.8945800000000004,1,1
18.08.2021 00:43:28.699,3.8996300000000006,3.8944800000000006,1,1
18.08.2021 00:43:29.111,3.89964,3.8944800000000006,1,1
18.08.2021 00:44:20.930,3.89984,3.89469,1,1
18.08.2021 00:44:58.262,3.8998500000000003,3.8946500000000004,1,1
18.08.2021 00:44:59.862,3.89982,3.89441,1,1
18.08.2021 00:44:59.963,3.89982,3.89435,1,1
18.08.2021 00:45:00.063,3.89987,3.8943300000000005,1,1
18.08.2021 00:45:00.114,3.89995,3.89425,1,1
18.08.2021 00:45:00.855,3.90006,3.8941900000000005,1,1.5
18.08.2021 00:45:18.238,3.9001,3.89412,1.5,1.5
18.08.2021 00:45:18.339,3.9000900000000005,3.8941900000000005,1,1.5
18.08.2021 00:45:43.178,3.90025,3.89436,1,1
18.08.2021 00:45:43.228,3.90025,3.89445,1,1.5
18.08.2021 00:45:43.935,3.90025,3.89445,1,1.12
18.08.2021 00:45:53.687,3.9002000000000003,3.89441,1.5,1.5
18.08.2021 00:45:54.959,3.9002000000000003,3.89441,1.5,1.5
18.08.2021 00:45:56.541,3.9002000000000003,3.89446,1.5,1
18.08.2021 00:45:57.518,3.9002000000000003,3.89441,1.5,1.5
18.08.2021 00:45:58.518,3.9002000000000003,3.89446,1.5,1
18.08.2021 00:45:58.772,3.9002000000000003,3.89441,1.5,1.5
18.08.2021 00:46:00.407,3.9002000000000003,3.89436,1.5,1
18.08.2021 00:46:14.439,3.9002000000000003,3.89437,1.5,1
18.08.2021 00:46:14.550,3.9001900000000003,3.8942400000000004,1.5,1
18.08.2021 00:46:14.732,3.9001900000000003,3.8942400000000004,1.5,1
18.08.2021 00:46:14.845,3.9002000000000003,3.8942900000000003,1.5,1
18.08.2021 00:46:15.132,3.9002000000000003,3.8942300000000003,1.5,1
18.08.2021 00:46:15.540,3.9002000000000003,3.8942800000000006,1.5,1
18.08.2021 00:46:16.705,3.9002000000000003,3.8942400000000004,1.5,1.5
18.08.2021 00:46:18.501,3.89991,3.8941000000000003,1,1
18.08.2021 00:46:19.335,3.8999,3.89411,1.5,1
18.08.2021 00:46:22.906,3.89991,3.89414,1.5,1
18.08.2021 00:46:24.207,3.8997300000000004,3.8941500000000002,1,1
18.08.2021 00:46:24.747,3.8997400000000004,3.89405,1,1
18.08.2021 00:46:26.298,3.8997300000000004,3.8941500000000002,1,1
18.08.2021 00:46:29.951,3.8997400000000004,3.89405,1,1
18.08.2021 00:46:31.039,3.8997300000000004,3.89396,1.5,1
18.08.2021 00:46:31.240,3.8997400000000004,3.89414,1.5,1
18.08.2021 00:46:46.028,3.8997300000000004,3.8941500000000002,1.5,1
18.08.2021 00:46:46.261,3.8997300000000004,3.8941500000000002,1.5,1
18.08.2021 00:46:46.790,3.8997400000000004,3.89414,1.5,1
18.08.2021 00:46:47.248,3.8997300000000004,3.8941500000000002,1.5,1
18.08.2021 00:46:47.593,3.8997400000000004,3.8941500000000002,1.5,1.5
18.08.2021 00:46:48.125,3.8997400000000004,3.89414,1.5,1
18.08.2021 00:46:48.299,3.8997400000000004,3.8939300000000006,1.5,1
18.08.2021 00:47:00.804,3.8997300000000004,3.89394,1.5,1
18.08.2021 00:47:02.730,3.8997400000000004,3.8939300000000006,1.5,1
18.08.2021 00:47:06.047,3.8997300000000004,3.89394,1.5,1
18.08.2021 00:47:14.046,3.8997400000000004,3.8939300000000006,1.5,1
18.08.2021 00:47:21.591,3.89981,3.8939300000000006,1.62,1
18.08.2021 00:47:37.547,3.89981,3.8941300000000005,1.62,1
18.08.2021 00:47:39.508,3.89981,3.8941800000000004,1.62,1.5
18.08.2021 00:47:54.739,3.89975,3.89412,1,1.5
18.08.2021 00:48:15.864,3.8997400000000004,3.8940300000000003,1,1
18.08.2021 00:48:16.411,3.89975,3.8942,1,1.5
18.08.2021 00:48:27.098,3.8997400000000004,3.8940300000000003,1,1
18.08.2021 00:48:55.034,3.89981,3.89417,1.5,1
18.08.2021 00:48:59.785,3.89981,3.89417,1.5,1
18.08.2021 00:49:04.949,3.89981,3.89417,1.5,1
18.08.2021 00:49:05.045,3.89981,3.89417,1.5,1
18.08.2021 00:49:11.216,3.8998000000000004,3.8941800000000004,1.5,1
18.08.2021 00:49:11.637,3.89981,3.89397,1.5,1
18.08.2021 00:49:12.163,3.89981,3.89416,1.5,1
18.08.2021 00:49:12.624,3.89981,3.89416,1.5,1
18.08.2021 00:49:36.907,3.89981,3.89416,1.5,1
18.08.2021 00:49:52.058,3.89981,3.89416,1.5,1
18.08.2021 00:49:58.399,3.8998000000000004,3.89417,1.5,1
18.08.2021 00:50:00.805,3.89981,3.89416,1.5,1
18.08.2021 00:50:05.547,3.89981,3.89416,1.5,1
18.08.2021 00:50:24.258,3.9005,3.89394,1.5,1
18.08.2021 00:50:24.465,3.90035,3.89414,1,1
18.08.2021 00:50:24.575,3.90035,3.89417,1,1
18.08.2021 00:50:24.709,3.90025,3.89414,1,1
18.08.2021 00:50:24.861,3.90015,3.89412,1,1
18.08.2021 00:50:25.063,3.9000500000000002,3.89412,1,1
18.08.2021 00:50:25.185,3.90015,3.8941300000000005,1,1
18.08.2021 00:50:25.471,3.90037,3.8942300000000003,1,1
18.08.2021 00:50:25.757,3.90037,3.8938800000000007,1,1
18.08.2021 00:50:26.209,3.90037,3.8942300000000003,1,1
18.08.2021 00:50:26.508,3.90037,3.8938800000000007,1,1
18.08.2021 00:50:26.694,3.90037,3.8938800000000007,1,1
18.08.2021 00:50:26.900,3.9004900000000005,3.8942400000000004,1.5,1.5
18.08.2021 00:50:28.357,3.90035,3.8938800000000007,1.5,1.5
18.08.2021 00:50:33.438,3.90027,3.8942800000000006,1.5,1
18.08.2021 00:50:33.644,3.90022,3.8942800000000006,1,1.5
18.08.2021 00:50:38.644,3.90022,3.8939500000000002,1,1
18.08.2021 00:50:41.105,3.9000800000000004,3.8944,1.5,1
18.08.2021 00:50:41.552,3.90007,3.89441,1.5,1.5
18.08.2021 00:50:52.547,3.9000800000000004,3.8939500000000002,1.5,1
18.08.2021 00:50:56.778,3.9000800000000004,3.8944,1.5,1
18.08.2021 00:50:56.980,3.9000800000000004,3.8944,1.5,1.5
18.08.2021 00:51:11.713,3.90007,3.89396,1.5,1
18.08.2021 00:51:13.666,3.9000800000000004,3.8939500000000002,1.5,1
18.08.2021 00:51:28.824,3.9000500000000002,3.89397,1,1
18.08.2021 00:51:29.002,3.90006,3.89396,1,1
18.08.2021 00:51:47.214,3.89992,3.89397,1.5,1
18.08.2021 00:51:47.416,3.89992,3.89397,1.5,1
18.08.2021 00:51:50.903,3.90006,3.8940400000000004,1,1
18.08.2021 00:52:00.287,3.90025,3.8940400000000004,1.5,1
18.08.2021 00:52:03.252,3.90025,3.8941000000000003,1.5,1.5
18.08.2021 00:52:03.432,3.90024,3.89405,1.5,1
18.08.2021 00:52:05.158,3.90025,3.8940400000000004,1.12,1
18.08.2021 00:52:10.853,3.90045,3.8940400000000004,1.6,1
18.08.2021 00:52:11.193,3.90044,3.89405,1.6,1
18.08.2021 00:52:19.742,3.90045,3.8942800000000006,1.6,1.5
18.08.2021 00:52:20.319,3.90045,3.89425,1.6,1
18.08.2021 00:52:25.425,3.90045,3.8943300000000005,1.6,1.5
18.08.2021 00:52:52.784,3.90045,3.89425,1.22,1
18.08.2021 00:52:52.835,3.90045,3.89425,1.12,1
18.08.2021 00:53:12.547,3.90044,3.89446,1.5,1.5
18.08.2021 00:53:15.023,3.90045,3.89445,1.5,1.5
18.08.2021 00:53:15.426,3.90045,3.89445,1.5,1.5
18.08.2021 00:53:15.628,3.90045,3.89445,1.5,1.5
18.08.2021 00:53:15.829,3.90044,3.89446,1.5,1.5
18.08.2021 00:53:18.167,3.90045,3.89445,1.5,1.5
18.08.2021 00:53:30.487,3.90045,3.89445,1.5,1.5
18.08.2021 00:53:30.687,3.90045,3.89445,1.12,1.5
18.08.2021 00:54:00.836,3.90045,3.89445,1.12,1.5
18.08.2021 00:54:09.295,3.90045,3.8944400000000003,1.12,1.5
18.08.2021 00:54:18.755,3.90044,3.89445,1.12,1.5
18.08.2021 00:54:22.477,3.90045,3.8944400000000003,1,1.5
18.08.2021 00:54:36.464,3.90045,3.8944400000000003,1,1.5
18.08.2021 00:54:37.837,3.90045,3.89425,1,1
18.08.2021 00:54:39.987,3.90045,3.8944400000000003,1,1.5
18.08.2021 00:54:40.190,3.90045,3.89425,1,1
18.08.2021 00:54:40.996,3.90045,3.8944400000000003,1,1.5
18.08.2021 00:54:57.989,3.90045,3.89454,1,1.5
18.08.2021 00:55:00.488,3.9009500000000004,3.8944300000000003,1.6,1
18.08.2021 00:55:00.639,3.90096,3.8944199999999998,1.6,1
18.08.2021 00:55:00.848,3.9006800000000004,3.8945000000000003,1.1,1
18.08.2021 00:55:05.591,3.9006800000000004,3.8945000000000003,1.6,1
18.08.2021 00:55:06.901,3.90067,3.89451,1.6,1
18.08.2021 00:55:09.878,3.90067,3.89451,1.6,1
18.08.2021 00:55:11.264,3.90067,3.8944,1.6,1.5
18.08.2021 00:55:12.686,3.9006800000000004,3.8943900000000005,1.6,1.5
18.08.2021 00:55:14.254,3.9006800000000004,3.8943900000000005,1.6,1.5
18.08.2021 00:55:14.454,3.9006800000000004,3.8943900000000005,1.6,1.5
18.08.2021 00:55:17.547,3.9006800000000004,3.8943900000000005,1.6,1.5
18.08.2021 00:55:17.748,3.90067,3.8944,1.6,1.5
18.08.2021 00:55:20.951,3.9006800000000004,3.8943900000000005,1.6,1.5
18.08.2021 00:55:23.477,3.90067,3.8944,1.6,1.5
18.08.2021 00:55:23.998,3.9004800000000004,3.8943900000000005,1.6,1.5
18.08.2021 00:55:25.439,3.90047,3.8944,1.6,1
18.08.2021 00:55:25.814,3.9004800000000004,3.8943900000000005,1.6,1.5
18.08.2021 00:55:26.179,3.9004800000000004,3.8943900000000005,1.6,1.5
18.08.2021 00:55:33.046,3.9004800000000004,3.8943900000000005,1.6,1
18.08.2021 00:55:42.041,3.9004800000000004,3.8943900000000005,1.1,1
18.08.2021 00:55:42.134,3.9004800000000004,3.8943900000000005,1.1,1
18.08.2021 00:55:42.244,3.9004800000000004,3.8943900000000005,1.6,1.5
18.08.2021 00:55:45.305,3.90047,3.8944,1.6,1
18.08.2021 00:55:47.801,3.9004800000000004,3.8943900000000005,1.6,1
18.08.2021 00:55:48.638,3.9004800000000004,3.8943900000000005,1.6,1
18.08.2021 00:55:48.763,3.9004800000000004,3.8943900000000005,1.6,1
18.08.2021 00:55:57.579,3.9004800000000004,3.8943900000000005,1.6,1
18.08.2021 00:56:03.142,3.9004800000000004,3.8940300000000003,1.6,1.5
18.08.2021 00:56:22.463,3.90047,3.8940400000000004,1.6,1
18.08.2021 00:56:31.881,3.9001400000000004,3.8938300000000003,1,1
18.08.2021 00:56:32.730,3.90015,3.89382,1,1
18.08.2021 00:56:40.944,3.90015,3.89382,1,1
18.08.2021 00:56:52.979,3.90015,3.8937300000000006,1,1.5
18.08.2021 00:57:20.293,3.9001400000000004,3.89392,1.5,1.5
18.08.2021 00:57:20.444,3.89935,3.8950500000000003,1,1
18.08.2021 00:57:20.494,3.89935,3.8949300000000004,1,1
18.08.2021 00:57:20.545,3.8992199999999997,3.89526,1,1
18.08.2021 00:57:20.595,3.8992199999999997,3.89526,1,1
18.08.2021 00:57:20.646,3.8992199999999997,3.89497,1,1
18.08.2021 00:57:20.747,3.8992300000000006,3.8949800000000003,1.5,1
18.08.2021 00:57:21.248,3.89895,3.8949800000000003,1,1
18.08.2021 00:57:21.349,3.8988,3.8953400000000005,1,1
18.08.2021 00:57:21.450,3.8991400000000005,3.8949900000000004,1,1
18.08.2021 00:57:21.523,3.8991400000000005,3.8949900000000004,1,1
18.08.2021 00:57:22.043,3.8990800000000005,3.89515,1.5,1
18.08.2021 00:57:22.144,3.89915,3.8949300000000004,1,1
18.08.2021 00:57:22.253,3.89915,3.8949300000000004,1,1
18.08.2021 00:57:22.304,3.89927,3.8949300000000004,1,1
18.08.2021 00:57:22.664,3.89915,3.8949300000000004,1,1.5
18.08.2021 00:57:22.765,3.8990500000000003,3.89515,1,1
18.08.2021 00:57:22.866,3.8990500000000003,3.8949300000000004,1,1.5
18.08.2021 00:57:23.519,3.8989400000000005,3.89516,1,1
18.08.2021 00:57:23.620,3.8988500000000004,3.89526,1,1
18.08.2021 00:57:23.721,3.8990500000000003,3.8949300000000004,1,1.5
18.08.2021 00:57:23.772,3.8990500000000003,3.8949300000000004,1,1.5
18.08.2021 00:57:23.822,3.8990500000000003,3.8949300000000004,1,1.5
18.08.2021 00:57:23.873,3.8989400000000005,3.8949400000000005,1,1.5
18.08.2021 00:57:24.071,3.89895,3.8952500000000003,1,1
18.08.2021 00:57:24.122,3.8991000000000002,3.8951000000000002,1,1
18.08.2021 00:57:24.173,3.89911,3.8952500000000003,1,1
18.08.2021 00:57:24.223,3.89911,3.89511,1,1
18.08.2021 00:57:24.324,3.8991000000000002,3.89512,1,1
18.08.2021 00:57:24.838,3.89911,3.89511,1,1
18.08.2021 00:57:25.039,3.89911,3.89511,1,1
18.08.2021 00:57:25.558,3.8990400000000003,3.89546,1,1
18.08.2021 00:57:25.659,3.8988300000000007,3.89542,1,1
18.08.2021 00:57:25.767,3.8988300000000007,3.8954300000000006,1.5,1
18.08.2021 00:57:26.029,3.8988300000000007,3.8954800000000005,1,1
18.08.2021 00:57:26.080,3.89912,3.89549,1.5,1
18.08.2021 00:57:26.180,3.8990500000000003,3.89527,1,1
18.08.2021 00:57:26.382,3.89895,3.89549,1.5,1
18.08.2021 00:57:26.583,3.8992400000000003,3.8955100000000003,1,1
18.08.2021 00:57:26.745,3.89917,3.89527,1,1
18.08.2021 00:57:26.877,3.89912,3.89535,1.5,1
18.08.2021 00:57:26.978,3.89907,3.89529,1.5,1
18.08.2021 00:57:27.179,3.89907,3.89535,1.5,1
18.08.2021 00:57:27.279,3.89912,3.89507,1.5,1
18.08.2021 00:57:27.480,3.8991000000000002,3.89535,1.5,1
18.08.2021 00:57:27.531,3.8991000000000002,3.89535,1.5,1
18.08.2021 00:57:27.581,3.89909,3.8951800000000003,1.5,1
18.08.2021 00:57:27.983,3.89896,3.8954500000000003,1.5,1
18.08.2021 00:57:28.176,3.89896,3.8954500000000003,1.5,1
18.08.2021 00:57:28.362,3.89895,3.89541,1.5,1
18.08.2021 00:57:28.678,3.89895,3.89547,1.5,1
18.08.2021 00:57:30.145,3.8989300000000005,3.8954400000000002,1.5,1
18.08.2021 00:57:30.321,3.8989300000000005,3.89546,1.5,1
18.08.2021 00:57:30.925,3.89889,3.89549,1,1
18.08.2021 00:57:31.136,3.8990300000000007,3.8952800000000005,1.5,1
18.08.2021 00:57:31.187,3.8990199999999997,3.89529,1.5,1
18.08.2021 00:57:31.372,3.8990300000000007,3.8954400000000002,1.5,1
18.08.2021 00:57:31.569,3.89892,3.8951000000000002,1.5,1
18.08.2021 00:57:31.809,3.8988400000000003,3.8953699999999998,1.5,1
18.08.2021 00:57:31.969,3.8988400000000003,3.8955,1.5,1
18.08.2021 00:57:32.170,3.8988300000000007,3.8951300000000004,1.5,1
18.08.2021 00:57:32.318,3.8988400000000003,3.89535,1.5,1
18.08.2021 00:57:32.419,3.8988400000000003,3.8955,1.5,1
18.08.2021 00:57:32.790,3.8989000000000003,3.8955100000000003,1.5,1
18.08.2021 00:57:33.224,3.8988199999999997,3.89552,1,1
18.08.2021 00:57:34.902,3.89892,3.8955100000000003,1.5,1
18.08.2021 00:57:35.393,3.8987000000000003,3.8955100000000003,1,1
18.08.2021 00:57:36.100,3.8987000000000003,3.8954800000000005,1.5,1
18.08.2021 00:57:36.275,3.89892,3.89542,1.5,1
18.08.2021 00:57:36.768,3.89892,3.89547,1.62,1
18.08.2021 00:57:36.925,3.89891,3.8954800000000005,1.5,1
18.08.2021 00:57:37.049,3.8988400000000003,3.8954800000000005,1,1
18.08.2021 00:57:37.187,3.8987600000000002,3.8954800000000005,1,1
18.08.2021 00:57:37.237,3.89877,3.89547,1.5,1
18.08.2021 00:57:37.288,3.89877,3.89547,1,1
18.08.2021 00:57:37.759,3.89877,3.8954300000000006,1.5,1
18.08.2021 00:57:37.915,3.8987800000000004,3.89542,1,1
18.08.2021 00:57:38.116,3.89877,3.8954300000000006,1,1
18.08.2021 00:57:38.319,3.8987900000000004,3.89542,1,1
18.08.2021 00:57:38.420,3.8987900000000004,3.89542,1.5,1
18.08.2021 00:57:42.178,3.8986400000000003,3.8954400000000002,1,1
18.08.2021 00:57:42.484,3.8985900000000004,3.8954400000000002,1,1
18.08.2021 00:57:42.900,3.8986500000000004,3.8953300000000004,1,1
18.08.2021 00:57:42.950,3.8986400000000003,3.8953699999999998,1,1
18.08.2021 00:57:43.000,3.8986500000000004,3.8953400000000005,1,1
18.08.2021 00:57:43.051,3.8986500000000004,3.89536,1,1
18.08.2021 00:57:43.101,3.8986500000000004,3.8953400000000005,1,1
18.08.2021 00:57:43.151,3.8986400000000003,3.8953900000000004,1,1
18.08.2021 00:57:44.066,3.89854,3.8953900000000004,1,1
18.08.2021 00:57:48.186,3.89845,3.8953300000000004,1,1.5
18.08.2021 00:58:01.748,3.89845,3.8953300000000004,1,1.5
18.08.2021 00:58:02.153,3.89831,3.8953300000000004,1,1.5
18.08.2021 00:58:03.137,3.89831,3.8953300000000004,1,1.5
18.08.2021 00:58:06.806,3.89831,3.8953300000000004,1,1.5
18.08.2021 00:58:07.008,3.8983000000000003,3.8953400000000005,1,1.5
18.08.2021 00:58:24.296,3.89822,3.8950300000000007,1,1
18.08.2021 00:58:24.497,3.89822,3.8950300000000007,1,1
18.08.2021 00:58:32.548,3.89831,3.89511,1,1
18.08.2021 00:58:34.248,3.89831,3.89511,1,1
18.08.2021 00:58:37.256,3.89831,3.89511,1,1
18.08.2021 00:58:40.126,3.8983000000000003,3.89512,1,1
18.08.2021 00:58:43.925,3.89831,3.89511,1,1
18.08.2021 00:58:46.994,3.89826,3.8953300000000004,1,1
18.08.2021 00:59:02.932,3.89816,3.8953300000000004,1,1.5
18.08.2021 00:59:42.547,3.89821,3.89501,1,1
18.08.2021 00:59:43.931,3.8982,3.8950199999999997,1,1
18.08.2021 00:59:47.371,3.8982,3.8953400000000005,1,1
18.08.2021 01:00:00.415,3.89821,3.8953300000000004,1,1.5
18.08.2021 01:00:00.618,3.8982,3.8953400000000005,1,1
18.08.2021 01:00:01.137,3.89821,3.8953300000000004,1,1
18.08.2021 01:00:02.365,3.89826,3.8953300000000004,1,1.5
18.08.2021 01:00:15.908,3.89826,3.8953300000000004,1,1.5
18.08.2021 01:00:16.996,3.89825,3.8953400000000005,1,1.5
18.08.2021 01:00:17.193,3.89831,3.8953300000000004,1.62,1.5
18.08.2021 01:00:19.354,3.8982699999999997,3.8952300000000006,1.5,1
18.08.2021 01:00:21.739,3.8982800000000006,3.89521,1.5,1
18.08.2021 01:00:22.584,3.8982800000000006,3.89521,1.5,1
18.08.2021 01:00:24.027,3.8982800000000006,3.89521,1.5,1
18.08.2021 01:00:25.966,3.8982800000000006,3.89521,1.5,1
18.08.2021 01:00:27.765,3.8982800000000006,3.89521,1.5,1
18.08.2021 01:00:31.422,3.8982699999999997,3.8952199999999997,1.5,1
18.08.2021 01:00:31.622,3.8982800000000006,3.89521,1.5,1
18.08.2021 01:00:35.902,3.8982800000000006,3.89521,1.5,1
18.08.2021 01:00:36.305,3.8984,3.8952199999999997,1,1
18.08.2021 01:00:36.734,3.8983900000000005,3.8952300000000006,1,1
18.08.2021 01:00:37.005,3.8983900000000005,3.8952300000000006,1,1
18.08.2021 01:00:37.493,3.8983900000000005,3.8952300000000006,1,1
18.08.2021 01:00:38.329,3.8984,3.8952199999999997,1,1
18.08.2021 01:00:38.761,3.89822,3.8950199999999997,1,1
18.08.2021 01:00:39.251,3.89816,3.8950300000000007,1.5,1
18.08.2021 01:00:41.516,3.89816,3.8950300000000007,1.5,1
18.08.2021 01:00:46.749,3.8981800000000004,3.8950300000000007,1,1
18.08.2021 01:00:50.634,3.8981000000000003,3.8948500000000004,1,1
18.08.2021 01:00:50.735,3.89805,3.89475,1,1
18.08.2021 01:00:50.883,3.8979500000000002,3.89475,1,1
18.08.2021 01:00:53.701,3.8979500000000002,3.8953300000000004,1,1
18.08.2021 01:00:55.574,3.8979500000000002,3.8953300000000004,1,1
18.08.2021 01:01:12.547,3.8978400000000004,3.89506,1.5,1
18.08.2021 01:01:12.606,3.89785,3.89475,1.5,1
18.08.2021 01:01:12.872,3.89785,3.89469,1.5,1.5
18.08.2021 01:01:14.045,3.8979900000000005,3.89457,1.6,1
18.08.2021 01:01:14.834,3.8979900000000005,3.8946,1.6,1
18.08.2021 01:01:15.027,3.8979000000000004,3.8946199999999997,1.6,1.5
18.08.2021 01:01:21.738,3.8978400000000004,3.89455,1,1
18.08.2021 01:01:21.788,3.89771,3.89457,1,1
18.08.2021 01:01:23.637,3.89771,3.89457,1,1
18.08.2021 01:01:24.148,3.89766,3.8951300000000004,1,1
18.08.2021 01:01:24.198,3.89782,3.8950300000000007,1,1.75
18.08.2021 01:01:24.249,3.89782,3.8950300000000007,1,1
18.08.2021 01:01:24.349,3.8978699999999997,3.8948199999999997,1,1
18.08.2021 01:01:24.550,3.8978699999999997,3.89469,1,1.5
18.08.2021 01:01:29.729,3.8976699999999997,3.8946,1,1
18.08.2021 01:01:29.830,3.89777,3.8957,1,1
18.08.2021 01:01:29.931,3.8989400000000005,3.8961400000000004,1.5,1
18.08.2021 01:01:30.031,3.8990500000000003,3.89606,1,1
18.08.2021 01:01:30.082,3.8990400000000003,3.8956000000000004,1,1
18.08.2021 01:01:30.132,3.8986300000000003,3.89552,1,1
18.08.2021 01:01:30.183,3.8986300000000003,3.89547,1,1
18.08.2021 01:01:30.301,3.8986300000000003,3.89547,1,1
18.08.2021 01:01:31.913,3.8986199999999998,3.8954500000000003,1,1
18.08.2021 01:01:32.544,3.8983300000000005,3.8950500000000003,1,1
18.08.2021 01:01:32.746,3.8983000000000003,3.8951300000000004,1,1
18.08.2021 01:02:02.670,3.8982900000000003,3.8951400000000005,1,1
18.08.2021 01:02:08.249,3.8983000000000003,3.8951300000000004,1,1
18.08.2021 01:02:08.537,3.8980400000000004,3.89497,1,1
18.08.2021 01:02:08.644,3.8980400000000004,3.89496,1,1
18.08.2021 01:02:29.300,3.8980400000000004,3.89496,1,1
18.08.2021 01:02:29.499,3.8980400000000004,3.89496,1,1
18.08.2021 01:02:31.331,3.8981900000000005,3.89511,1,1
18.08.2021 01:02:32.528,3.8981900000000005,3.89511,1,1
18.08.2021 01:02:34.086,3.8981800000000004,3.89512,1,1
18.08.2021 01:02:35.157,3.8981900000000005,3.89511,1,1
18.08.2021 01:02:35.359,3.8981900000000005,3.89511,1,1
18.08.2021 01:02:37.151,3.8981900000000005,3.89511,1,1
18.08.2021 01:02:39.685,3.8981900000000005,3.89511,1,1
18.08.2021 01:02:40.543,3.8981800000000004,3.89512,1,1
18.08.2021 01:02:57.496,3.8981800000000004,3.89512,1,1
18.08.2021 01:02:57.698,3.8981900000000005,3.89511,1,1
18.08.2021 01:03:12.023,3.8981900000000005,3.89511,1,1
18.08.2021 01:03:12.225,3.8981800000000004,3.89512,1,1
18.08.2021 01:03:12.424,3.89805,3.89511,1,1
18.08.2021 01:03:21.934,3.8980400000000004,3.89512,1,1
18.08.2021 01:03:29.046,3.89805,3.89511,1,1
18.08.2021 01:03:31.130,3.89805,3.89511,1,1
18.08.2021 01:03:40.266,3.8980400000000004,3.8949900000000004,1,1
18.08.2021 01:03:43.498,3.89805,3.8949800000000003,1,1
18.08.2021 01:03:47.630,3.89805,3.8949800000000003,1,1
18.08.2021 01:03:49.810,3.89805,3.8949800000000003,1,1
18.08.2021 01:03:50.010,3.8980400000000004,3.8949900000000004,1,1
18.08.2021 01:03:50.313,3.89805,3.8949800000000003,1,1
18.08.2021 01:03:57.781,3.89805,3.8949800000000003,1,1
18.08.2021 01:04:00.502,3.8980400000000004,3.8949900000000004,1,1
18.08.2021 01:04:00.734,3.8980400000000004,3.89487,1,1
18.08.2021 01:04:00.903,3.8978400000000004,3.89467,1,1
18.08.2021 01:04:07.909,3.8978300000000004,3.8946800000000006,1,1
18.08.2021 01:04:15.707,3.89772,3.89467,1,1
18.08.2021 01:04:24.117,3.8976900000000003,3.89452,1,1
18.08.2021 01:04:24.319,3.8976900000000003,3.89452,1,1
18.08.2021 01:04:24.521,3.8976900000000003,3.89452,1,1
18.08.2021 01:04:29.833,3.8976900000000003,3.89452,1,1
18.08.2021 01:04:38.658,3.8976800000000007,3.89451,1,1
18.08.2021 01:04:38.882,3.8976800000000007,3.89451,1,1
18.08.2021 01:04:45.958,3.89752,3.89435,1,1
18.08.2021 01:04:46.967,3.89751,3.89436,1,1
18.08.2021 01:04:52.243,3.89751,3.89436,1,1
18.08.2021 01:04:52.871,3.89727,3.8941500000000002,1,1.5
18.08.2021 01:04:53.266,3.89726,3.89416,1,1
18.08.2021 01:04:53.417,3.8978300000000004,3.89426,1.5,1
18.08.2021 01:04:53.467,3.8978300000000004,3.89434,1.5,1
18.08.2021 01:04:53.594,3.89806,3.8945000000000003,1,1.5
18.08.2021 01:04:53.781,3.8980699999999997,3.89461,1,1.5
18.08.2021 01:04:53.914,3.8980699999999997,3.8946800000000006,1,1
18.08.2021 01:04:53.964,3.8980699999999997,3.8943000000000003,1,1.5
18.08.2021 01:04:54.065,3.8980699999999997,3.8943900000000005,1,1.5
18.08.2021 01:04:59.683,3.89826,3.8943000000000003,1,1
18.08.2021 01:04:59.840,3.89825,3.89431,1,1
18.08.2021 01:05:01.118,3.89816,3.8942800000000006,1,1
18.08.2021 01:05:01.599,3.89816,3.89411,1,1
18.08.2021 01:05:04.392,3.89806,3.89416,1,1.5
18.08.2021 01:05:09.291,3.8981500000000002,3.89414,1,1.5
18.08.2021 01:05:10.396,3.89816,3.8941300000000005,1,1.5
18.08.2021 01:05:20.407,3.89781,3.89426,1,1.5
18.08.2021 01:05:30.418,3.89781,3.8942699999999997,1,1.5
18.08.2021 01:05:42.085,3.89782,3.8942300000000003,1.5,1.5
18.08.2021 01:05:42.285,3.89782,3.8942300000000003,1.5,1.5
18.08.2021 01:05:42.786,3.89782,3.8942300000000003,1.5,1.5
18.08.2021 01:05:42.971,3.89782,3.8942300000000003,1.5,1.5
18.08.2021 01:06:07.061,3.89782,3.89417,1.5,1.5
18.08.2021 01:07:05.736,3.8978,3.89417,1,1.5
18.08.2021 01:07:06.247,3.8978300000000004,3.89582,1,1
18.08.2021 01:07:06.297,3.8978400000000004,3.8956900000000005,1,1
18.08.2021 01:07:06.348,3.8978400000000004,3.8955300000000004,1,1
18.08.2021 01:07:06.449,3.8982900000000003,3.89495,1,1
18.08.2021 01:07:06.549,3.8981500000000002,3.89451,1,1.5
18.08.2021 01:07:06.613,3.8981500000000002,3.89451,1,1.5
18.08.2021 01:07:32.845,3.89814,3.8946,1,1.5
18.08.2021 01:08:09.548,3.89812,3.8946,1,1.5
18.08.2021 01:08:09.748,3.89812,3.8946,1,1.5
18.08.2021 01:08:09.950,3.89811,3.89461,1,1.5
18.08.2021 01:08:33.133,3.8979500000000002,3.8946,1,1.5
18.08.2021 01:08:48.644,3.8979500000000002,3.8946,1,1.5
18.08.2021 01:09:03.355,3.8979500000000002,3.89452,1,1.5
18.08.2021 01:09:04.426,3.89794,3.8945300000000005,1,1.5
18.08.2021 01:09:40.037,3.8979500000000002,3.8946,1,1.5
18.08.2021 01:09:51.566,3.89794,3.8946199999999997,1,1.5
18.08.2021 01:09:51.971,3.89794,3.8946199999999997,1,1.5
18.08.2021 01:09:52.566,3.8979300000000006,3.8948,1,1.5
18.08.2021 01:09:52.867,3.89794,3.8947900000000004,1,1.5
18.08.2021 01:09:53.365,3.89794,3.8947900000000004,1,1.5
18.08.2021 01:09:53.476,3.89794,3.8947900000000004,1,1.5
18.08.2021 01:09:54.774,3.8979300000000006,3.8948,1,1.5
18.08.2021 01:09:54.974,3.8979300000000006,3.8948,1,1.5
18.08.2021 01:10:07.366,3.89811,3.8947900000000004,1,1.5
18.08.2021 01:10:07.567,3.89811,3.8947900000000004,1,1.5
18.08.2021 01:10:09.172,3.89811,3.8947900000000004,1,1.5
18.08.2021 01:10:18.224,3.8981000000000003,3.8947900000000004,1,1.5
18.08.2021 01:11:00.645,3.8981000000000003,3.89492,1.5,1
18.08.2021 01:11:01.216,3.8981000000000003,3.8948199999999997,1.5,1.5
18.08.2021 01:11:01.267,3.8981000000000003,3.8948199999999997,1.5,1.5
18.08.2021 01:11:15.423,3.8981000000000003,3.8948199999999997,1.5,1
18.08.2021 01:11:32.573,3.89792,3.8948300000000007,1,1
18.08.2021 01:11:32.967,3.89792,3.89466,1,1.5
18.08.2021 01:11:33.017,3.8979300000000006,3.8946500000000004,1,1.12
18.08.2021 01:11:39.380,3.8979300000000006,3.8946500000000004,1,1.5
18.08.2021 01:11:51.529,3.8979300000000006,3.8946500000000004,1,1.5
18.08.2021 01:11:58.390,3.8979300000000006,3.8946500000000004,1,1.5
18.08.2021 01:11:58.792,3.89792,3.89466,1,1.5
18.08.2021 01:11:58.993,3.8979300000000006,3.8946500000000004,1,1.5
18.08.2021 01:11:59.414,3.8979300000000006,3.8946500000000004,1,1.5
18.08.2021 01:12:03.039,3.8979300000000006,3.8946500000000004,1,1.5
18.08.2021 01:12:09.892,3.89792,3.89466,1,1.5
18.08.2021 01:12:12.787,3.898,3.8946500000000004,1,1.12
18.08.2021 01:12:12.942,3.8979900000000005,3.89466,1,1.5
18.08.2021 01:12:14.475,3.898,3.8946500000000004,1,1.5
18.08.2021 01:12:23.755,3.8979900000000005,3.89466,1,1.5
18.08.2021 01:12:27.249,3.898,3.8946500000000004,1,1.5
18.08.2021 01:12:35.050,3.8979900000000005,3.89466,1,1.5
18.08.2021 01:13:03.975,3.8979900000000005,3.89466,1,1.5
18.08.2021 01:13:04.653,3.8979900000000005,3.89466,1,1.5
18.08.2021 01:13:50.444,3.8980300000000003,3.8946500000000004,1,1.5
18.08.2021 01:14:00.064,3.89802,3.89466,1,1.5
18.08.2021 01:14:00.268,3.89802,3.8948300000000007,1,1.5
18.08.2021 01:14:37.152,3.8981900000000005,3.8948199999999997,1,1.5
18.08.2021 01:14:39.649,3.8981900000000005,3.8948199999999997,1,1.5
18.08.2021 01:14:40.561,3.8981800000000004,3.8948300000000007,1,1.5
18.08.2021 01:14:47.715,3.8981900000000005,3.8948199999999997,1,1.5
18.08.2021 01:14:55.549,3.8981900000000005,3.8948199999999997,1,1.5
18.08.2021 01:15:01.560,3.8979900000000005,3.8948199999999997,1,1
18.08.2021 01:15:01.610,3.8979900000000005,3.8946500000000004,1,1.5
18.08.2021 01:15:03.045,3.8979900000000005,3.8946500000000004,1,1.12
18.08.2021 01:15:06.871,3.8979800000000004,3.89466,1,1.5
18.08.2021 01:15:09.462,3.8979900000000005,3.8946500000000004,1,1.5
18.08.2021 01:15:23.837,3.8979900000000005,3.8946500000000004,1,1.5
18.08.2021 01:15:24.039,3.8979800000000004,3.89466,1,1.5
18.08.2021 01:15:24.720,3.8979900000000005,3.8946500000000004,1,1.12
18.08.2021 01:15:25.897,3.8979900000000005,3.8946500000000004,1,1.12
18.08.2021 01:15:32.553,3.89781,3.8944199999999998,1,1.5
18.08.2021 01:15:32.661,3.89781,3.8944199999999998,1,1.5
18.08.2021 01:15:35.757,3.89781,3.8944199999999998,1,1.5
18.08.2021 01:15:56.325,3.89781,3.8944199999999998,1,1.5
18.08.2021 01:16:00.363,3.89781,3.8944199999999998,1,1.5
18.08.2021 01:16:00.565,3.89781,3.8944199999999998,1,1.5
18.08.2021 01:16:00.768,3.8978,3.8944300000000003,1,1.5
18.08.2021 01:16:35.550,3.89772,3.89441,1,1.5
18.08.2021 01:16:35.807,3.89772,3.89425,1,1.5
18.08.2021 01:16:36.665,3.89772,3.89425,1,1.5
18.08.2021 01:16:40.209,3.8975800000000005,3.89425,1,1.5
18.08.2021 01:16:46.998,3.89774,3.89445,1,1.5
18.08.2021 01:16:47.374,3.8977500000000003,3.8944400000000003,1,1.5
18.08.2021 01:17:00.350,3.8977500000000003,3.89454,1,1.5
18.08.2021 01:17:00.506,3.8977500000000003,3.89454,1,1.5
18.08.2021 01:18:00.711,3.8979300000000006,3.89457,1,1.5
18.08.2021 01:18:10.482,3.8979300000000006,3.89457,1,1.5
18.08.2021 01:18:15.109,3.89812,3.89475,1,1.5
18.08.2021 01:18:17.841,3.89811,3.89475,1,1.5
18.08.2021 01:18:23.152,3.89812,3.8947400000000005,1,1.5
18.08.2021 01:18:23.471,3.89812,3.8947400000000005,1,1.5
18.08.2021 01:18:24.215,3.89812,3.8947400000000005,1,1.5
18.08.2021 01:18:24.511,3.89812,3.8947400000000005,1,1.5
18.08.2021 01:18:25.473,3.89791,3.8947400000000005,1,1
18.08.2021 01:18:25.524,3.8979000000000004,3.89475,1,1.5
18.08.2021 01:18:29.784,3.8980400000000004,3.8947400000000005,1,1.5
18.08.2021 01:18:36.164,3.8980300000000003,3.89475,1,1.5
18.08.2021 01:18:37.856,3.8980400000000004,3.89466,1,1.5
18.08.2021 01:18:38.057,3.8980300000000003,3.89467,1,1.5
18.08.2021 01:19:00.745,3.89782,3.8944300000000003,1.5,1.5
18.08.2021 01:19:00.795,3.89802,3.8955100000000003,1,1
18.08.2021 01:19:00.896,3.89821,3.8949400000000005,1,1
18.08.2021 01:19:00.947,3.8981800000000004,3.89509,1,1
18.08.2021 01:19:01.222,3.8981800000000004,3.8947800000000004,1,1.5
18.08.2021 01:19:30.156,3.8981800000000004,3.8946,1,1.5
18.08.2021 01:19:30.948,3.8981800000000004,3.8946,1,1.5
18.08.2021 01:19:31.138,3.8981800000000004,3.8946,1,1.5
18.08.2021 01:19:42.749,3.8981800000000004,3.8946,1,1.5
18.08.2021 01:19:42.951,3.8981800000000004,3.8946,1,1.5
18.08.2021 01:19:48.886,3.8981800000000004,3.8946400000000003,1,1
18.08.2021 01:20:12.185,3.89817,3.89477,1,1.5
18.08.2021 01:20:15.046,3.89817,3.89477,1,1.5
18.08.2021 01:20:16.751,3.8983300000000005,3.89489,1,1.5
18.08.2021 01:20:17.342,3.89834,3.8948800000000006,1,1.5
18.08.2021 01:20:26.125,3.8983300000000005,3.8948800000000006,1,1.5
18.08.2021 01:20:26.325,3.89834,3.89487,1,1.5
18.08.2021 01:20:38.569,3.89834,3.89487,1,1.5
18.08.2021 01:20:59.933,3.89834,3.89489,1,1.5
18.08.2021 01:21:00.515,3.89816,3.89489,1,1.5
18.08.2021 01:21:05.236,3.89816,3.89487,1,1.5
18.08.2021 01:21:05.438,3.89816,3.89487,1,1.5
18.08.2021 01:21:08.113,3.89816,3.89487,1,1.5
18.08.2021 01:21:11.472,3.8981500000000002,3.89487,1,1.5
18.08.2021 01:21:11.675,3.8981500000000002,3.89467,1,1.5
18.08.2021 01:21:24.106,3.89811,3.89466,1,1.5
18.08.2021 01:21:25.940,3.89811,3.89466,1,1.5
18.08.2021 01:21:40.607,3.8979800000000004,3.89467,1,1.5
18.08.2021 01:21:58.712,3.8979800000000004,3.89467,1,1.5
18.08.2021 01:22:57.851,3.8979900000000005,3.8946400000000003,1,1.5
18.08.2021 01:22:58.217,3.898,3.8946300000000003,1,1.5
18.08.2021 01:22:59.051,3.898,3.89446,1,1.5
18.08.2021 01:23:00.259,3.898,3.89452,1,1.5
18.08.2021 01:23:09.948,3.898,3.8944800000000006,1,1.5
18.08.2021 01:23:13.062,3.8979900000000005,3.8944900000000002,1,1.5
18.08.2021 01:23:14.107,3.898,3.8946800000000006,1,1.5
18.08.2021 01:23:14.571,3.898,3.8946800000000006,1,1.5
18.08.2021 01:24:14.354,3.89805,3.89461,1,1.5
18.08.2021 01:24:24.083,3.89805,3.89455,1,1.5
18.08.2021 01:24:38.277,3.8980300000000003,3.8946300000000003,1,1.5
18.08.2021 01:24:41.345,3.8980300000000003,3.8946300000000003,1,1.5
18.08.2021 01:24:48.049,3.89802,3.8946400000000003,1,1.5
18.08.2021 01:25:13.104,3.8980300000000003,3.89437,1,1.5
18.08.2021 01:25:16.854,3.89802,3.8943800000000004,1,1.5
18.08.2021 01:25:18.062,3.8980300000000003,3.89437,1,1.5
18.08.2021 01:25:19.542,3.89802,3.8943800000000004,1,1.5
18.08.2021 01:25:22.017,3.89802,3.8943800000000004,1,1.5
18.08.2021 01:25:25.707,3.8980300000000003,3.89437,1,1.5
18.08.2021 01:25:29.433,3.89802,3.8943800000000004,1,1.5
18.08.2021 01:25:34.388,3.89801,3.89437,1,1.5
18.08.2021 01:25:41.760,3.8978400000000004,3.89437,1,1.5
18.08.2021 01:25:42.566,3.8978400000000004,3.89437,1,1.5
18.08.2021 01:25:50.552,3.8978400000000004,3.89437,1,1.5
18.08.2021 01:25:54.918,3.8978300000000004,3.8943800000000004,1,1.5
18.08.2021 01:25:56.288,3.8978400000000004,3.89437,1,1.5
18.08.2021 01:26:12.313,3.8978400000000004,3.89437,1,1.5
18.08.2021 01:26:12.546,3.8978400000000004,3.89437,1,1.5
18.08.2021 01:26:12.748,3.8978400000000004,3.8942400000000004,1,1.5
18.08.2021 01:26:42.123,3.89766,3.8942400000000004,1,1.5
18.08.2021 01:26:42.325,3.89766,3.8942400000000004,1,1.5
18.08.2021 01:27:12.563,3.89766,3.8942400000000004,1,1.5
18.08.2021 01:27:14.605,3.89765,3.89425,1,1.5
18.08.2021 01:27:22.772,3.8976699999999997,3.8942400000000004,1,1.5
18.08.2021 01:27:24.050,3.8976699999999997,3.8942400000000004,1,1.5
18.08.2021 01:27:29.616,3.8974900000000003,3.89401,1,1.5
18.08.2021 01:27:48.157,3.8974900000000003,3.89401,1,1.5
18.08.2021 01:27:48.358,3.8974800000000003,3.89402,1,1.5
18.08.2021 01:28:00.210,3.8974900000000003,3.89401,1,1.5
18.08.2021 01:28:04.751,3.8974900000000003,3.89401,1,1.5
18.08.2021 01:28:08.850,3.89745,3.89402,1,1.5
18.08.2021 01:28:16.129,3.89746,3.89401,1,1.5
18.08.2021 01:28:18.751,3.89746,3.89401,1,1.5
18.08.2021 01:28:25.707,3.89746,3.89401,1,1.5
18.08.2021 01:28:25.777,3.89746,3.89401,1,1.5
18.08.2021 01:29:00.717,3.8976400000000004,3.89417,1,1.5
18.08.2021 01:29:01.622,3.8976400000000004,3.8940800000000007,1,1.5
18.08.2021 01:29:01.808,3.8976400000000004,3.8942800000000006,1,1.5
18.08.2021 01:29:19.982,3.8976400000000004,3.8942800000000006,1,1.5
18.08.2021 01:29:20.185,3.8976300000000004,3.8942900000000003,1,1.5
18.08.2021 01:29:38.212,3.8976300000000004,3.8940900000000003,1,1.62
18.08.2021 01:29:39.025,3.8976400000000004,3.8940800000000007,1,1.62
18.08.2021 01:29:43.106,3.8976400000000004,3.8940900000000003,1,1.62
18.08.2021 01:29:43.452,3.89765,3.8940800000000007,1,1.62
18.08.2021 01:29:51.236,3.8974400000000005,3.89421,1,1.5
18.08.2021 01:29:51.982,3.8976,3.89421,1,1.5
18.08.2021 01:29:52.221,3.8976,3.89421,1,1.5
18.08.2021 01:29:53.044,3.8976,3.89421,1,1.5
18.08.2021 01:29:54.093,3.8975900000000006,3.89422,1,1.5
18.08.2021 01:29:57.346,3.8976800000000007,3.89422,1,1.5
18.08.2021 01:30:00.253,3.8976900000000003,3.89421,1,1.5
18.08.2021 01:30:00.658,3.8976800000000007,3.89422,1,1.5
18.08.2021 01:30:01.227,3.8976900000000003,3.89421,1,1.5
18.08.2021 01:30:01.965,3.8976900000000003,3.89421,1,1.5
18.08.2021 01:30:02.165,3.8976900000000003,3.89421,1,1.5
18.08.2021 01:30:02.417,3.8975900000000006,3.89422,1,1.5
18.08.2021 01:30:05.808,3.89751,3.8941000000000003,1,1.5
18.08.2021 01:30:05.909,3.89751,3.89401,1,1.5
18.08.2021 01:30:06.184,3.8975000000000004,3.89402,1,1.5
18.08.2021 01:30:07.973,3.8975000000000004,3.89402,1,1.5
18.08.2021 01:30:08.387,3.8975000000000004,3.89402,1,1.5
18.08.2021 01:30:09.971,3.8975000000000004,3.89402,1,1.5
18.08.2021 01:30:11.849,3.89751,3.89401,1,1.5
18.08.2021 01:30:11.985,3.89751,3.89401,1,1.5
18.08.2021 01:30:12.184,3.89751,3.89401,1,1.5
18.08.2021 01:30:13.281,3.89751,3.89401,1,1.5
18.08.2021 01:30:17.025,3.89751,3.89401,1,1.5
18.08.2021 01:30:17.601,3.8976900000000003,3.89417,1,1.5
18.08.2021 01:30:23.686,3.89766,3.8942699999999997,1,1.5
18.08.2021 01:30:23.887,3.89766,3.8942699999999997,1,1.5
18.08.2021 01:30:25.750,3.8978400000000004,3.8942699999999997,1,1.5
18.08.2021 01:30:25.868,3.8978300000000004,3.8942800000000006,1,1.5
18.08.2021 01:30:26.311,3.8978300000000004,3.8942800000000006,1,1.5
18.08.2021 01:30:26.511,3.8978300000000004,3.8942800000000006,1,1.5
18.08.2021 01:30:33.062,3.8978400000000004,3.8942699999999997,1,1.5
18.08.2021 01:30:40.163,3.8978400000000004,3.8942699999999997,1,1.5
18.08.2021 01:30:47.051,3.8978400000000004,3.8942699999999997,1,1.5
18.08.2021 01:30:48.250,3.8978300000000004,3.8942800000000006,1,1.5
18.08.2021 01:30:58.732,3.8978300000000004,3.8943900000000005,1,1.5
18.08.2021 01:30:58.935,3.8978300000000004,3.8943900000000005,1,1.5
18.08.2021 01:30:59.138,3.8978400000000004,3.8943800000000004,1,1.5
18.08.2021 01:31:09.945,3.8978400000000004,3.8943800000000004,1,1.5
18.08.2021 01:31:10.799,3.8978400000000004,3.8943800000000004,1,1.5
18.08.2021 01:31:19.550,3.8979300000000006,3.8944800000000006,1,1.5
18.08.2021 01:31:20.235,3.8979300000000006,3.8944800000000006,1,1.5
18.08.2021 01:31:40.744,3.89762,3.89417,1,1.5
18.08.2021 01:31:40.937,3.89752,3.8941800000000004,1,1.5
18.08.2021 01:31:43.313,3.8974400000000005,3.8940900000000003,1,1.5
18.08.2021 01:31:45.534,3.8974400000000005,3.8939300000000006,1,1.5
18.08.2021 01:31:46.117,3.8974400000000005,3.89392,1,1.5
18.08.2021 01:31:48.961,3.8974400000000005,3.89405,1,1.5
18.08.2021 01:31:51.324,3.8974400000000005,3.89405,1,1.5
18.08.2021 01:32:09.209,3.8974400000000005,3.89405,1,1.5
18.08.2021 01:32:15.519,3.89725,3.89406,1,1.12
18.08.2021 01:32:18.712,3.89726,3.8937900000000005,1,1.5
18.08.2021 01:32:18.917,3.8971500000000003,3.8937900000000005,1,1.5
18.08.2021 01:32:20.191,3.8971500000000003,3.8937900000000005,1,1.5
18.08.2021 01:32:27.656,3.8971500000000003,3.8938800000000007,1,1.5
18.08.2021 01:32:28.055,3.8971500000000003,3.8938800000000007,1,1.5
18.08.2021 01:32:28.543,3.8971500000000003,3.8938800000000007,1,1.5
18.08.2021 01:32:40.574,3.8971500000000003,3.8938800000000007,1,1.5
18.08.2021 01:32:40.778,3.8971500000000003,3.8938800000000007,1,1
18.08.2021 01:32:40.939,3.8971500000000003,3.8938800000000007,1,1.5
18.08.2021 01:32:58.328,3.8971400000000003,3.8938900000000003,1,1.5
18.08.2021 01:33:00.619,3.8971500000000003,3.8938800000000007,1,1.5
18.08.2021 01:33:03.476,3.8971500000000003,3.8938800000000007,1,1.5
18.08.2021 01:33:07.924,3.8971500000000003,3.8938800000000007,1,1.5
18.08.2021 01:33:10.250,3.8971500000000003,3.8938800000000007,1,1.5
18.08.2021 01:33:19.079,3.8973,3.8938,1,1.5
18.08.2021 01:33:19.184,3.8973,3.8938,1,1.5
18.08.2021 01:33:28.705,3.8973,3.8937500000000003,1,1.5
18.08.2021 01:33:30.552,3.8973,3.89391,1,1.5
18.08.2021 01:33:37.016,3.8973,3.89391,1,1.5
18.08.2021 01:33:39.380,3.8974400000000005,3.89392,1,1.5
18.08.2021 01:33:39.577,3.8974699999999998,3.89391,1,1.5
18.08.2021 01:33:42.534,3.8974699999999998,3.89391,1,1.5
18.08.2021 01:33:58.311,3.89746,3.89392,1,1.5
18.08.2021 01:34:07.655,3.89746,3.89392,1,1.5
18.08.2021 01:34:27.743,3.89746,3.89412,1,1.5
18.08.2021 01:34:32.383,3.8974699999999998,3.89411,1,1.5
18.08.2021 01:35:00.828,3.8974800000000003,3.89412,1,1.5
18.08.2021 01:35:03.779,3.8976699999999997,3.89411,1,1.5
18.08.2021 01:35:05.561,3.8976699999999997,3.89411,1,1.5
18.08.2021 01:35:13.948,3.8976699999999997,3.89411,1,1.5
18.08.2021 01:35:14.149,3.89766,3.89412,1,1.5
18.08.2021 01:35:39.178,3.89766,3.89412,1,1.5
18.08.2021 01:35:49.396,3.8976699999999997,3.89411,1,1.5
18.08.2021 01:35:50.354,3.8976699999999997,3.89411,1,1.5
18.08.2021 01:36:07.159,3.89765,3.89411,1,1.5
18.08.2021 01:36:07.361,3.89765,3.8942400000000004,1,1.5
18.08.2021 01:36:25.603,3.8978300000000004,3.8942400000000004,1,1.5
18.08.2021 01:36:37.850,3.89782,3.89425,1,1.5
18.08.2021 01:37:07.726,3.8978300000000004,3.8942400000000004,1,1.5
18.08.2021 01:37:07.928,3.89782,3.89425,1,1.5
18.08.2021 01:37:11.963,3.89774,3.8942400000000004,1,1.5
18.08.2021 01:37:13.471,3.89774,3.8942400000000004,1,1.5
18.08.2021 01:37:13.722,3.8976,3.8942400000000004,1,1.5
18.08.2021 01:37:13.875,3.8976300000000004,3.8942400000000004,1,1.5
18.08.2021 01:37:16.546,3.8976300000000004,3.8942400000000004,1,1.5
18.08.2021 01:37:32.827,3.8976300000000004,3.8942400000000004,1,1.5
18.08.2021 01:37:40.552,3.8976300000000004,3.8942400000000004,1,1.5
18.08.2021 01:37:57.005,3.8976300000000004,3.8942400000000004,1,1.5
18.08.2021 01:37:58.270,3.8976300000000004,3.8942400000000004,1,1.5
18.08.2021 01:38:31.137,3.89777,3.8945900000000004,1,1.5
18.08.2021 01:38:31.314,3.89777,3.8945900000000004,1,1.5
18.08.2021 01:38:31.520,3.89776,3.8946,1,1.5
18.08.2021 01:38:36.400,3.89776,3.8946,1,1.5
18.08.2021 01:39:00.043,3.8979500000000002,3.89451,1,1.5
18.08.2021 01:39:04.839,3.89794,3.8946199999999997,1,1.5
18.08.2021 01:39:05.039,3.8979500000000002,3.89461,1,1.5
18.08.2021 01:39:05.242,3.8979500000000002,3.89461,1,1.5
18.08.2021 01:39:05.443,3.8979500000000002,3.89461,1,1.5
18.08.2021 01:39:12.763,3.89794,3.8946300000000003,1,1.5
18.08.2021 01:39:19.839,3.89794,3.8946300000000003,1,1.5
18.08.2021 01:39:28.571,3.8979500000000002,3.89455,1,1.5
18.08.2021 01:39:34.492,3.8979500000000002,3.89455,1,1.5
18.08.2021 01:39:39.073,3.8979500000000002,3.89455,1,1.5
18.08.2021 01:39:42.387,3.8979500000000002,3.89455,1,1.5
18.08.2021 01:39:47.261,3.8977800000000005,3.89432,1,1.5
18.08.2021 01:39:57.302,3.89777,3.8943300000000005,1,1.5
18.08.2021 01:39:57.801,3.8977800000000005,3.89432,1,1.5
18.08.2021 01:40:06.384,3.8977800000000005,3.89432,1,1.5
18.08.2021 01:40:13.417,3.8977800000000005,3.89435,1,1.5
18.08.2021 01:40:18.818,3.8977800000000005,3.89435,1,1.5
18.08.2021 01:40:20.012,3.89777,3.89436,1,1.5
18.08.2021 01:40:23.455,3.89791,3.89436,1,1.5
18.08.2021 01:40:23.653,3.89791,3.89436,1,1.5
18.08.2021 01:40:23.854,3.89791,3.89436,1,1.5
18.08.2021 01:40:24.073,3.89792,3.89435,1,1.5
18.08.2021 01:40:39.784,3.89792,3.89435,1,1.5
18.08.2021 01:40:41.103,3.89791,3.89436,1,1.5
18.08.2021 01:40:42.094,3.89792,3.89435,1,1.5
18.08.2021 01:40:42.316,3.89792,3.89435,1,1.5
18.08.2021 01:40:43.724,3.89796,3.89435,1,1.5
18.08.2021 01:40:45.049,3.8979500000000002,3.89436,1,1.5
18.08.2021 01:40:45.216,3.89796,3.89435,1,1.5
18.08.2021 01:40:45.418,3.8979500000000002,3.89436,1,1.5
18.08.2021 01:40:45.624,3.89796,3.89455,1,1.5
18.08.2021 01:40:56.379,3.89814,3.89455,1,1.5
18.08.2021 01:40:57.223,3.89814,3.89455,1,1.5
18.08.2021 01:40:57.425,3.89814,3.89455,1,1.5
18.08.2021 01:41:21.596,3.89796,3.89455,1,1.5
18.08.2021 01:41:21.839,3.8979500000000002,3.8945600000000002,1,1.5
18.08.2021 01:41:25.495,3.89794,3.89435,1,1.5
18.08.2021 01:41:25.739,3.89777,3.89436,1,1.5
18.08.2021 01:41:42.347,3.89777,3.89435,1,1.5
18.08.2021 01:41:42.550,3.89777,3.89435,1,1.5
18.08.2021 01:41:49.986,3.8977800000000005,3.89421,1,1.5
18.08.2021 01:41:51.409,3.89777,3.89422,1,1.5
18.08.2021 01:41:56.226,3.8977800000000005,3.89421,1,1.5
18.08.2021 01:43:08.328,3.8978900000000003,3.8942400000000004,1,1
18.08.2021 01:43:08.525,3.8979000000000004,3.8942300000000003,1,1
18.08.2021 01:43:12.242,3.8979000000000004,3.8942300000000003,1,1
18.08.2021 01:43:25.922,3.89791,3.8943800000000004,1,1.5
18.08.2021 01:43:28.703,3.8979000000000004,3.8943900000000005,1,1.5
18.08.2021 01:44:04.847,3.89791,3.8942800000000006,1,1.5
18.08.2021 01:44:05.048,3.89791,3.8942800000000006,1,1.5
18.08.2021 01:44:09.935,3.89791,3.8942800000000006,1,1.5
18.08.2021 01:44:12.642,3.89791,3.8942800000000006,1,1.5
18.08.2021 01:44:12.842,3.89791,3.8942800000000006,1,1.5
18.08.2021 01:44:26.053,3.89794,3.8942800000000006,1,1.5
18.08.2021 01:44:27.668,3.89794,3.8942800000000006,1,1.5
18.08.2021 01:44:41.648,3.8979300000000006,3.8942900000000003,1,1.5
18.08.2021 01:44:43.252,3.8979300000000006,3.8942900000000003,1,1.5
18.08.2021 01:44:58.377,3.89794,3.8942800000000006,1,1.5
18.08.2021 01:45:00.586,3.89794,3.8942800000000006,1,1.5
18.08.2021 01:45:00.787,3.8977500000000003,3.8942800000000006,1,1.5
18.08.2021 01:45:02.312,3.89774,3.8942900000000003,1,1.5
18.08.2021 01:45:06.972,3.8977500000000003,3.8942800000000006,1,1.5
18.08.2021 01:45:18.983,3.8977500000000003,3.8942800000000006,1,1.5
18.08.2021 01:45:19.732,3.89756,3.8942800000000006,1,1.5
18.08.2021 01:45:19.933,3.8973800000000005,3.89391,1,1.5
18.08.2021 01:45:23.002,3.8973800000000005,3.8937900000000005,1,1.5
18.08.2021 01:45:23.210,3.89766,3.8936400000000004,1,1.5
18.08.2021 01:45:26.662,3.89742,3.8937900000000005,1,1.5
18.08.2021 01:45:26.867,3.89726,3.8937900000000005,1,1.5
18.08.2021 01:45:27.067,3.89739,3.8937900000000005,1,1.5
18.08.2021 01:45:27.268,3.89725,3.8937900000000005,1,1.5
18.08.2021 01:45:28.196,3.89721,3.8937300000000006,1,1.5
18.08.2021 01:45:28.358,3.89726,3.89376,1,1.5
18.08.2021 01:45:28.801,3.89736,3.89376,1,1.5
18.08.2021 01:45:28.966,3.89736,3.89376,1,1.5
18.08.2021 01:45:29.165,3.8973500000000003,3.89377,1,1.5
18.08.2021 01:45:29.368,3.8973500000000003,3.89377,1,1.5
18.08.2021 01:45:29.537,3.89736,3.8936900000000003,1,1.5
18.08.2021 01:45:33.074,3.8975000000000004,3.8936900000000003,1,1.5
18.08.2021 01:45:33.316,3.89765,3.8936900000000003,1,1.5
18.08.2021 01:45:33.517,3.89726,3.8935900000000006,1,1
18.08.2021 01:45:33.718,3.8972400000000005,3.8935900000000006,1,1
18.08.2021 01:45:34.110,3.89725,3.8935000000000004,1,1
18.08.2021 01:45:34.275,3.89725,3.8935000000000004,1,1
18.08.2021 01:45:34.478,3.8972400000000005,3.8936100000000002,1,1
18.08.2021 01:45:34.679,3.89725,3.8935000000000004,1,1
18.08.2021 01:45:34.880,3.89727,3.8936100000000002,1,1
18.08.2021 01:45:35.132,3.89726,3.8936100000000002,1,1
18.08.2021 01:45:35.334,3.89726,3.89351,1,1
18.08.2021 01:45:35.486,3.89726,3.89351,1,1
18.08.2021 01:45:35.687,3.89727,3.8936,1,1
18.08.2021 01:45:35.888,3.89727,3.8935000000000004,1,1
18.08.2021 01:45:36.089,3.89727,3.8936,1,1
18.08.2021 01:45:36.267,3.8975500000000003,3.8935000000000004,1,1
18.08.2021 01:45:36.469,3.89726,3.8936100000000002,1,1
18.08.2021 01:45:36.671,3.89727,3.8935000000000004,1,1
18.08.2021 01:45:36.873,3.89727,3.8936,1,1
18.08.2021 01:45:37.073,3.89727,3.8935000000000004,1,1
18.08.2021 01:45:37.276,3.89726,3.8936100000000002,1,1
18.08.2021 01:45:37.490,3.8975400000000002,3.8935000000000004,1,1
18.08.2021 01:45:37.677,3.89726,3.8936100000000002,1,1
18.08.2021 01:45:37.878,3.89727,3.8935000000000004,1,1
18.08.2021 01:45:38.080,3.89726,3.8936800000000007,1.5,1.5
18.08.2021 01:45:38.283,3.89726,3.8936800000000007,1,1.5
18.08.2021 01:45:39.535,3.89731,3.8936699999999997,1,1.5
18.08.2021 01:45:39.692,3.89751,3.8936699999999997,1,1.5
18.08.2021 01:45:39.893,3.8971800000000005,3.8936699999999997,1,1.5
18.08.2021 01:45:40.093,3.89736,3.8936800000000007,1,1.5
18.08.2021 01:45:40.294,3.8971800000000005,3.8936699999999997,1,1.5
18.08.2021 01:45:40.496,3.89722,3.89357,1,1
18.08.2021 01:45:40.747,3.89717,3.8935500000000003,1,1.5
18.08.2021 01:45:40.902,3.89717,3.8935500000000003,1,1.5
18.08.2021 01:45:41.103,3.89716,3.89356,1,1.5
18.08.2021 01:45:41.269,3.89716,3.89356,1,1.5
18.08.2021 01:45:41.472,3.89717,3.8935500000000003,1,1.5
18.08.2021 01:45:41.522,3.8971800000000005,3.8935500000000003,1,1.5
18.08.2021 01:45:41.758,3.8973500000000003,3.89356,1,1.5
18.08.2021 01:45:41.961,3.89717,3.8935500000000003,1,1.5
18.08.2021 01:45:42.164,3.89736,3.8935500000000003,1,1.5
18.08.2021 01:45:42.365,3.8971500000000003,3.8935500000000003,1,1.5
18.08.2021 01:45:42.566,3.8971800000000005,3.8936,1,1
18.08.2021 01:45:42.985,3.8971400000000003,3.8935800000000005,1,1.5
18.08.2021 01:45:43.191,3.8971400000000003,3.8935800000000005,1,1.5
18.08.2021 01:45:43.393,3.8971400000000003,3.8935800000000005,1,1.5
18.08.2021 01:45:43.753,3.8971400000000003,3.8935800000000005,1,1.5
18.08.2021 01:45:43.961,3.8974699999999998,3.8935800000000005,1,1.5
18.08.2021 01:45:44.155,3.8971400000000003,3.8935800000000005,1,1.5
18.08.2021 01:45:44.404,3.8974699999999998,3.8934800000000003,1,1
18.08.2021 01:45:44.557,3.89716,3.89352,1,1
18.08.2021 01:45:44.757,3.89717,3.89351,1,1
18.08.2021 01:45:47.772,3.8974699999999998,3.8934400000000005,1,1.5
18.08.2021 01:45:48.663,3.8972300000000004,3.8934400000000005,1,1.5
18.08.2021 01:45:48.869,3.89739,3.8934400000000005,1,1.5
18.08.2021 01:45:49.926,3.89706,3.8935300000000006,1,1.5
18.08.2021 01:45:50.137,3.89706,3.8935300000000006,1,1.5
18.08.2021 01:45:50.338,3.89706,3.89352,1,1.5
18.08.2021 01:45:50.539,3.89706,3.8935300000000006,1,1.5
18.08.2021 01:45:50.772,3.89705,3.8935400000000002,1,1.5
18.08.2021 01:45:50.936,3.89711,3.8935300000000006,1,1.5
18.08.2021 01:45:51.161,3.89711,3.8935300000000006,1,1.5
18.08.2021 01:45:51.312,3.8971,3.8935400000000002,1,1.5
18.08.2021 01:45:51.363,3.89711,3.8935300000000006,1,1.5
18.08.2021 01:45:52.188,3.89746,3.8935300000000006,1,1.5
18.08.2021 01:45:54.943,3.89707,3.8935300000000006,1,1.5
18.08.2021 01:45:55.099,3.89707,3.8935300000000006,1,1.5
18.08.2021 01:45:55.299,3.89706,3.8935400000000002,1,1.5
18.08.2021 01:45:55.500,3.89707,3.8935300000000006,1,1.5
18.08.2021 01:45:55.952,3.89707,3.8935300000000006,1,1.5
18.08.2021 01:45:56.153,3.89707,3.8935300000000006,1,1.5
18.08.2021 01:45:56.500,3.89705,3.8935300000000006,1,1.5
18.08.2021 01:45:56.701,3.8970400000000005,3.8935400000000002,1,1.5
18.08.2021 01:45:56.902,3.8970400000000005,3.8935400000000002,1,1.5
18.08.2021 01:45:57.105,3.89705,3.8935300000000006,1,1.5
18.08.2021 01:45:57.327,3.89705,3.8935300000000006,1.5,1.5
18.08.2021 01:45:57.507,3.8970400000000005,3.8935400000000002,1.5,1.5
18.08.2021 01:45:57.709,3.8973800000000005,3.8935400000000002,1,1.5
18.08.2021 01:45:58.344,3.8970900000000004,3.8936100000000002,1,1.5
18.08.2021 01:45:58.552,3.8971,3.8936,1,1.5
18.08.2021 01:45:58.718,3.8971,3.8936,1,1.5
18.08.2021 01:45:58.919,3.8971,3.8936,1,1.5
18.08.2021 01:45:59.119,3.8971,3.8936,1,1.5
18.08.2021 01:45:59.561,3.8970900000000004,3.8936100000000002,1,1.5
18.08.2021 01:45:59.753,3.8971,3.8936,1,1.5
18.08.2021 01:45:59.959,3.8971,3.8936,1,1.5
18.08.2021 01:46:00.157,3.8970900000000004,3.8936100000000002,1,1.5
18.08.2021 01:46:00.366,3.8971,3.8936,1,1.5
18.08.2021 01:46:00.559,3.8972300000000004,3.8936,1,1.5
18.08.2021 01:46:00.761,3.89711,3.89345,1,1
18.08.2021 01:46:00.962,3.89739,3.8934400000000005,1,1.5
18.08.2021 01:46:01.294,3.89705,3.8934300000000004,1,1.5
18.08.2021 01:46:01.345,3.89705,3.8934300000000004,1,1.5
18.08.2021 01:46:01.505,3.8970400000000005,3.8934400000000005,1,1.5
18.08.2021 01:46:02.099,3.89705,3.8934300000000004,1,1.5
18.08.2021 01:46:02.453,3.89705,3.8934300000000004,1,1.5
18.08.2021 01:46:02.702,3.89705,3.8934300000000004,1,1.5
18.08.2021 01:46:02.856,3.89705,3.8934300000000004,1,1.5
18.08.2021 01:46:03.057,3.89705,3.8934300000000004,1,1.5
18.08.2021 01:46:03.258,3.8970400000000005,3.8934400000000005,1,1.5
18.08.2021 01:46:03.400,3.8970400000000005,3.8934400000000005,1,1.5
18.08.2021 01:46:03.632,3.8970400000000005,3.8935900000000006,1,1.5
18.08.2021 01:46:04.009,3.8970900000000004,3.8935800000000005,1,1
18.08.2021 01:46:04.225,3.8970300000000004,3.89352,1,1.5
18.08.2021 01:46:04.401,3.8970300000000004,3.89352,1,1.5
18.08.2021 01:46:04.603,3.8970400000000005,3.8935400000000002,1,1
18.08.2021 01:46:05.726,3.8972,3.8935500000000003,1,1
18.08.2021 01:46:07.315,3.8970400000000005,3.8934,1,1
18.08.2021 01:46:07.523,3.89705,3.8935400000000002,1,1
18.08.2021 01:46:07.674,3.8970400000000005,3.8934300000000004,1,1.5
18.08.2021 01:46:07.978,3.8970400000000005,3.8934300000000004,1,1.5
18.08.2021 01:46:08.180,3.8970000000000002,3.8933500000000003,1,1
18.08.2021 01:46:08.382,3.89697,3.89351,1,1
18.08.2021 01:46:08.964,3.8969800000000006,3.8935000000000004,1,1
18.08.2021 01:46:09.166,3.89702,3.8935000000000004,1,1
18.08.2021 01:46:10.529,3.89701,3.8935400000000002,1,1.5
18.08.2021 01:46:11.511,3.89717,3.8935000000000004,1,1
18.08.2021 01:46:11.712,3.8969800000000006,3.8935000000000004,1,1
18.08.2021 01:46:13.870,3.8970000000000002,3.89352,1,1
18.08.2021 01:46:14.073,3.89717,3.89351,1,1
18.08.2021 01:46:15.054,3.8971500000000003,3.89351,1,1
18.08.2021 01:46:15.220,3.89716,3.8935000000000004,1,1
18.08.2021 01:46:17.022,3.89716,3.8935000000000004,1,1
18.08.2021 01:46:17.264,3.8969800000000006,3.8934,1,1.5
18.08.2021 01:46:17.475,3.89697,3.8936400000000004,1,1.5
18.08.2021 01:46:17.690,3.89697,3.8936400000000004,1,1.5
18.08.2021 01:46:39.954,3.8970400000000005,3.89352,1,1.5
18.08.2021 01:46:47.318,3.8970400000000005,3.8934800000000003,1,1.5
18.08.2021 01:46:47.753,3.8970400000000005,3.8934800000000003,1,1.5
18.08.2021 01:46:50.255,3.8970300000000004,3.8934900000000003,1,1.5
18.08.2021 01:46:54.178,3.8970300000000004,3.8934100000000003,1,1
18.08.2021 01:47:05.452,3.8970400000000005,3.8934,1,1
18.08.2021 01:47:17.426,3.89676,3.8932300000000004,1,1.5
18.08.2021 01:47:23.593,3.89727,3.8936699999999997,1.6,1
18.08.2021 01:47:23.755,3.89731,3.89345,1.6,1.5
18.08.2021 01:47:24.928,3.8966900000000004,3.89374,1,1
18.08.2021 01:47:25.440,3.8967,3.8937500000000003,1,1
18.08.2021 01:47:27.344,3.8967,3.8937000000000004,1,1
18.08.2021 01:47:28.181,3.8967,3.89356,1,1.5
18.08.2021 01:47:34.398,3.8967,3.89386,1,1
18.08.2021 01:47:34.498,3.89676,3.89386,1,1
18.08.2021 01:47:37.604,3.89676,3.8937500000000003,1,1.12
18.08.2021 01:47:37.705,3.8967400000000003,3.89339,1,1.5
18.08.2021 01:47:38.389,3.8967400000000003,3.89372,1,1
18.08.2021 01:47:38.904,3.89676,3.8938300000000003,1,1
18.08.2021 01:47:40.063,3.8967500000000004,3.89372,1,1
18.08.2021 01:47:40.594,3.8967500000000004,3.8936699999999997,1,1
18.08.2021 01:47:41.417,3.8967500000000004,3.89346,1,1.5
18.08.2021 01:47:46.184,3.8967500000000004,3.89362,1,1
18.08.2021 01:47:47.466,3.8967500000000004,3.8937300000000006,1,1
18.08.2021 01:47:51.234,3.8967500000000004,3.8938699999999997,1,1
18.08.2021 01:47:51.285,3.8967500000000004,3.89372,1,1
18.08.2021 01:47:51.750,3.8967500000000004,3.8934800000000003,1,1.5
18.08.2021 01:47:53.314,3.8967400000000003,3.89351,1,1.5
18.08.2021 01:47:53.473,3.89657,3.8934,1,1.5
18.08.2021 01:47:53.677,3.89657,3.8934,1,1
18.08.2021 01:47:53.899,3.89657,3.8933400000000002,1,1.5
18.08.2021 01:47:54.061,3.89657,3.8933400000000002,1,1.5
18.08.2021 01:47:54.519,3.89656,3.8934800000000003,1,1
18.08.2021 01:47:54.823,3.89656,3.8936,1,1
18.08.2021 01:47:54.940,3.89657,3.8935400000000002,1,1
18.08.2021 01:47:55.854,3.89657,3.89336,1,1.5
18.08.2021 01:48:03.249,3.89657,3.8934699999999998,1,1
18.08.2021 01:48:03.300,3.89657,3.8933400000000002,1,1.5
18.08.2021 01:48:04.567,3.8963800000000006,3.89317,1,1
18.08.2021 01:48:04.741,3.8963800000000006,3.89317,1,1
18.08.2021 01:48:05.559,3.8962900000000005,3.8930900000000004,1,1.5
18.08.2021 01:48:09.206,3.8962800000000004,3.8929,1,1.5
18.08.2021 01:48:12.394,3.8962900000000005,3.8928900000000004,1,1.5
18.08.2021 01:48:12.594,3.8962900000000005,3.8928900000000004,1,1.5
18.08.2021 01:48:12.844,3.8962900000000005,3.8928900000000004,1,1.5
18.08.2021 01:48:13.252,3.8962900000000005,3.89271,1,1
18.08.2021 01:48:15.765,3.8960500000000002,3.8926300000000005,1,1.5
18.08.2021 01:48:20.052,3.8960500000000002,3.8926300000000005,1,1.5
18.08.2021 01:48:30.712,3.89604,3.89282,1,1.5
18.08.2021 01:48:30.883,3.8960500000000002,3.89281,1,1
18.08.2021 01:48:31.369,3.8960500000000002,3.8926300000000005,1,1.5
18.08.2021 01:48:39.672,3.8960500000000002,3.89276,1,1
18.08.2021 01:48:40.798,3.8960500000000002,3.89267,1,1.5
18.08.2021 01:48:41.449,3.8960500000000002,3.89276,1,1
18.08.2021 01:48:42.648,3.8960500000000002,3.8926300000000005,1,1.5
18.08.2021 01:48:43.180,3.8960500000000002,3.89276,1,1
18.08.2021 01:48:43.451,3.8960500000000002,3.89276,1,1
18.08.2021 01:48:44.828,3.89604,3.8926400000000005,1,1.5
18.08.2021 01:49:27.481,3.8958800000000005,3.8928000000000003,1,1
18.08.2021 01:49:28.285,3.8958800000000005,3.8926000000000003,1,1.5
18.08.2021 01:49:28.888,3.89575,3.8923800000000006,1,1.5
18.08.2021 01:49:29.260,3.89575,3.8926000000000003,1,1
18.08.2021 01:49:29.799,3.89575,3.8926000000000003,1,1.5
18.08.2021 01:49:31.549,3.89575,3.89277,1,1
18.08.2021 01:49:31.997,3.89575,3.89277,1,1
18.08.2021 01:49:32.706,3.8957400000000004,3.8925500000000004,1,1.5
18.08.2021 01:49:36.623,3.89575,3.8924600000000003,1,1.5
18.08.2021 01:49:36.798,3.8957400000000004,3.8926600000000002,1,1.5
18.08.2021 01:49:37.291,3.8957400000000004,3.89286,1,1
18.08.2021 01:49:43.455,3.89575,3.89299,1,1
18.08.2021 01:49:43.556,3.8958800000000005,3.8930000000000002,1,1
18.08.2021 01:49:43.880,3.8958800000000005,3.89299,1,1
18.08.2021 01:49:52.841,3.89591,3.8930000000000002,1,1
18.08.2021 01:49:53.005,3.89592,3.89281,1,1
18.08.2021 01:49:53.916,3.89592,3.89271,1,1.5
18.08.2021 01:49:54.545,3.89591,3.89271,1,1.5
18.08.2021 01:49:54.596,3.89591,3.89271,1,1.5
18.08.2021 01:49:54.800,3.89591,3.89271,1,1.5
18.08.2021 01:49:55.408,3.89591,3.89271,1,1.5
18.08.2021 01:49:59.805,3.89591,3.8927,1,1.5
18.08.2021 01:50:02.765,3.89591,3.8926900000000004,1,1.5
18.08.2021 01:50:06.938,3.89591,3.8928900000000004,1,1
18.08.2021 01:50:10.835,3.8960000000000004,3.89301,1,1.5
18.08.2021 01:50:10.886,3.8960000000000004,3.8931800000000005,1,1
18.08.2021 01:50:11.435,3.89601,3.89285,1,1.5
18.08.2021 01:50:11.536,3.8960000000000004,3.89276,1,1.5
18.08.2021 01:50:16.402,3.89591,3.89259,1,1.5
18.08.2021 01:50:23.273,3.89591,3.8928800000000003,1,1
18.08.2021 01:50:24.234,3.89591,3.8926900000000004,1,1.5
18.08.2021 01:50:24.914,3.8959,3.89259,1,1.5
18.08.2021 01:50:26.906,3.89591,3.8925800000000006,1,1.5
18.08.2021 01:50:32.552,3.89591,3.8927800000000006,1,1
18.08.2021 01:50:39.377,3.89591,3.8929,1,1
18.08.2021 01:50:40.454,3.89591,3.89277,1,1
18.08.2021 01:50:40.555,3.89591,3.8926400000000005,1,1.5
18.08.2021 01:51:11.551,3.89587,3.89276,1,1.12
18.08.2021 01:51:17.459,3.89587,3.8928800000000003,1,1
18.08.2021 01:51:19.552,3.8958800000000005,3.89287,1,1
18.08.2021 01:51:37.464,3.8958800000000005,3.89287,1,1
18.08.2021 01:51:38.942,3.8958800000000005,3.89279,1,1
18.08.2021 01:51:38.993,3.89592,3.8927199999999997,1,1.5
18.08.2021 01:51:40.593,3.8958900000000005,3.89276,1,1
18.08.2021 01:51:46.218,3.8958900000000005,3.8929500000000004,1,1
18.08.2021 01:52:01.261,3.8958800000000005,3.8928300000000005,1,1
18.08.2021 01:52:01.455,3.8958900000000005,3.89282,1,1
18.08.2021 01:52:01.572,3.8958900000000005,3.8926900000000004,1,1
18.08.2021 01:52:01.623,3.8958800000000005,3.89247,1,1.5
18.08.2021 01:52:02.119,3.8957,3.8924600000000003,1,1.5
18.08.2021 01:52:02.323,3.8957,3.8924600000000003,1,1.5
18.08.2021 01:52:02.922,3.8957,3.8924600000000003,1,1.5
18.08.2021 01:52:04.872,3.8957,3.89236,1,1.5
18.08.2021 01:52:05.466,3.8955100000000003,3.8924000000000003,1,1
18.08.2021 01:52:06.209,3.8955100000000003,3.89237,1,1.5
18.08.2021 01:52:06.285,3.8955,3.8925300000000003,1,1
18.08.2021 01:52:08.493,3.89567,3.8925199999999998,1,1.5
18.08.2021 01:52:10.813,3.89567,3.89242,1,1.5
18.08.2021 01:52:12.726,3.89567,3.89261,1,1
18.08.2021 01:52:14.053,3.89567,3.89261,1,1.5
18.08.2021 01:52:17.176,3.89567,3.8928300000000005,1,1
18.08.2021 01:52:17.277,3.89567,3.8927199999999997,1,1
18.08.2021 01:52:18.411,3.89566,3.8924900000000004,1,1.5
18.08.2021 01:52:19.027,3.89567,3.8927,1,1
18.08.2021 01:52:19.471,3.89567,3.8928800000000003,1,1
18.08.2021 01:52:31.214,3.8956800000000005,3.89301,1,1
18.08.2021 01:52:35.945,3.8956800000000005,3.8927500000000004,1,1
18.08.2021 01:52:35.996,3.8956800000000005,3.89261,1,1
18.08.2021 01:52:36.096,3.8956800000000005,3.8924900000000004,1,1.5
18.08.2021 01:52:36.260,3.8956800000000005,3.8924900000000004,1,1.5
18.08.2021 01:52:37.552,3.8956800000000005,3.8924900000000004,1,1.5
18.08.2021 01:52:38.572,3.89567,3.89262,1,1
18.08.2021 01:52:38.833,3.89566,3.8928300000000005,1,1
18.08.2021 01:52:41.576,3.89567,3.89282,1,1
18.08.2021 01:52:41.627,3.89567,3.8926800000000004,1,1
18.08.2021 01:52:41.778,3.89567,3.8926800000000004,1,1
18.08.2021 01:52:45.818,3.89567,3.89251,1,1
18.08.2021 01:52:45.869,3.89566,3.8923300000000003,1,1.5
18.08.2021 01:52:53.391,3.89567,3.89251,1,1
18.08.2021 01:52:53.622,3.89567,3.89227,1,1.5
18.08.2021 01:52:54.830,3.89566,3.8922800000000004,1,1.5
18.08.2021 01:52:55.523,3.89566,3.89232,1,1.5
18.08.2021 01:52:55.634,3.89566,3.89232,1,1.5
18.08.2021 01:52:55.764,3.89567,3.89231,1,1.5
