Gmt time,Ask,Bid,AskVolume,BidVolume
17.08.2021 00:00:00.295,3.8727300000000007,3.8697500000000002,1,1
17.08.2021 00:00:00.346,3.8727199999999997,3.8696,1,1
17.08.2021 00:00:01.023,3.8727199999999997,3.86982,1,1
17.08.2021 00:00:25.600,3.8727300000000007,3.86981,1,1.5
17.08.2021 00:00:30.253,3.8727199999999997,3.86982,1,1
17.08.2021 00:00:30.453,3.8727300000000007,3.86981,1,1.5
17.08.2021 00:00:36.693,3.8727199999999997,3.86982,1,1
17.08.2021 00:01:01.433,3.8727300000000007,3.8695900000000005,1,1.5
17.08.2021 00:01:16.075,3.8727300000000007,3.8695900000000005,1,1.5
17.08.2021 00:01:16.126,3.87286,3.86982,1,1.5
17.08.2021 00:01:16.176,3.87287,3.8698800000000007,1,1
17.08.2021 00:01:16.277,3.87287,3.8699800000000004,1,1
17.08.2021 00:01:18.575,3.8730300000000004,3.8699800000000004,1,1
17.08.2021 00:01:18.626,3.8730300000000004,3.8699800000000004,1,1.5
17.08.2021 00:01:18.828,3.8731500000000003,3.87015,1,1
17.08.2021 00:01:18.878,3.87316,3.8701800000000004,1,1.5
17.08.2021 00:01:19.011,3.8731500000000003,3.8702800000000006,1,1
17.08.2021 00:01:25.594,3.8731500000000003,3.8702800000000006,1,1.5
17.08.2021 00:01:26.650,3.87316,3.87027,1,1
17.08.2021 00:01:38.728,3.87316,3.87021,1,1.5
17.08.2021 00:01:38.828,3.87316,3.8701800000000004,1,1
17.08.2021 00:01:38.929,3.8730300000000004,3.8700800000000006,1,1.5
17.08.2021 00:01:38.979,3.87302,3.8700900000000003,1,1
17.08.2021 00:01:39.523,3.87302,3.8701000000000003,1,1
17.08.2021 00:01:39.824,3.87302,3.87012,1,1
17.08.2021 00:01:40.112,3.8730300000000004,3.8700800000000006,1,1
17.08.2021 00:01:40.465,3.8730300000000004,3.87011,1,1
17.08.2021 00:01:41.200,3.87302,3.8700900000000003,1,1
17.08.2021 00:01:43.015,3.8730300000000004,3.8699800000000004,1,1
17.08.2021 00:01:45.152,3.8729,3.8699800000000004,1,1
17.08.2021 00:02:00.142,3.8729,3.87001,1,1
17.08.2021 00:02:00.243,3.8728900000000004,3.87005,1,1.5
17.08.2021 00:02:01.239,3.8729,3.8699800000000004,1,1.5
17.08.2021 00:02:35.954,3.8729,3.8700800000000006,1,1.5
17.08.2021 00:02:36.005,3.8731,3.8700800000000006,1,1.5
17.08.2021 00:02:45.290,3.8731,3.87014,1,1.5
17.08.2021 00:02:46.048,3.8732300000000004,3.87021,1,1.5
17.08.2021 00:02:56.855,3.8732300000000004,3.87027,1,1.5
17.08.2021 00:02:58.396,3.87336,3.87031,1,1.5
17.08.2021 00:02:58.597,3.8733500000000003,3.8703900000000004,1,1.5
17.08.2021 00:02:58.799,3.87336,3.8704,1,1.5
17.08.2021 00:03:18.001,3.87336,3.8704400000000003,1,1
17.08.2021 00:03:24.069,3.87336,3.87021,1,1
17.08.2021 00:03:24.120,3.87336,3.87031,1,1
17.08.2021 00:03:28.255,3.87336,3.8702800000000006,1,1
17.08.2021 00:03:30.674,3.87336,3.87021,1,2
17.08.2021 00:03:30.725,3.8732300000000004,3.87021,1,1.5
17.08.2021 00:03:30.775,3.8732300000000004,3.87021,1,1
17.08.2021 00:03:35.844,3.8732300000000004,3.8701800000000004,1,1
17.08.2021 00:03:35.945,3.8730900000000004,3.8700900000000003,1,1
17.08.2021 00:03:36.062,3.8731,3.87014,1,1
17.08.2021 00:03:42.125,3.8731,3.87015,1,1
17.08.2021 00:03:42.263,3.8731,3.8701900000000005,1,1
17.08.2021 00:03:42.899,3.8731,3.8702199999999998,1,1
17.08.2021 00:03:45.132,3.87311,3.8701800000000004,1,1
17.08.2021 00:03:45.862,3.87311,3.8701300000000005,1,1
17.08.2021 00:03:46.898,3.87311,3.87014,1,1
17.08.2021 00:03:52.273,3.8731800000000005,3.87015,1,1
17.08.2021 00:03:52.575,3.8731199999999997,3.87015,1,1
17.08.2021 00:04:00.952,3.8731300000000006,3.8700800000000006,1,1
17.08.2021 00:04:01.003,3.8731300000000006,3.87011,1,1
17.08.2021 00:04:09.837,3.8731300000000006,3.86994,1,1
17.08.2021 00:04:09.938,3.8731300000000006,3.87001,1,1
17.08.2021 00:04:10.014,3.8731199999999997,3.86996,1,1
17.08.2021 00:04:10.065,3.8731300000000006,3.8699800000000004,1,1
17.08.2021 00:04:10.168,3.8731199999999997,3.87002,1,1
17.08.2021 00:04:10.299,3.8731300000000006,3.8700400000000004,1,1
17.08.2021 00:04:10.412,3.8731199999999997,3.8700900000000003,1,1
17.08.2021 00:04:13.302,3.8731199999999997,3.8700300000000003,1,1
17.08.2021 00:04:13.352,3.8731300000000006,3.8700400000000004,1,1
17.08.2021 00:04:13.481,3.8731300000000006,3.8700800000000006,1,1
17.08.2021 00:04:14.005,3.8731199999999997,3.86994,1,1
17.08.2021 00:04:14.055,3.8731300000000006,3.8700400000000004,1,1
17.08.2021 00:04:14.236,3.8731199999999997,3.8700300000000003,1,1
17.08.2021 00:04:14.286,3.8731300000000006,3.8700400000000004,1,1
17.08.2021 00:04:18.083,3.8731300000000006,3.8700800000000006,1,1
17.08.2021 00:04:18.197,3.8731300000000006,3.87011,1,1
17.08.2021 00:04:18.298,3.8731199999999997,3.87025,1,1
17.08.2021 00:04:18.348,3.87326,3.8702400000000003,1,1
17.08.2021 00:04:20.518,3.87325,3.8702800000000006,1,1
17.08.2021 00:04:20.794,3.87325,3.8702199999999998,1,1
17.08.2021 00:04:20.845,3.87326,3.8702400000000003,1,1
17.08.2021 00:04:20.971,3.87326,3.87027,1,1
17.08.2021 00:04:21.072,3.87326,3.8704,1,1
17.08.2021 00:04:21.122,3.87325,3.87035,1,1
17.08.2021 00:04:21.705,3.87326,3.87037,1,1
17.08.2021 00:04:22.026,3.87325,3.87041,1,1
17.08.2021 00:04:22.817,3.87326,3.8704400000000003,1,1
17.08.2021 00:04:23.503,3.87326,3.8703800000000004,1,1
17.08.2021 00:04:23.554,3.87325,3.87041,1,1
17.08.2021 00:04:29.054,3.87326,3.87034,1,1
17.08.2021 00:04:29.155,3.87326,3.87031,1,1
17.08.2021 00:04:30.967,3.87326,3.87037,1,1
17.08.2021 00:04:31.688,3.87326,3.8704,1,1
17.08.2021 00:04:37.335,3.87339,3.8704,1,1
17.08.2021 00:04:51.433,3.87339,3.87031,1,1
17.08.2021 00:04:51.552,3.8732900000000003,3.8702800000000006,1,1
17.08.2021 00:04:51.999,3.8733,3.87031,1,1
17.08.2021 00:04:52.068,3.8733,3.87025,1,1
17.08.2021 00:04:52.118,3.8732900000000003,3.8702800000000006,1,1
17.08.2021 00:04:56.020,3.8733,3.87031,1,1
17.08.2021 00:04:56.477,3.8733,3.87034,1,1
17.08.2021 00:04:56.527,3.8733,3.87031,1,1
17.08.2021 00:04:56.725,3.8733,3.87034,1,1
17.08.2021 00:04:57.217,3.8733,3.8701900000000005,1,1
17.08.2021 00:04:57.268,3.8732900000000003,3.87032,1,1
17.08.2021 00:05:02.399,3.8733,3.87034,1,1
17.08.2021 00:05:04.339,3.8733,3.8702800000000006,1,1
17.08.2021 00:05:04.390,3.8733,3.87031,1,1
17.08.2021 00:05:35.391,3.8733,3.87034,1,1
17.08.2021 00:05:39.128,3.8732900000000003,3.8703800000000004,1,1
17.08.2021 00:05:53.929,3.8733,3.8704,1,1
17.08.2021 00:05:53.980,3.8732900000000003,3.87035,1,1
17.08.2021 00:05:54.070,3.8733,3.87037,1,1
17.08.2021 00:05:57.974,3.8733,3.8704,1,1
17.08.2021 00:05:58.289,3.8733,3.87034,1,1
17.08.2021 00:05:58.340,3.8733,3.87037,1,1
17.08.2021 00:06:05.030,3.8732900000000003,3.87032,1,1
17.08.2021 00:06:05.132,3.8734300000000004,3.87037,1,1
17.08.2021 00:06:05.183,3.8734300000000004,3.8704,1,1
17.08.2021 00:06:05.960,3.87342,3.8704500000000004,1,1
17.08.2021 00:06:06.760,3.87342,3.8704800000000006,1,1
17.08.2021 00:06:11.544,3.8734300000000004,3.87041,1,1
17.08.2021 00:06:11.594,3.8734300000000004,3.8704400000000003,1,1
17.08.2021 00:06:12.192,3.87342,3.8704800000000006,1,1
17.08.2021 00:06:13.566,3.8734300000000004,3.87041,1,1
17.08.2021 00:06:13.617,3.8734300000000004,3.8704400000000003,1,1
17.08.2021 00:06:20.110,3.87342,3.8704800000000006,1,1
17.08.2021 00:06:20.210,3.8735800000000005,3.8705800000000004,1,1
17.08.2021 00:06:20.327,3.8735900000000005,3.8706,1,1
17.08.2021 00:06:20.471,3.8735900000000005,3.8706300000000007,1,1
17.08.2021 00:06:20.562,3.87372,3.8706300000000007,1,1
17.08.2021 00:06:20.613,3.87371,3.8706800000000006,1,1
17.08.2021 00:06:20.886,3.87372,3.87077,1,1
17.08.2021 00:06:21.543,3.87372,3.87071,1,1
17.08.2021 00:06:21.593,3.87372,3.8707300000000004,1,1
17.08.2021 00:06:21.694,3.87372,3.8707000000000003,1,1
17.08.2021 00:06:21.889,3.87372,3.8707300000000004,1,1
17.08.2021 00:06:23.584,3.87372,3.8707000000000003,1,1
17.08.2021 00:06:23.715,3.87372,3.87055,1,1
17.08.2021 00:06:23.765,3.87372,3.87067,1,1
17.08.2021 00:06:28.261,3.87371,3.87071,1,1
17.08.2021 00:06:28.548,3.87372,3.8706400000000003,1,1
17.08.2021 00:06:28.598,3.87371,3.8706800000000006,1,1
17.08.2021 00:06:28.895,3.87372,3.8707000000000003,1,1
17.08.2021 00:06:30.583,3.87372,3.8706400000000003,1,1
17.08.2021 00:06:30.634,3.87372,3.87067,1,1
17.08.2021 00:06:31.691,3.87372,3.8707000000000003,1,1
17.08.2021 00:06:31.741,3.87371,3.8705300000000005,1,1
17.08.2021 00:06:31.792,3.87371,3.8706400000000003,1,1
17.08.2021 00:06:53.977,3.87372,3.87067,1,1
17.08.2021 00:06:54.073,3.87371,3.8706199999999997,1,1
17.08.2021 00:06:54.124,3.87372,3.8706300000000007,1,1
17.08.2021 00:06:54.637,3.87372,3.8707000000000003,1,1
17.08.2021 00:06:55.541,3.87372,3.8707300000000004,1,1
17.08.2021 00:06:57.265,3.87372,3.87077,1,1
17.08.2021 00:06:58.332,3.87372,3.87071,1,1
17.08.2021 00:06:58.382,3.87372,3.8707300000000004,1,1
17.08.2021 00:06:58.916,3.87372,3.87077,1,1
17.08.2021 00:07:01.392,3.87386,3.87077,1,1
17.08.2021 00:07:03.707,3.87386,3.87071,1,1
17.08.2021 00:07:03.758,3.87386,3.8706300000000007,1,1
17.08.2021 00:07:03.875,3.87386,3.87067,1,1
17.08.2021 00:07:04.056,3.87386,3.87061,1,1
17.08.2021 00:07:04.106,3.87386,3.8706300000000007,1,1
17.08.2021 00:07:06.391,3.87386,3.87067,1,1
17.08.2021 00:07:06.733,3.87385,3.87071,1,1
17.08.2021 00:07:06.783,3.87386,3.87067,1,1
17.08.2021 00:07:22.781,3.87386,3.8707000000000003,1,1
17.08.2021 00:07:24.108,3.87386,3.8707300000000004,1,1
17.08.2021 00:07:25.111,3.87386,3.87077,1,1
17.08.2021 00:07:25.828,3.87386,3.87071,1,1
17.08.2021 00:07:25.878,3.87386,3.8707300000000004,1,1
17.08.2021 00:07:26.271,3.87385,3.8707800000000003,1,1
17.08.2021 00:07:26.352,3.87386,3.8706199999999997,1,1
17.08.2021 00:07:26.403,3.87386,3.8707300000000004,1,1
17.08.2021 00:07:28.206,3.87386,3.87077,1,1
17.08.2021 00:07:28.626,3.87386,3.87071,1,1
17.08.2021 00:07:28.676,3.87386,3.8707300000000004,1,1
17.08.2021 00:07:29.236,3.87386,3.87077,1,1
17.08.2021 00:07:33.491,3.87385,3.87072,1,1
17.08.2021 00:07:33.542,3.87386,3.8707300000000004,1,1
17.08.2021 00:07:33.724,3.87386,3.87077,1,1
17.08.2021 00:07:34.715,3.87386,3.87071,1,1
17.08.2021 00:07:34.766,3.87385,3.8707400000000005,1,1
17.08.2021 00:07:35.517,3.87386,3.87077,1,1
17.08.2021 00:07:39.517,3.87386,3.8706199999999997,1,1
17.08.2021 00:07:39.568,3.87386,3.8707300000000004,1,1
17.08.2021 00:07:44.000,3.87386,3.87077,1,1
17.08.2021 00:07:59.886,3.87386,3.8708,1,1
17.08.2021 00:07:59.987,3.87386,3.87077,1,1
17.08.2021 00:08:01.664,3.87386,3.87071,1,1
17.08.2021 00:08:01.714,3.87386,3.8707300000000004,1,1
17.08.2021 00:08:08.746,3.87385,3.8707800000000003,1,1
17.08.2021 00:08:10.187,3.87386,3.8706199999999997,1,1
17.08.2021 00:08:10.237,3.87386,3.8707300000000004,1,1
17.08.2021 00:08:10.288,3.87386,3.8706300000000007,1,1
17.08.2021 00:08:12.311,3.87385,3.8705800000000004,1,1
17.08.2021 00:08:12.361,3.87386,3.8706,1,1
17.08.2021 00:08:18.504,3.87386,3.8705400000000005,1,1
17.08.2021 00:08:18.554,3.87385,3.8705800000000004,1,1
17.08.2021 00:08:28.799,3.87386,3.8706,1,1
17.08.2021 00:08:28.850,3.87386,3.87057,1,1
17.08.2021 00:08:29.532,3.87386,3.8706,1,1
17.08.2021 00:08:35.707,3.87386,3.87057,1,1
17.08.2021 00:08:38.143,3.87386,3.8706,1,1
17.08.2021 00:08:39.465,3.87386,3.8705400000000005,1,1
17.08.2021 00:08:39.516,3.87386,3.87057,1,1
17.08.2021 00:08:40.142,3.8737300000000006,3.87057,1,1
17.08.2021 00:08:40.198,3.8737300000000006,3.87051,1,1
17.08.2021 00:08:40.320,3.8737300000000006,3.8705400000000005,1,1
17.08.2021 00:08:40.426,3.87372,3.8705800000000004,1,1
17.08.2021 00:08:40.484,3.8737300000000006,3.87051,1,1
17.08.2021 00:08:40.535,3.8737300000000006,3.8705400000000005,1,1
17.08.2021 00:08:40.585,3.87372,3.87051,1,1
17.08.2021 00:08:41.162,3.8737300000000006,3.8704400000000003,1,1
17.08.2021 00:08:41.212,3.8737300000000006,3.87047,1,1
17.08.2021 00:08:41.315,3.8737300000000006,3.87032,1,1
17.08.2021 00:08:41.365,3.8735900000000005,3.8704,1,1
17.08.2021 00:08:41.542,3.8735900000000005,3.8704400000000003,1,1
17.08.2021 00:08:47.932,3.8737300000000006,3.8704400000000003,1,1
17.08.2021 00:08:48.032,3.8737300000000006,3.87057,1,1
17.08.2021 00:08:48.183,3.87372,3.87061,1,1
17.08.2021 00:08:51.232,3.8737300000000006,3.8705400000000005,1,1
17.08.2021 00:08:51.282,3.8737300000000006,3.87057,1,1
17.08.2021 00:08:55.876,3.87372,3.87061,1,1
17.08.2021 00:09:02.535,3.87372,3.87055,1,1
17.08.2021 00:09:02.586,3.8737300000000006,3.87057,1,1
17.08.2021 00:09:02.702,3.8737300000000006,3.87051,1,1
17.08.2021 00:09:02.752,3.8737300000000006,3.8705400000000005,1,1
17.08.2021 00:09:03.644,3.8737300000000006,3.8705000000000003,1,1
17.08.2021 00:09:03.735,3.8737300000000006,3.8704400000000003,1,1
17.08.2021 00:09:05.320,3.8737300000000006,3.87047,1,1
17.08.2021 00:09:14.632,3.8737300000000006,3.8705000000000003,1,1
17.08.2021 00:09:15.047,3.87372,3.87055,1,1
17.08.2021 00:09:16.935,3.8737300000000006,3.8704800000000006,1,1
17.08.2021 00:09:17.082,3.8737300000000006,3.87041,1,1
17.08.2021 00:09:17.133,3.8737300000000006,3.8704400000000003,1,1
17.08.2021 00:09:17.183,3.8737300000000006,3.8703800000000004,1,1
17.08.2021 00:09:17.234,3.87372,3.87041,1,1
17.08.2021 00:09:17.397,3.87372,3.8704500000000004,1,1
17.08.2021 00:09:22.522,3.8737300000000006,3.87047,1,1
17.08.2021 00:09:27.747,3.8737300000000006,3.87041,1,1
17.08.2021 00:09:27.797,3.8737300000000006,3.8704400000000003,1,1
17.08.2021 00:09:30.579,3.87372,3.8704800000000006,1,1
17.08.2021 00:09:31.428,3.8737300000000006,3.87041,1,1
17.08.2021 00:09:31.478,3.8737300000000006,3.8704400000000003,1,1
17.08.2021 00:09:31.682,3.8737300000000006,3.87047,1,1
17.08.2021 00:09:34.794,3.87372,3.8704199999999997,1,1
17.08.2021 00:09:34.845,3.8737300000000006,3.8704400000000003,1,1
17.08.2021 00:09:40.445,3.87372,3.8704800000000006,1,1
17.08.2021 00:09:40.772,3.8737300000000006,3.87041,1,1
17.08.2021 00:09:40.823,3.87372,3.8704500000000004,1,1
17.08.2021 00:09:41.186,3.8737300000000006,3.87047,1,1
17.08.2021 00:09:41.248,3.8737300000000006,3.87041,1,1
17.08.2021 00:09:41.298,3.8737300000000006,3.8704400000000003,1,1
17.08.2021 00:09:41.557,3.8737300000000006,3.87047,1,1
17.08.2021 00:09:42.683,3.8737300000000006,3.87041,1,1
17.08.2021 00:09:42.734,3.8735900000000005,3.8704400000000003,1,1
17.08.2021 00:09:44.342,3.8735900000000005,3.87047,1,1
17.08.2021 00:09:44.392,3.8735900000000005,3.8704400000000003,1,1
17.08.2021 00:09:44.626,3.8735900000000005,3.87047,1,1
17.08.2021 00:09:44.750,3.8735900000000005,3.87041,1,1
17.08.2021 00:09:44.800,3.8735900000000005,3.8704400000000003,1,1
17.08.2021 00:09:45.021,3.8735900000000005,3.87047,1,1
17.08.2021 00:09:45.082,3.8735900000000005,3.87041,1,1
17.08.2021 00:09:45.133,3.8735800000000005,3.8704500000000004,1,1
17.08.2021 00:10:09.504,3.8735900000000005,3.8703800000000004,1,1
17.08.2021 00:10:09.555,3.8735900000000005,3.8704,1,1
17.08.2021 00:10:11.519,3.8735900000000005,3.8704400000000003,1,1
17.08.2021 00:10:12.879,3.8735900000000005,3.8703800000000004,1,1
17.08.2021 00:10:12.929,3.8735900000000005,3.8704,1,1
17.08.2021 00:10:14.051,3.8735900000000005,3.8704400000000003,1,1
17.08.2021 00:10:15.203,3.8735900000000005,3.8703800000000004,1,1
17.08.2021 00:10:15.254,3.8735800000000005,3.87041,1,1
17.08.2021 00:10:15.423,3.8735800000000005,3.8703800000000004,1,1
17.08.2021 00:10:16.261,3.8735800000000005,3.87041,1,1
17.08.2021 00:10:16.657,3.8735800000000005,3.8704500000000004,1,1
17.08.2021 00:10:27.616,3.8735900000000005,3.8703800000000004,1,1
17.08.2021 00:10:27.667,3.8735900000000005,3.8704,1,1.5
17.08.2021 00:10:27.840,3.8735900000000005,3.8704,1,1
17.08.2021 00:10:28.092,3.8735800000000005,3.8704500000000004,1,1
17.08.2021 00:10:36.671,3.8735900000000005,3.8703800000000004,1,1
17.08.2021 00:10:36.722,3.8735900000000005,3.8704,1,1
17.08.2021 00:10:37.731,3.8735900000000005,3.8704400000000003,1,1
17.08.2021 00:10:47.916,3.8735800000000005,3.8704800000000006,1,1
17.08.2021 00:11:06.332,3.8735900000000005,3.8705000000000003,1,1
17.08.2021 00:11:06.723,3.8735800000000005,3.8704500000000004,1,1
17.08.2021 00:11:06.773,3.8735900000000005,3.87047,1,1
17.08.2021 00:11:09.127,3.8735900000000005,3.8705000000000003,1,1
17.08.2021 00:11:09.230,3.8735900000000005,3.8705400000000005,1,1
17.08.2021 00:11:18.438,3.8735900000000005,3.8704800000000006,1,1
17.08.2021 00:11:18.489,3.8735900000000005,3.8705000000000003,1,1
17.08.2021 00:11:18.589,3.8735900000000005,3.87047,1,1
17.08.2021 00:11:19.348,3.8735800000000005,3.87051,1,1
17.08.2021 00:11:19.542,3.8735900000000005,3.8705400000000005,1,1
17.08.2021 00:11:22.693,3.8735900000000005,3.8704800000000006,1,1
17.08.2021 00:11:22.743,3.8735900000000005,3.8705000000000003,1,1
17.08.2021 00:11:23.109,3.8735900000000005,3.8705400000000005,1,1
17.08.2021 00:11:26.211,3.8735900000000005,3.87057,1,1
17.08.2021 00:11:28.157,3.8735900000000005,3.8706,1,1
17.08.2021 00:11:28.536,3.8735800000000005,3.8706400000000003,1,1
17.08.2021 00:11:28.650,3.8735900000000005,3.8706,1,1
17.08.2021 00:11:29.316,3.8735900000000005,3.8705400000000005,1,1
17.08.2021 00:11:29.366,3.8735900000000005,3.87057,1,1
17.08.2021 00:11:30.035,3.8735800000000005,3.87061,1,1
17.08.2021 00:11:30.370,3.8735800000000005,3.8706400000000003,1,1
17.08.2021 00:11:30.431,3.8735900000000005,3.87057,1,1
17.08.2021 00:11:30.481,3.8735900000000005,3.8706,1,1
17.08.2021 00:11:35.965,3.8735800000000005,3.87055,1,1
17.08.2021 00:11:36.161,3.8735900000000005,3.8704800000000006,1,1
17.08.2021 00:11:36.212,3.8735900000000005,3.8705000000000003,1,1
17.08.2021 00:11:36.296,3.8735800000000005,3.8703600000000002,1,1.12
17.08.2021 00:11:36.347,3.8735900000000005,3.87047,1,1
17.08.2021 00:11:37.910,3.8735900000000005,3.8705400000000005,1,1
17.08.2021 00:11:39.104,3.8737300000000006,3.8705400000000005,1,1
17.08.2021 00:11:39.251,3.87372,3.8705800000000004,1,1
17.08.2021 00:11:39.759,3.87372,3.87061,1,1
17.08.2021 00:11:39.972,3.87372,3.8705800000000004,1,1
17.08.2021 00:11:40.047,3.87372,3.87061,1,1
17.08.2021 00:11:41.623,3.87372,3.87055,1,1
17.08.2021 00:11:41.673,3.8737300000000006,3.87057,1,1
17.08.2021 00:11:53.640,3.8737300000000006,3.8706,1,1
17.08.2021 00:12:14.720,3.8737300000000006,3.8705400000000005,1,1
17.08.2021 00:12:14.771,3.8737300000000006,3.87057,1,1
17.08.2021 00:12:15.115,3.8737300000000006,3.8706300000000007,1,1
17.08.2021 00:12:30.827,3.87372,3.8706800000000006,1,1
17.08.2021 00:12:30.878,3.8737300000000006,3.8706300000000007,1,1
17.08.2021 00:12:38.452,3.87372,3.8706800000000006,1,1
17.08.2021 00:12:38.854,3.8737300000000006,3.87061,1,1
17.08.2021 00:12:38.904,3.8737300000000006,3.8706300000000007,1,1
17.08.2021 00:12:42.175,3.8737300000000006,3.87067,1,1
17.08.2021 00:12:42.434,3.87372,3.8705300000000005,1,1
17.08.2021 00:12:42.484,3.8737300000000006,3.8706300000000007,1,1
17.08.2021 00:12:44.035,3.8737300000000006,3.87067,1,1
17.08.2021 00:12:44.086,3.8737300000000006,3.8706300000000007,1,1
17.08.2021 00:13:04.439,3.87372,3.8705800000000004,1,1
17.08.2021 00:13:04.489,3.8737300000000006,3.8706,1,1
17.08.2021 00:13:05.155,3.87372,3.8706400000000003,1,1
17.08.2021 00:13:05.255,3.8737300000000006,3.87057,1,1
17.08.2021 00:13:05.305,3.87372,3.87061,1,1
17.08.2021 00:13:07.362,3.87372,3.87051,1,1
17.08.2021 00:13:07.446,3.87372,3.87055,1,1
17.08.2021 00:13:08.361,3.8737300000000006,3.87057,1,1
17.08.2021 00:13:08.512,3.8737300000000006,3.8706,1,1
17.08.2021 00:13:10.414,3.8737300000000006,3.8705400000000005,1,1
17.08.2021 00:13:10.465,3.8737300000000006,3.87057,1,1
17.08.2021 00:13:11.446,3.87372,3.87061,1,1
17.08.2021 00:13:12.305,3.8737300000000006,3.8705400000000005,1,1
17.08.2021 00:13:12.355,3.8737300000000006,3.87057,1,1
17.08.2021 00:13:14.388,3.8737300000000006,3.8706,1,1
17.08.2021 00:13:14.476,3.8737300000000006,3.8705400000000005,1,1
17.08.2021 00:13:14.526,3.8737300000000006,3.87057,1,1
17.08.2021 00:13:17.319,3.8737300000000006,3.8706,1,1
17.08.2021 00:13:17.529,3.8737300000000006,3.8705400000000005,1,1
17.08.2021 00:13:17.580,3.87372,3.8705800000000004,1,1
17.08.2021 00:13:21.002,3.8737300000000006,3.8706,1,1
17.08.2021 00:13:22.392,3.8737300000000006,3.8705400000000005,1,1
17.08.2021 00:13:22.442,3.8737300000000006,3.87057,1,1
17.08.2021 00:13:31.325,3.8737300000000006,3.8706,1,1
17.08.2021 00:13:31.432,3.8737300000000006,3.8705400000000005,1,1
17.08.2021 00:13:31.482,3.87372,3.8705800000000004,1,1
17.08.2021 00:13:33.424,3.8737300000000006,3.8706,1,1
17.08.2021 00:13:34.684,3.87372,3.87055,1,1
17.08.2021 00:13:34.735,3.87372,3.8705800000000004,1,1
17.08.2021 00:13:35.203,3.87372,3.87061,1,1
17.08.2021 00:13:45.883,3.8737300000000006,3.8706300000000007,1,1
17.08.2021 00:13:45.963,3.8737300000000006,3.8704800000000006,1,1
17.08.2021 00:13:46.013,3.8737300000000006,3.8706,1,1
17.08.2021 00:13:46.816,3.8737300000000006,3.8706300000000007,1,1
17.08.2021 00:13:50.562,3.8737300000000006,3.8702800000000006,1,1.5
17.08.2021 00:13:50.613,3.8737300000000006,3.8706,1,1
17.08.2021 00:14:08.829,3.87372,3.8706400000000003,1,1
17.08.2021 00:14:10.454,3.87372,3.8705800000000004,1,1
17.08.2021 00:14:10.601,3.87372,3.87061,1,1
17.08.2021 00:14:28.364,3.8737300000000006,3.8706300000000007,1,1
17.08.2021 00:14:33.837,3.8737300000000006,3.87057,1,1
17.08.2021 00:14:33.888,3.8737300000000006,3.8706,1,1
17.08.2021 00:14:40.216,3.87372,3.8706400000000003,1,1
17.08.2021 00:14:40.969,3.8737300000000006,3.87057,1,1
17.08.2021 00:14:41.019,3.8737300000000006,3.8706,1,1
17.08.2021 00:14:44.929,3.87386,3.8706,1,1
17.08.2021 00:14:44.979,3.87386,3.8707000000000003,1,1
17.08.2021 00:14:45.080,3.87385,3.8707400000000005,1,1
17.08.2021 00:14:45.231,3.87385,3.8707800000000003,1,1
17.08.2021 00:14:45.346,3.87386,3.8706199999999997,1,1
17.08.2021 00:14:45.396,3.87385,3.8707400000000005,1,1
17.08.2021 00:14:47.927,3.87385,3.8707800000000003,1,1
17.08.2021 00:14:49.892,3.87386,3.87071,1,1
17.08.2021 00:14:49.942,3.87385,3.8707400000000005,1,1
17.08.2021 00:14:50.386,3.87386,3.87077,1,1
17.08.2021 00:14:52.398,3.87385,3.87072,1,1
17.08.2021 00:14:52.449,3.87385,3.8707400000000005,1,1
17.08.2021 00:14:55.680,3.87385,3.8706500000000004,1,1
17.08.2021 00:14:55.730,3.87386,3.87067,1,1
17.08.2021 00:15:04.713,3.87385,3.8705300000000005,1,1.5
17.08.2021 00:15:04.899,3.87386,3.87067,1,1
17.08.2021 00:15:05.928,3.87386,3.87061,1,1
17.08.2021 00:15:05.979,3.87386,3.8703800000000004,1,1.5
17.08.2021 00:15:06.395,3.87386,3.87067,1,1
17.08.2021 00:15:06.911,3.87386,3.87069,1,1
17.08.2021 00:15:07.182,3.87386,3.8707000000000003,1,1
17.08.2021 00:15:07.400,3.87386,3.8706400000000003,1,1
17.08.2021 00:15:07.451,3.87385,3.8707000000000003,1,1
17.08.2021 00:15:07.811,3.87386,3.8707000000000003,1,1
17.08.2021 00:15:07.978,3.87386,3.8706400000000003,1,1
17.08.2021 00:15:08.028,3.87386,3.87069,1,1
17.08.2021 00:15:08.400,3.87386,3.8707000000000003,1,1
17.08.2021 00:15:08.625,3.87385,3.8706500000000004,1,1
17.08.2021 00:15:08.678,3.87386,3.87069,1,1
17.08.2021 00:15:09.011,3.87385,3.87071,1,1
17.08.2021 00:15:09.236,3.87386,3.8706400000000003,1,1
17.08.2021 00:15:09.287,3.87385,3.8707000000000003,1,1
17.08.2021 00:15:09.652,3.87386,3.8707000000000003,1,1
17.08.2021 00:15:10.361,3.87386,3.8706400000000003,1,1
17.08.2021 00:15:10.572,3.87385,3.8703900000000004,1,2
17.08.2021 00:15:10.986,3.87385,3.8707000000000003,1,1
17.08.2021 00:15:11.278,3.87386,3.87077,1,1
17.08.2021 00:15:12.071,3.87386,3.8706199999999997,1,1
17.08.2021 00:15:12.721,3.87385,3.8703900000000004,1,2
17.08.2021 00:15:13.235,3.87385,3.8703900000000004,1,1
17.08.2021 00:15:13.287,3.87386,3.87067,1,1
17.08.2021 00:15:14.920,3.87386,3.87061,1,1
17.08.2021 00:15:14.971,3.87386,3.8703800000000004,1,1.5
17.08.2021 00:15:15.734,3.87385,3.8703900000000004,1,1.5
17.08.2021 00:15:15.935,3.87386,3.8703800000000004,1,2
17.08.2021 00:15:16.137,3.87386,3.8703800000000004,1,2
17.08.2021 00:15:34.439,3.87386,3.8703800000000004,1,1.5
17.08.2021 00:15:51.320,3.87385,3.8703900000000004,1,2
17.08.2021 00:15:51.521,3.87386,3.8703800000000004,1,2
17.08.2021 00:15:52.112,3.87386,3.87075,1,1
17.08.2021 00:15:52.375,3.87385,3.8707800000000003,1,1
17.08.2021 00:15:52.563,3.87385,3.87072,1,1
17.08.2021 00:15:52.614,3.87385,3.8703900000000004,1,2
17.08.2021 00:15:53.022,3.87385,3.8707800000000003,1,1
17.08.2021 00:15:53.346,3.87386,3.8703800000000004,1,2
17.08.2021 00:15:53.736,3.87386,3.87077,1,1
17.08.2021 00:15:54.711,3.87386,3.8706199999999997,1,1
17.08.2021 00:15:54.766,3.87385,3.8703900000000004,1,2
17.08.2021 00:15:55.085,3.87386,3.87077,1,1
17.08.2021 00:15:55.361,3.87385,3.8706300000000007,1,1
17.08.2021 00:15:55.412,3.87386,3.8703800000000004,1,2
17.08.2021 00:15:55.845,3.87386,3.8708,1,1
17.08.2021 00:15:56.906,3.87386,3.8706500000000004,1,1
17.08.2021 00:15:56.957,3.87385,3.8703900000000004,1,2
17.08.2021 00:15:57.329,3.87386,3.8708,1,1
17.08.2021 00:15:57.572,3.87385,3.87075,1,1
17.08.2021 00:15:58.036,3.87386,3.8708,1,1
17.08.2021 00:15:59.011,3.87386,3.8707400000000005,1,1
17.08.2021 00:15:59.385,3.87385,3.8708,1,1
17.08.2021 00:15:59.486,3.87386,3.8708,1,1
17.08.2021 00:15:59.586,3.8739900000000005,3.8708,1,1
17.08.2021 00:15:59.637,3.8739900000000005,3.87086,1,1
17.08.2021 00:15:59.687,3.8739900000000005,3.8705800000000004,1,1.5
17.08.2021 00:15:59.962,3.8739900000000005,3.8709000000000002,1,1
17.08.2021 00:16:00.069,3.8739900000000005,3.87096,1,1
17.08.2021 00:16:00.261,3.8739800000000004,3.87091,1,1
17.08.2021 00:16:00.312,3.8739900000000005,3.8705800000000004,1,1.5
17.08.2021 00:16:46.484,3.87415,3.8706800000000006,1,1.5
17.08.2021 00:16:46.646,3.87415,3.8706800000000006,1,1.5
17.08.2021 00:16:59.546,3.87415,3.87067,1,1.5
17.08.2021 00:16:59.597,3.87396,3.8705800000000004,1,1.5
17.08.2021 00:16:59.767,3.87396,3.8704800000000006,1,1.5
17.08.2021 00:17:00.207,3.8739500000000002,3.87049,1,1.5
17.08.2021 00:17:03.991,3.87396,3.8704800000000006,1,1.5
17.08.2021 00:17:22.140,3.87396,3.8704800000000006,1,1
17.08.2021 00:17:49.170,3.8739500000000002,3.87049,1,1.5
17.08.2021 00:18:12.122,3.8737900000000005,3.8703800000000004,1,1.5
17.08.2021 00:18:12.201,3.8737900000000005,3.8703800000000004,1,1.5
17.08.2021 00:18:13.932,3.8737800000000004,3.8703900000000004,1,1
17.08.2021 00:18:34.005,3.8737300000000006,3.8703800000000004,1,1
17.08.2021 00:18:34.214,3.8737300000000006,3.87027,1,1.5
17.08.2021 00:18:41.575,3.8737300000000006,3.87027,1,1.5
17.08.2021 00:18:41.979,3.8737300000000006,3.87027,1,1.5
17.08.2021 00:19:00.343,3.87372,3.8702800000000006,1,1.5
17.08.2021 00:19:01.271,3.87356,3.87027,1,1.5
17.08.2021 00:19:07.147,3.8735500000000003,3.8701900000000005,1,1.5
17.08.2021 00:19:10.159,3.87356,3.8701800000000004,1,1.5
17.08.2021 00:19:10.356,3.87356,3.8701800000000004,1,1.5
17.08.2021 00:19:12.122,3.87356,3.8701800000000004,1,1.5
17.08.2021 00:19:12.333,3.8735500000000003,3.8701900000000005,1,1.5
17.08.2021 00:19:17.409,3.87356,3.8700800000000006,1,2
17.08.2021 00:19:17.624,3.87356,3.8700800000000006,1,2
17.08.2021 00:19:34.783,3.87356,3.8700800000000006,1,2
17.08.2021 00:19:37.458,3.87356,3.8700800000000006,1,2
17.08.2021 00:19:42.268,3.87356,3.8700800000000006,1,2
17.08.2021 00:19:42.469,3.87356,3.8700800000000006,1,2
17.08.2021 00:19:42.975,3.8734300000000004,3.8700400000000004,1,1.5
17.08.2021 00:19:43.090,3.87342,3.87005,1,1.5
17.08.2021 00:20:57.092,3.8734300000000004,3.8699500000000002,1,1.5
17.08.2021 00:20:57.505,3.87342,3.86996,1,1.5
17.08.2021 00:20:57.707,3.8734300000000004,3.8699500000000002,1,1.5
17.08.2021 00:21:14.352,3.8734300000000004,3.8699500000000002,1,1.5
17.08.2021 00:21:16.315,3.87342,3.86996,1,1.5
17.08.2021 00:21:16.365,3.8734300000000004,3.8699500000000002,1,1.5
17.08.2021 00:21:16.626,3.8734300000000004,3.8699500000000002,1,1.5
17.08.2021 00:21:38.663,3.87342,3.86996,1,1.5
17.08.2021 00:21:48.382,3.8734300000000004,3.8699500000000002,1,1.5
17.08.2021 00:21:51.402,3.87342,3.86996,1,1.5
17.08.2021 00:22:01.198,3.8734300000000004,3.8699500000000002,1,1.5
17.08.2021 00:22:03.333,3.8734300000000004,3.8699500000000002,1,1.5
17.08.2021 00:22:07.900,3.87342,3.87006,1,1.5
17.08.2021 00:22:13.413,3.87342,3.87006,1,1.5
17.08.2021 00:22:18.128,3.8734300000000004,3.87005,1,1.5
17.08.2021 00:22:18.344,3.8734300000000004,3.87005,1,1.5
17.08.2021 00:22:18.547,3.8734300000000004,3.87005,1,1.5
17.08.2021 00:23:23.207,3.87342,3.86996,1,1.12
17.08.2021 00:23:24.111,3.8734300000000004,3.8699500000000002,1,1.5
17.08.2021 00:25:47.817,3.8734300000000004,3.8699500000000002,1,1.5
17.08.2021 00:25:48.275,3.8734300000000004,3.8699500000000002,1,1.5
17.08.2021 00:25:48.459,3.8735500000000003,3.87006,1,1.12
17.08.2021 00:25:48.509,3.87356,3.87005,1,1.5
17.08.2021 00:25:48.701,3.87356,3.8700800000000006,1,1.5
17.08.2021 00:25:48.889,3.87356,3.8700800000000006,1,1.5
17.08.2021 00:26:01.137,3.8735500000000003,3.8700900000000003,1,1.5
17.08.2021 00:26:01.337,3.87356,3.8700800000000006,1,1.5
17.08.2021 00:26:03.211,3.87331,3.8700800000000006,1,1
17.08.2021 00:26:03.370,3.87291,3.8699900000000005,1,1
17.08.2021 00:26:10.510,3.87266,3.8699800000000004,1,1
17.08.2021 00:26:10.560,3.87266,3.8698800000000007,1,1
17.08.2021 00:26:10.661,3.87266,3.86985,1,1
17.08.2021 00:26:10.735,3.87266,3.8698800000000007,1,1
17.08.2021 00:26:17.577,3.8725800000000006,3.8698800000000007,1,1
17.08.2021 00:26:19.837,3.8725800000000006,3.8698,1,1
17.08.2021 00:26:22.833,3.87247,3.8697500000000002,1,1
17.08.2021 00:26:31.336,3.87237,3.8697500000000002,1,1
17.08.2021 00:26:38.526,3.8722600000000003,3.8697500000000002,1,1
17.08.2021 00:26:38.577,3.87236,3.8697500000000002,1,1
17.08.2021 00:26:38.628,3.87236,3.8697800000000004,1,1
17.08.2021 00:26:43.578,3.8724600000000002,3.8697800000000004,1,1
17.08.2021 00:27:18.595,3.87251,3.8698900000000003,1,1
17.08.2021 00:27:27.508,3.8725199999999997,3.8698900000000003,1,1
17.08.2021 00:27:27.609,3.8725199999999997,3.8699800000000004,1,1
17.08.2021 00:27:27.861,3.87266,3.8699800000000004,1,1
17.08.2021 00:27:43.179,3.87256,3.8699800000000004,1,1
17.08.2021 00:27:47.742,3.87256,3.8698900000000003,1,1
17.08.2021 00:28:03.454,3.87245,3.8698900000000003,1,1
17.08.2021 00:28:46.851,3.8724400000000005,3.8698900000000003,1,1
17.08.2021 00:28:46.901,3.8723300000000003,3.8697000000000004,1,1
17.08.2021 00:29:09.497,3.8723300000000003,3.8696800000000007,1,1
17.08.2021 00:29:58.079,3.8723300000000003,3.86976,1,1
17.08.2021 00:29:58.130,3.8724900000000004,3.8698900000000003,1,1
17.08.2021 00:30:46.515,3.8724900000000004,3.8699000000000003,1,1.5
17.08.2021 00:31:03.864,3.87261,3.87,1,1
17.08.2021 00:31:20.336,3.87245,3.8698900000000003,1,1
17.08.2021 00:31:20.386,3.8724400000000005,3.86981,1,1
17.08.2021 00:32:05.001,3.87245,3.8698800000000007,1,1
17.08.2021 00:32:05.118,3.8725500000000004,3.86994,1,1
17.08.2021 00:32:27.880,3.8724400000000005,3.8698900000000003,1,1
17.08.2021 00:32:38.162,3.8725500000000004,3.86994,1,1
17.08.2021 00:33:36.953,3.87267,3.87001,1,1
17.08.2021 00:33:47.397,3.8725800000000006,3.86992,1,1.5
17.08.2021 00:35:20.347,3.87245,3.86985,1,1
17.08.2021 00:35:23.800,3.87245,3.86994,1,1
17.08.2021 00:36:23.858,3.87245,3.8698400000000004,1,1
17.08.2021 00:37:13.381,3.8725500000000004,3.86994,1,1
17.08.2021 00:37:46.977,3.8725400000000003,3.87,1,1
17.08.2021 00:37:48.609,3.87267,3.8700800000000006,1,1
17.08.2021 00:37:52.245,3.87265,3.8699900000000005,1,1.5
17.08.2021 00:38:50.167,3.87271,3.87011,1,1
17.08.2021 00:38:50.347,3.87281,3.87021,1,1
17.08.2021 00:38:50.822,3.87281,3.8703900000000004,1,1
17.08.2021 00:38:50.931,3.87281,3.87041,1,1
17.08.2021 00:38:51.091,3.87281,3.8704300000000003,1,1
17.08.2021 00:38:52.292,3.8728000000000002,3.87047,1,1
17.08.2021 00:38:55.884,3.87281,3.8704300000000003,1,1
17.08.2021 00:38:56.029,3.8728000000000002,3.8703800000000004,1,1
17.08.2021 00:38:56.079,3.8727500000000004,3.8703600000000002,1,1
17.08.2021 00:38:57.166,3.8727500000000004,3.8703900000000004,1,1
17.08.2021 00:39:02.799,3.8727400000000003,3.8704400000000003,1,1
17.08.2021 00:39:03.083,3.8727500000000004,3.87046,1,1
17.08.2021 00:39:03.251,3.8727400000000003,3.87041,1,1
17.08.2021 00:39:03.301,3.8727500000000004,3.8704300000000003,1,1
17.08.2021 00:39:03.589,3.8727500000000004,3.87046,1,1
17.08.2021 00:39:03.666,3.8727500000000004,3.8704,1,1
17.08.2021 00:39:03.716,3.8727500000000004,3.8704300000000003,1,1
17.08.2021 00:39:03.902,3.8727500000000004,3.87046,1,1
17.08.2021 00:39:03.952,3.8727500000000004,3.8704300000000003,1,1
17.08.2021 00:39:04.026,3.8727500000000004,3.87046,1,1
17.08.2021 00:39:04.086,3.8727400000000003,3.87041,1,1
17.08.2021 00:39:04.137,3.8727500000000004,3.8704300000000003,1,1
17.08.2021 00:39:04.665,3.8727500000000004,3.87046,1,1
17.08.2021 00:39:06.570,3.8727500000000004,3.8704,1,1
17.08.2021 00:39:06.620,3.8727400000000003,3.8704400000000003,1,1
17.08.2021 00:39:06.954,3.8727500000000004,3.8702800000000006,1,1
17.08.2021 00:39:07.004,3.8727400000000003,3.87037,1,1
17.08.2021 00:39:07.071,3.8727400000000003,3.87031,1,1
17.08.2021 00:39:07.121,3.8726800000000003,3.8703000000000003,1,1
17.08.2021 00:39:07.409,3.8726900000000004,3.8702300000000003,1,1
17.08.2021 00:39:08.192,3.8726800000000003,3.87012,1,1
17.08.2021 00:39:12.908,3.8726900000000004,3.87027,1,1
17.08.2021 00:39:12.958,3.87287,3.87027,1,1
17.08.2021 00:39:13.872,3.8727800000000006,3.87017,1,1
17.08.2021 00:39:51.752,3.87287,3.8702400000000003,1.5,1
17.08.2021 00:39:56.671,3.8727800000000006,3.87017,1,1
17.08.2021 00:40:13.321,3.8727800000000006,3.87014,1,1
17.08.2021 00:40:17.595,3.8726400000000005,3.87005,1,1
17.08.2021 00:40:42.951,3.8726400000000005,3.87001,1,1
17.08.2021 00:40:44.960,3.8724300000000005,3.8699300000000005,1,1
17.08.2021 00:40:45.011,3.8724400000000005,3.86981,1,1
17.08.2021 00:40:46.961,3.8724400000000005,3.8699300000000005,1,1
17.08.2021 00:40:47.011,3.87265,3.87001,1,1
17.08.2021 00:43:24.182,3.87265,3.8700800000000006,1,1
17.08.2021 00:43:24.233,3.8727500000000004,3.87011,1,1
17.08.2021 00:43:35.063,3.8727500000000004,3.87021,1,1
17.08.2021 00:43:35.265,3.8728800000000003,3.8702800000000006,1,1
17.08.2021 00:44:29.805,3.8727800000000006,3.87021,1,1
17.08.2021 00:44:35.272,3.8727800000000006,3.8701800000000004,1,1
17.08.2021 00:44:38.160,3.87291,3.8702800000000006,1,1
17.08.2021 00:44:44.111,3.8727800000000006,3.8701800000000004,1,1
17.08.2021 00:45:08.439,3.8729500000000003,3.87031,1,1
17.08.2021 00:45:48.287,3.8729400000000003,3.8703800000000004,1,1
17.08.2021 00:46:48.713,3.8729400000000003,3.87032,1,1
17.08.2021 00:47:20.172,3.87305,3.8704400000000003,1,1
17.08.2021 00:51:09.350,3.8730400000000005,3.87049,1,1
17.08.2021 00:51:09.400,3.87316,3.87052,1,1
17.08.2021 00:51:09.501,3.87321,3.87061,1,1
17.08.2021 00:51:09.602,3.87321,3.87069,1,1
17.08.2021 00:51:10.507,3.87321,3.87072,1,1
17.08.2021 00:51:14.313,3.87321,3.87066,1,1
17.08.2021 00:51:14.363,3.87321,3.87069,1,1
17.08.2021 00:51:14.414,3.8732,3.8706300000000007,1,1
17.08.2021 00:51:14.876,3.87321,3.87061,1,1
17.08.2021 00:51:15.058,3.87321,3.8706199999999997,1,1
17.08.2021 00:51:15.281,3.8732,3.8706199999999997,1,1
17.08.2021 00:51:16.071,3.87321,3.8706199999999997,1,1
17.08.2021 00:51:17.391,3.8732,3.8706199999999997,1,1
17.08.2021 00:51:21.630,3.8731,3.87049,1,1
17.08.2021 00:51:21.754,3.8730900000000004,3.8705300000000005,1,1
17.08.2021 00:51:22.828,3.8731,3.8705600000000002,1,1
17.08.2021 00:51:23.285,3.8730900000000004,3.8705400000000005,1,1
17.08.2021 00:51:23.436,3.8730900000000004,3.87057,1,1
17.08.2021 00:51:23.701,3.8731,3.8705900000000004,1,1
17.08.2021 00:51:23.752,3.8731,3.8705600000000002,1,1
17.08.2021 00:51:28.108,3.8730900000000004,3.8706,1,1
17.08.2021 00:51:28.256,3.8730900000000004,3.8706300000000007,1,1
17.08.2021 00:51:31.277,3.8731,3.87047,1,1.5
17.08.2021 00:51:31.327,3.8731,3.8705900000000004,1,1
17.08.2021 00:51:31.616,3.8731,3.8706199999999997,1,1
17.08.2021 00:51:31.669,3.8731,3.8705600000000002,1,1
17.08.2021 00:51:31.720,3.8731,3.8705900000000004,1,1
17.08.2021 00:51:32.696,3.8731,3.8706199999999997,1,1
17.08.2021 00:51:35.941,3.8731,3.87066,1,1
17.08.2021 00:51:36.211,3.8731,3.8706,1,1
17.08.2021 00:51:36.262,3.8731,3.8706199999999997,1,1
17.08.2021 00:51:37.310,3.87311,3.8706199999999997,1,1
17.08.2021 00:51:37.417,3.8731,3.8707000000000003,1,1
17.08.2021 00:51:37.569,3.87311,3.8706300000000007,1,1
17.08.2021 00:51:37.620,3.8732400000000005,3.87066,1.5,1
17.08.2021 00:51:37.721,3.8732400000000005,3.87072,1.5,1
17.08.2021 00:51:37.865,3.8732400000000005,3.87075,1.5,1
17.08.2021 00:51:37.937,3.8732400000000005,3.87069,1.5,1
17.08.2021 00:51:37.987,3.8732400000000005,3.87072,1.5,1
17.08.2021 00:51:38.768,3.8732400000000005,3.87075,1.5,1
17.08.2021 00:51:40.211,3.8732400000000005,3.87069,1.5,1
17.08.2021 00:51:40.262,3.8732400000000005,3.87072,1.5,1
17.08.2021 00:51:41.549,3.8732400000000005,3.87075,1.5,1
17.08.2021 00:51:41.738,3.8732400000000005,3.87069,1.5,1
17.08.2021 00:51:41.789,3.8732400000000005,3.87072,1.5,1
17.08.2021 00:51:45.395,3.8732300000000004,3.8707000000000003,1.5,1
17.08.2021 00:52:08.489,3.8732300000000004,3.8706400000000003,1.5,1
17.08.2021 00:52:08.640,3.8732400000000005,3.87061,1.5,1
17.08.2021 00:52:08.740,3.8731500000000003,3.8705900000000004,1,1
17.08.2021 00:52:08.791,3.8731500000000003,3.8705600000000002,1,1
17.08.2021 00:52:14.275,3.8731500000000003,3.8705900000000004,1,1
17.08.2021 00:52:14.796,3.8731500000000003,3.8705300000000005,1,1
17.08.2021 00:52:14.846,3.8731400000000002,3.87057,1,1
17.08.2021 00:52:17.664,3.8731400000000002,3.8706,1,1
17.08.2021 00:52:18.080,3.8731500000000003,3.8705300000000005,1,1
17.08.2021 00:52:18.131,3.8731500000000003,3.8705600000000002,1,1
17.08.2021 00:52:28.752,3.8731400000000002,3.8706,1,1
17.08.2021 00:52:29.727,3.8731400000000002,3.8705400000000005,1,1
17.08.2021 00:52:29.777,3.8731500000000003,3.8705600000000002,1,1
17.08.2021 00:52:34.342,3.8731500000000003,3.8705900000000004,1,1
17.08.2021 00:52:34.565,3.8731500000000003,3.8706199999999997,1,1
17.08.2021 00:52:34.935,3.8731500000000003,3.8705600000000002,1,1
17.08.2021 00:52:34.986,3.8731400000000002,3.8706,1,1
17.08.2021 00:52:35.319,3.8731500000000003,3.8706199999999997,1,1
17.08.2021 00:52:35.425,3.8731500000000003,3.8705600000000002,1,1
17.08.2021 00:52:35.475,3.8731500000000003,3.8705900000000004,1,1
17.08.2021 00:52:36.009,3.8731400000000002,3.8706300000000007,1,1
17.08.2021 00:52:36.060,3.8731500000000003,3.8705900000000004,1,1
17.08.2021 00:52:36.704,3.8731400000000002,3.8706300000000007,1,1
17.08.2021 00:52:39.847,3.8731400000000002,3.87057,1,1
17.08.2021 00:52:39.897,3.8731400000000002,3.8706,1,1
17.08.2021 00:52:42.621,3.8731500000000003,3.8706199999999997,1,1
17.08.2021 00:52:42.672,3.8732400000000005,3.87069,1.5,1
17.08.2021 00:52:42.784,3.8732300000000004,3.8707300000000004,1.5,1
17.08.2021 00:52:43.058,3.8732400000000005,3.87075,1.5,1
17.08.2021 00:52:43.315,3.8732400000000005,3.8707900000000004,1.5,1
17.08.2021 00:52:51.299,3.8732400000000005,3.8707300000000004,1.5,1
17.08.2021 00:52:51.350,3.8732400000000005,3.87075,1.5,1
17.08.2021 00:53:24.931,3.8732400000000005,3.8707900000000004,1,1
17.08.2021 00:53:26.702,3.8732300000000004,3.8707400000000005,1,1
17.08.2021 00:53:26.752,3.8732400000000005,3.87075,1,1
17.08.2021 00:53:26.966,3.8732400000000005,3.8707900000000004,1,1
17.08.2021 00:53:41.822,3.8732300000000004,3.8706500000000004,1,1.5
17.08.2021 00:53:41.872,3.8732400000000005,3.87075,1,1
17.08.2021 00:53:42.102,3.8732300000000004,3.8708,1,1
17.08.2021 00:53:42.446,3.8732400000000005,3.8707300000000004,1,1
17.08.2021 00:53:42.496,3.8732400000000005,3.87075,1,1
17.08.2021 00:53:48.326,3.8732400000000005,3.8707900000000004,1,1
17.08.2021 00:53:50.021,3.8732400000000005,3.87075,1,1
17.08.2021 00:53:55.707,3.8733400000000002,3.87077,1,1
17.08.2021 00:53:55.759,3.8733400000000002,3.8707900000000004,1,1
17.08.2021 00:53:55.860,3.8733400000000002,3.8708500000000003,1,1
17.08.2021 00:53:56.038,3.8733400000000002,3.87089,1,1
17.08.2021 00:53:56.088,3.8733400000000002,3.8708500000000003,1,1
17.08.2021 00:53:57.190,3.8733800000000005,3.8708500000000003,1,1
17.08.2021 00:53:57.291,3.87337,3.8709000000000002,1,1
17.08.2021 00:53:57.441,3.8733800000000005,3.87092,1,1
17.08.2021 00:53:59.748,3.8733800000000005,3.87077,1,1.5
17.08.2021 00:53:59.798,3.8733800000000005,3.87089,1,1
17.08.2021 00:54:00.052,3.87337,3.8709300000000004,1,1
17.08.2021 00:54:03.028,3.8733800000000005,3.87086,1,1
17.08.2021 00:54:03.079,3.87337,3.8709000000000002,1,1
17.08.2021 00:54:03.538,3.8733800000000005,3.87092,1,1
17.08.2021 00:54:04.172,3.8733800000000005,3.87086,1,1
17.08.2021 00:54:04.223,3.8733800000000005,3.87089,1,1
17.08.2021 00:54:08.703,3.8733800000000005,3.87092,1,1
17.08.2021 00:54:09.219,3.8733800000000005,3.87077,1,1.5
17.08.2021 00:54:09.270,3.87337,3.8709000000000002,1,1
17.08.2021 00:54:12.266,3.8733800000000005,3.87092,1,1
17.08.2021 00:54:24.016,3.8733800000000005,3.87095,1,1
17.08.2021 00:54:24.306,3.8733800000000005,3.87089,1,1
17.08.2021 00:54:24.356,3.8733800000000005,3.87092,1,1
17.08.2021 00:54:38.487,3.8733800000000005,3.87095,1,1
17.08.2021 00:54:38.943,3.8733800000000005,3.87089,1,1
17.08.2021 00:54:38.993,3.8733800000000005,3.87092,1,1
17.08.2021 00:54:39.666,3.87337,3.87096,1,1
17.08.2021 00:54:40.220,3.8733800000000005,3.87089,1,1
17.08.2021 00:54:40.270,3.8733800000000005,3.87092,1,1
17.08.2021 00:54:42.285,3.8733800000000005,3.8709800000000003,1,1
17.08.2021 00:54:42.343,3.87337,3.8709300000000004,1,1
17.08.2021 00:54:43.077,3.87337,3.87096,1,1
17.08.2021 00:54:44.169,3.87346,3.87096,1,1
17.08.2021 00:54:49.112,3.8734699999999997,3.8709000000000002,1,1
17.08.2021 00:54:49.571,3.8734699999999997,3.87095,1,1
17.08.2021 00:54:50.193,3.87346,3.8710300000000006,1,1
17.08.2021 00:54:50.243,3.87351,3.8710199999999997,1,1
17.08.2021 00:54:50.344,3.87351,3.8710800000000005,1,1
17.08.2021 00:54:50.394,3.8736300000000004,3.8710800000000005,1,1
17.08.2021 00:54:50.445,3.8736300000000004,3.87112,1,1
17.08.2021 00:54:50.495,3.87362,3.8710400000000003,1,1
17.08.2021 00:54:50.546,3.87362,3.87109,1,1
17.08.2021 00:54:50.781,3.87362,3.8711300000000004,1,1
17.08.2021 00:54:51.077,3.8736300000000004,3.87106,1,1
17.08.2021 00:54:51.127,3.87362,3.87109,1,1
17.08.2021 00:54:51.702,3.8736300000000004,3.87112,1,1
17.08.2021 00:54:51.799,3.8736300000000004,3.87106,1,1
17.08.2021 00:54:51.849,3.8736300000000004,3.8710800000000005,1,1
17.08.2021 00:54:52.245,3.87362,3.8711300000000004,1,1
17.08.2021 00:54:52.593,3.8736300000000004,3.87106,1,1
17.08.2021 00:54:52.643,3.8736300000000004,3.8710800000000005,1,1
17.08.2021 00:54:53.278,3.8736300000000004,3.87112,1,1
17.08.2021 00:54:54.631,3.8736300000000004,3.87115,1,1
17.08.2021 00:54:54.682,3.8736300000000004,3.87112,1,1
17.08.2021 00:54:55.312,3.87362,3.87107,1,1
17.08.2021 00:54:55.363,3.8736300000000004,3.8710800000000005,1,1
17.08.2021 00:54:55.531,3.87362,3.8711300000000004,1,1
17.08.2021 00:54:55.582,3.8736300000000004,3.87106,1,1
17.08.2021 00:54:55.632,3.87362,3.87109,1,1
17.08.2021 00:54:59.466,3.8736300000000004,3.8710300000000006,1,1
17.08.2021 00:54:59.517,3.8736300000000004,3.8710500000000003,1,1
17.08.2021 00:54:59.618,3.8735300000000006,3.8710300000000006,1,1
17.08.2021 00:54:59.669,3.87354,3.87095,1,1
17.08.2021 00:54:59.967,3.87354,3.8709800000000003,1,1
17.08.2021 00:55:00.068,3.87354,3.8710500000000003,1,1
17.08.2021 00:55:00.119,3.8736300000000004,3.8710500000000003,1,1
17.08.2021 00:55:00.227,3.87362,3.87109,1,1
17.08.2021 00:55:00.467,3.87362,3.87107,1,1
17.08.2021 00:55:00.517,3.8736300000000004,3.8710800000000005,1,1
17.08.2021 00:55:01.396,3.8736300000000004,3.87112,1,1
17.08.2021 00:55:02.500,3.87362,3.8710400000000003,1,1
17.08.2021 00:55:02.550,3.8736300000000004,3.8710800000000005,1,1
17.08.2021 00:55:02.701,3.8736300000000004,3.87112,1,1
17.08.2021 00:55:05.460,3.8736300000000004,3.87106,1,1
17.08.2021 00:55:05.510,3.8736300000000004,3.8710800000000005,1,1
17.08.2021 00:55:06.575,3.87362,3.8711300000000004,1,1
17.08.2021 00:55:06.626,3.8736300000000004,3.8710800000000005,1,1
17.08.2021 00:55:17.496,3.8736300000000004,3.87112,1,1
17.08.2021 00:55:17.650,3.87362,3.87107,1,1
17.08.2021 00:55:17.701,3.8736300000000004,3.8710800000000005,1,1
17.08.2021 00:55:23.588,3.87362,3.8710400000000003,1,1
17.08.2021 00:55:23.638,3.8736300000000004,3.8710500000000003,1,1
17.08.2021 00:55:25.499,3.8736300000000004,3.8710800000000005,1,1
17.08.2021 00:55:32.416,3.8736300000000004,3.87112,1,1
17.08.2021 00:55:32.783,3.8736300000000004,3.87112,1.5,1
17.08.2021 00:55:37.315,3.8736300000000004,3.87106,1.5,1
17.08.2021 00:55:37.624,3.87362,3.8710400000000003,1.5,1
17.08.2021 00:55:38.059,3.8736300000000004,3.8710800000000005,1.5,1
17.08.2021 00:55:40.774,3.8736300000000004,3.87112,1.5,1
17.08.2021 00:55:49.088,3.8736300000000004,3.87106,1.5,1
17.08.2021 00:55:49.139,3.8736300000000004,3.8710800000000005,1.5,1
17.08.2021 00:55:49.236,3.8736300000000004,3.8710800000000005,1,1
17.08.2021 00:55:49.294,3.8736300000000004,3.87112,1,1
17.08.2021 00:56:28.346,3.8736300000000004,3.87112,1,1.5
17.08.2021 00:56:28.449,3.8736400000000004,3.8711800000000003,1,1
17.08.2021 00:56:28.500,3.87376,3.8711900000000004,1.5,1
17.08.2021 00:56:28.550,3.87376,3.8711900000000004,1,1.5
17.08.2021 00:56:31.672,3.87377,3.8711800000000003,1.5,1
17.08.2021 00:56:32.260,3.87377,3.87121,1.5,1
17.08.2021 00:56:32.506,3.87376,3.87122,1,1.5
17.08.2021 00:56:39.305,3.87376,3.87122,1,1
17.08.2021 00:56:42.404,3.87377,3.87121,1.5,1
17.08.2021 00:56:43.254,3.87377,3.87121,1,1.5
17.08.2021 00:56:48.288,3.87377,3.87121,1.5,1
17.08.2021 00:56:48.393,3.87377,3.8712500000000003,1.5,1
17.08.2021 00:56:48.447,3.87376,3.8712,1.5,1
17.08.2021 00:56:48.498,3.8736699999999997,3.87107,1,1.5
17.08.2021 00:57:06.329,3.87366,3.8711,1,1
17.08.2021 00:57:06.458,3.8736699999999997,3.87112,1,1
17.08.2021 00:57:13.659,3.8736699999999997,3.87112,1.5,1
17.08.2021 00:57:15.570,3.87366,3.8710800000000005,1.5,1
17.08.2021 00:57:15.621,3.8736699999999997,3.8710800000000005,1,1.5
17.08.2021 00:57:17.008,3.8736699999999997,3.87109,1,1
17.08.2021 00:57:17.058,3.8736699999999997,3.87112,1,1
17.08.2021 00:57:22.047,3.8736699999999997,3.87107,1,1
17.08.2021 00:57:22.404,3.87366,3.87109,1,1
17.08.2021 00:57:23.591,3.8736699999999997,3.8710800000000005,1.5,1
17.08.2021 00:57:25.719,3.87366,3.8711300000000004,1.5,1
17.08.2021 00:57:26.228,3.8736699999999997,3.87107,1.5,1
17.08.2021 00:57:26.410,3.8736699999999997,3.8710800000000005,1.5,1
17.08.2021 00:57:26.536,3.8736699999999997,3.8710800000000005,1,1
17.08.2021 00:57:26.635,3.8736699999999997,3.87112,1,1
17.08.2021 00:57:27.114,3.8736699999999997,3.87115,1,1
17.08.2021 00:57:27.229,3.8736699999999997,3.87109,1,1
17.08.2021 00:57:27.279,3.8736699999999997,3.87112,1,1
17.08.2021 00:57:28.962,3.8736699999999997,3.87115,1,1
17.08.2021 00:57:30.047,3.8736699999999997,3.87109,1,1
17.08.2021 00:57:30.098,3.8736699999999997,3.87112,1,1
17.08.2021 00:57:31.197,3.8736699999999997,3.87115,1,1
17.08.2021 00:57:31.969,3.8736699999999997,3.87109,1,1
17.08.2021 00:57:32.019,3.8736699999999997,3.87112,1,1
17.08.2021 00:57:36.757,3.8736699999999997,3.87107,1,1
17.08.2021 00:57:37.930,3.87366,3.8711300000000004,1,1
17.08.2021 00:58:08.594,3.8736699999999997,3.87107,1,1
17.08.2021 00:58:10.497,3.8736699999999997,3.8710800000000005,1,1
17.08.2021 00:58:10.959,3.87366,3.87109,1.5,1
17.08.2021 00:58:11.062,3.8735300000000006,3.8710199999999997,1,1.5
17.08.2021 00:58:11.113,3.87361,3.8710199999999997,1,1.5
17.08.2021 00:58:14.776,3.8736,3.87109,1,1
17.08.2021 00:58:15.216,3.87361,3.87112,1,1
17.08.2021 00:58:18.510,3.87361,3.87106,1,1
17.08.2021 00:58:18.560,3.87361,3.8710800000000005,1,1
17.08.2021 00:58:18.637,3.87361,3.8710199999999997,1,1.5
17.08.2021 00:58:19.229,3.87361,3.8710199999999997,1,1
17.08.2021 00:58:20.840,3.87361,3.87097,1,1
17.08.2021 00:58:20.891,3.8735300000000006,3.87096,1,1.12
17.08.2021 00:58:21.045,3.87356,3.8709800000000003,1,1.5
17.08.2021 00:58:21.712,3.87357,3.8710800000000005,1,1
17.08.2021 00:58:22.727,3.87357,3.8710199999999997,1,1.5
17.08.2021 00:58:28.170,3.87356,3.87109,1,1
17.08.2021 00:58:28.347,3.87357,3.87112,1,1
17.08.2021 00:58:29.092,3.87357,3.87106,1,1
17.08.2021 00:58:29.143,3.87357,3.8710800000000005,1,1
17.08.2021 00:58:29.382,3.87356,3.8710300000000006,1,1.5
17.08.2021 00:58:29.553,3.87357,3.8710800000000005,1,1
17.08.2021 00:58:30.340,3.87357,3.8710199999999997,1,1.5
17.08.2021 00:58:31.357,3.87357,3.8710800000000005,1,1
17.08.2021 00:58:31.425,3.87357,3.8710199999999997,1,1.5
17.08.2021 00:58:31.543,3.87357,3.8710800000000005,1,1
17.08.2021 00:58:33.466,3.87357,3.8710199999999997,1,1.5
17.08.2021 00:58:33.583,3.87357,3.8710800000000005,1,1
17.08.2021 00:58:37.352,3.87356,3.8710300000000006,1,1.5
17.08.2021 00:58:37.503,3.87357,3.8710800000000005,1,1
17.08.2021 00:58:37.747,3.87357,3.8710199999999997,1,1.5
17.08.2021 00:58:38.028,3.87356,3.87109,1,1
17.08.2021 00:58:45.569,3.87357,3.8710199999999997,1,1.5
17.08.2021 00:58:45.791,3.87351,3.87095,1,1.12
17.08.2021 00:58:45.890,3.8736,3.87097,1.5,1
17.08.2021 00:58:45.991,3.8736,3.8710500000000003,1,1.12
17.08.2021 00:58:46.164,3.8736,3.8710800000000005,1,1
17.08.2021 00:58:46.214,3.8736,3.8710500000000003,1,1.12
17.08.2021 00:58:46.682,3.8736,3.8710800000000005,1,1
17.08.2021 00:58:47.175,3.8736,3.8710199999999997,1,1.5
17.08.2021 00:58:47.336,3.8736,3.8710800000000005,1,1
17.08.2021 00:58:47.386,3.8735900000000005,3.87106,1,1.12
17.08.2021 00:58:47.504,3.8736,3.8710800000000005,1,1
17.08.2021 00:58:51.226,3.8736,3.8710199999999997,1,1.5
17.08.2021 00:58:56.701,3.8735900000000005,3.87109,1,1
17.08.2021 00:59:00.760,3.8736,3.87097,1,1.5
17.08.2021 00:59:01.460,3.8735900000000005,3.87109,1,1
17.08.2021 00:59:02.953,3.8735900000000005,3.8710300000000006,1,1.5
17.08.2021 00:59:04.014,3.8736,3.87097,1.5,1
17.08.2021 00:59:04.724,3.8735000000000004,3.87097,1,1
17.08.2021 00:59:05.611,3.8734400000000004,3.87092,1,1.5
17.08.2021 00:59:22.481,3.8734400000000004,3.87089,1,1
17.08.2021 00:59:22.532,3.8734400000000004,3.8708400000000003,1,1.5
17.08.2021 00:59:22.821,3.8734400000000004,3.8708400000000003,1,1
17.08.2021 00:59:22.872,3.8733,3.8708,1,1
17.08.2021 00:59:24.740,3.8733,3.8708300000000007,1,1
17.08.2021 00:59:24.803,3.8733,3.87071,1,1.5
17.08.2021 00:59:24.853,3.87331,3.8707900000000004,1,1.5
17.08.2021 00:59:34.864,3.87331,3.87072,1,1.5
17.08.2021 00:59:57.811,3.87331,3.87075,1,1.5
17.08.2021 00:59:58.111,3.8733,3.8709000000000002,1,1
17.08.2021 00:59:58.521,3.87331,3.8708300000000007,1,1
17.08.2021 00:59:58.571,3.87331,3.8708500000000003,1,1.5
17.08.2021 00:59:58.622,3.87331,3.8707900000000004,1,1.5
17.08.2021 01:00:00.453,3.8731800000000005,3.87066,1,1.5
17.08.2021 01:00:00.594,3.87317,3.8706400000000003,1,1.5
17.08.2021 01:00:00.999,3.87307,3.8706400000000003,1,1.5
17.08.2021 01:00:01.182,3.87307,3.8706400000000003,1,1.5
17.08.2021 01:00:01.332,3.87305,3.87055,1,1
17.08.2021 01:00:01.483,3.8729800000000005,3.87049,1,1.5
17.08.2021 01:00:07.920,3.8729800000000005,3.87049,1,1.5
17.08.2021 01:00:08.070,3.87305,3.8705600000000002,1,1.5
17.08.2021 01:00:13.034,3.8729400000000003,3.8705000000000003,1,1.5
17.08.2021 01:00:13.135,3.8729500000000003,3.87046,1,1.5
17.08.2021 01:00:25.028,3.8729500000000003,3.87037,1,1.5
17.08.2021 01:00:25.078,3.87282,3.87026,1,1.5
17.08.2021 01:00:25.223,3.87282,3.8702900000000002,1,1.5
17.08.2021 01:00:35.160,3.87281,3.8703000000000003,1,1.5
17.08.2021 01:00:49.019,3.87282,3.8703900000000004,1,1.5
17.08.2021 01:00:51.103,3.87281,3.8704,1,1.5
17.08.2021 01:00:58.824,3.87282,3.8703900000000004,1,1.5
17.08.2021 01:01:12.006,3.8729500000000003,3.87046,1,1.5
17.08.2021 01:01:14.780,3.8729400000000003,3.8704400000000003,1,1.5
17.08.2021 01:01:15.405,3.8729500000000003,3.8704300000000003,1,1.5
17.08.2021 01:01:24.360,3.8730800000000003,3.87046,1,1.5
17.08.2021 01:01:24.468,3.8730800000000003,3.8705600000000002,1,1
17.08.2021 01:01:24.518,3.8730800000000003,3.8705600000000002,1,1.5
17.08.2021 01:01:27.168,3.8731300000000006,3.8706199999999997,1,1.5
17.08.2021 01:01:28.068,3.8731199999999997,3.87067,1,1
17.08.2021 01:01:28.241,3.8731300000000006,3.8706,1,1.5
17.08.2021 01:01:30.780,3.8731300000000006,3.8706199999999997,1,1.5
17.08.2021 01:01:30.830,3.87317,3.8706300000000007,1,1.5
17.08.2021 01:01:30.995,3.8732400000000005,3.87067,1,1.5
17.08.2021 01:01:31.180,3.8732400000000005,3.8707300000000004,1,1.5
17.08.2021 01:02:00.390,3.8732,3.8705800000000004,1,1.5
17.08.2021 01:02:00.491,3.87321,3.8706199999999997,1,1.5
17.08.2021 01:02:00.678,3.87321,3.8705900000000004,1,1.5
17.08.2021 01:02:11.784,3.87321,3.8705900000000004,1,1.5
17.08.2021 01:02:15.368,3.87321,3.87072,1,1.5
17.08.2021 01:02:26.433,3.87321,3.87072,1,1.5
17.08.2021 01:02:26.987,3.8732,3.8706,1,1.5
17.08.2021 01:02:41.485,3.87321,3.87066,1,1
17.08.2021 01:02:41.536,3.87321,3.87069,1,1
17.08.2021 01:02:41.691,3.87325,3.87072,1,1.5
17.08.2021 01:02:41.832,3.87325,3.87075,1,1.5
17.08.2021 01:02:51.230,3.8733,3.87076,1,1.5
17.08.2021 01:03:51.923,3.87321,3.87066,1,1.5
17.08.2021 01:03:51.973,3.8732,3.87067,1,1.5
17.08.2021 01:03:52.193,3.87321,3.87072,1,1.5
17.08.2021 01:04:20.824,3.8732400000000005,3.8707900000000004,1,1.5
17.08.2021 01:04:48.415,3.8732300000000004,3.8708,1,1.5
17.08.2021 01:04:48.465,3.8733400000000002,3.87072,1,1.5
17.08.2021 01:05:09.513,3.8733400000000002,3.87092,1,1.5
17.08.2021 01:05:11.340,3.8733300000000006,3.87072,1,1.5
17.08.2021 01:05:15.578,3.8734,3.8708500000000003,1,1.5
17.08.2021 01:05:15.628,3.8734100000000002,3.8708400000000003,1,1.5
17.08.2021 01:05:15.801,3.8734100000000002,3.8708400000000003,1,1.5
17.08.2021 01:05:49.391,3.8734100000000002,3.8708400000000003,1,1.5
17.08.2021 01:05:49.581,3.8732800000000003,3.87071,1,1.5
17.08.2021 01:05:49.631,3.8732699999999998,3.87072,1,1.5
17.08.2021 01:06:48.060,3.8731800000000005,3.87067,1,1.5
17.08.2021 01:06:48.206,3.8731800000000005,3.87057,1.5,1.5
17.08.2021 01:06:49.335,3.87317,3.8705800000000004,1.5,1.5
17.08.2021 01:07:34.018,3.87305,3.87047,1,1.5
17.08.2021 01:07:34.210,3.87301,3.8704400000000003,1.5,1
17.08.2021 01:07:41.154,3.8729199999999997,3.87031,1,2
17.08.2021 01:08:23.385,3.87301,3.8704400000000003,1.5,1
17.08.2021 01:08:23.551,3.87305,3.8704400000000003,1,1.5
17.08.2021 01:09:03.405,3.87305,3.8704400000000003,1,1.5
17.08.2021 01:09:09.723,3.8730400000000005,3.8704500000000004,1,1.5
17.08.2021 01:09:19.703,3.87305,3.8704400000000003,1,1.5
17.08.2021 01:09:19.840,3.8729400000000003,3.8703300000000005,1,2
17.08.2021 01:09:56.760,3.8729400000000003,3.8703300000000005,1,1.5
17.08.2021 01:09:56.810,3.87282,3.87021,1,1.5
17.08.2021 01:09:56.934,3.87281,3.8702199999999998,1,1.5
17.08.2021 01:10:59.389,3.8729500000000003,3.87034,1.12,1.5
17.08.2021 01:10:59.439,3.8729400000000003,3.87035,1,1.5
17.08.2021 01:11:05.043,3.87285,3.87021,1,1.5
17.08.2021 01:11:24.308,3.87285,3.87021,1,1.5
17.08.2021 01:11:25.108,3.8727400000000003,3.8702,1,1.5
17.08.2021 01:11:31.906,3.8727500000000004,3.8701900000000005,1,1.5
17.08.2021 01:11:33.461,3.8727500000000004,3.8701900000000005,1,1.5
17.08.2021 01:11:33.512,3.8728300000000004,3.8702,1,1.5
17.08.2021 01:11:33.663,3.8728300000000004,3.8702,1,1.5
17.08.2021 01:11:38.168,3.8729500000000003,3.87031,1,1.5
17.08.2021 01:11:38.219,3.8729500000000003,3.87031,1.12,1.5
17.08.2021 01:11:38.373,3.8729500000000003,3.87031,1,1.5
17.08.2021 01:12:18.259,3.8729500000000003,3.87031,1.12,1.5
17.08.2021 01:12:18.459,3.8729500000000003,3.87031,1,1.5
17.08.2021 01:12:29.251,3.8729500000000003,3.87031,1,1.5
17.08.2021 01:12:29.301,3.87305,3.87041,1,1.5
17.08.2021 01:12:34.455,3.8729800000000005,3.87035,1,1.5
17.08.2021 01:12:34.556,3.8729800000000005,3.87035,1,1.5
17.08.2021 01:12:34.859,3.8729800000000005,3.87035,1.5,1.12
17.08.2021 01:12:39.497,3.8729199999999997,3.8702400000000003,1,1.5
17.08.2021 01:12:46.975,3.87291,3.87025,1,1.5
17.08.2021 01:13:02.490,3.87291,3.87025,1,1.5
17.08.2021 01:13:24.265,3.87285,3.87021,1,2
17.08.2021 01:14:01.867,3.87285,3.87021,1,2
17.08.2021 01:14:01.918,3.8727199999999997,3.8700800000000006,1,1.5
17.08.2021 01:14:02.037,3.8727199999999997,3.8700800000000006,1,1.5
17.08.2021 01:14:03.266,3.87259,3.8700300000000003,1,1.5
17.08.2021 01:15:17.559,3.87259,3.8699500000000002,1,1.5
17.08.2021 01:15:17.610,3.8724900000000004,3.8700300000000003,1,1.5
17.08.2021 01:15:17.761,3.8724800000000004,3.8700400000000004,1,1.5
17.08.2021 01:15:25.908,3.8724800000000004,3.8700400000000004,1,1.5
17.08.2021 01:15:34.894,3.8724800000000004,3.86991,1,1.5
17.08.2021 01:16:15.887,3.8724900000000004,3.8698800000000007,1,1
17.08.2021 01:16:18.147,3.8724900000000004,3.8698800000000007,1,1.5
17.08.2021 01:16:18.834,3.8724800000000004,3.8699300000000005,1,1.5
17.08.2021 01:16:18.885,3.8726000000000003,3.8699900000000005,1,1.5
17.08.2021 01:16:30.108,3.8724900000000004,3.86992,1,1.5
17.08.2021 01:16:30.158,3.8724800000000004,3.86986,1,1.5
17.08.2021 01:16:52.281,3.8725199999999997,3.8699500000000002,1,1.12
17.08.2021 01:16:52.331,3.8725199999999997,3.8699500000000002,1,1.5
17.08.2021 01:16:52.489,3.8725199999999997,3.8699500000000002,1,1.5
17.08.2021 01:17:04.371,3.8725800000000006,3.8699900000000005,1,1.5
17.08.2021 01:17:46.606,3.87259,3.8699800000000004,1,1.5
17.08.2021 01:17:46.747,3.8725199999999997,3.8699800000000004,1,1.5
17.08.2021 01:17:47.098,3.8725199999999997,3.86992,1,1.5
17.08.2021 01:19:35.449,3.8725199999999997,3.86992,1,1.5
17.08.2021 01:19:35.651,3.8725199999999997,3.86992,1,1.5
17.08.2021 01:19:37.153,3.87251,3.8699300000000005,1,1.5
17.08.2021 01:19:37.308,3.8725199999999997,3.86992,1,1.5
17.08.2021 01:20:17.713,3.87239,3.86992,1,1.5
17.08.2021 01:20:17.763,3.8723800000000006,3.8697900000000005,1,1.5
17.08.2021 01:20:39.883,3.87239,3.8697800000000004,1,1.5
17.08.2021 01:20:55.316,3.8724900000000004,3.86985,1,1.5
17.08.2021 01:22:10.323,3.87236,3.8697500000000002,1,1.5
17.08.2021 01:22:10.466,3.8723500000000004,3.86976,1,1.5
17.08.2021 01:22:13.942,3.87236,3.8697500000000002,1,1.5
17.08.2021 01:22:32.155,3.87236,3.8697500000000002,1,1.5
17.08.2021 01:22:32.207,3.87236,3.8697500000000002,1,1.5
17.08.2021 01:22:34.900,3.87236,3.8697500000000002,1.5,1.12
17.08.2021 01:22:51.044,3.87236,3.86977,1.5,1
17.08.2021 01:22:51.209,3.87236,3.8698,1.5,1
17.08.2021 01:22:52.525,3.8723500000000004,3.86981,1,1
17.08.2021 01:22:52.676,3.87236,3.8699000000000003,1,1
17.08.2021 01:22:52.865,3.8723500000000004,3.86994,1,1
17.08.2021 01:22:52.921,3.87236,3.8698400000000004,1,1.5
17.08.2021 01:22:52.972,3.87236,3.8699000000000003,1,1
17.08.2021 01:22:53.650,3.8723500000000004,3.86994,1,1
17.08.2021 01:22:54.077,3.8723500000000004,3.8698800000000007,1,1
17.08.2021 01:22:54.128,3.87236,3.8699000000000003,1,1
17.08.2021 01:22:54.413,3.87236,3.8699300000000005,1,1
17.08.2021 01:22:54.656,3.87236,3.8699000000000003,1,1
17.08.2021 01:22:54.790,3.87236,3.8699300000000005,1,1
17.08.2021 01:22:54.996,3.87236,3.8699300000000005,1,1.5
17.08.2021 01:22:55.046,3.87236,3.8699300000000005,1,1
17.08.2021 01:23:01.067,3.87236,3.8698699999999997,1,1
17.08.2021 01:23:01.117,3.87236,3.8699000000000003,1,1
17.08.2021 01:23:04.113,3.87236,3.8699300000000005,1,1
17.08.2021 01:23:09.753,3.87236,3.8698699999999997,1,1
17.08.2021 01:23:09.803,3.8723500000000004,3.86991,1,1
17.08.2021 01:23:10.671,3.87236,3.8699300000000005,1,1
17.08.2021 01:23:12.757,3.8724900000000004,3.8699300000000005,1,1.5
17.08.2021 01:23:12.807,3.8724900000000004,3.86997,1,1
17.08.2021 01:23:12.969,3.8724800000000004,3.86992,1,1.5
17.08.2021 01:23:13.855,3.8724800000000004,3.8699800000000004,1,1
17.08.2021 01:23:16.579,3.8724900000000004,3.86991,1,1.5
17.08.2021 01:23:16.805,3.8724900000000004,3.86997,1,1
17.08.2021 01:23:17.095,3.8724900000000004,3.87,1,1
17.08.2021 01:23:17.145,3.8724900000000004,3.86994,1,1.5
17.08.2021 01:23:17.196,3.8724800000000004,3.8699800000000004,1,1
17.08.2021 01:23:17.696,3.8724900000000004,3.86991,1,1.5
17.08.2021 01:23:17.917,3.8724800000000004,3.8699800000000004,1,1
17.08.2021 01:23:26.418,3.8725199999999997,3.8699800000000004,1,1
17.08.2021 01:23:26.469,3.87251,3.87001,1,1.5
17.08.2021 01:23:26.914,3.8725199999999997,3.87006,1,1
17.08.2021 01:23:27.033,3.87251,3.87002,1,1.5
17.08.2021 01:23:27.533,3.8725199999999997,3.8701000000000003,1,1
17.08.2021 01:23:27.584,3.8725199999999997,3.87001,1,1.5
17.08.2021 01:23:27.979,3.8725199999999997,3.8701000000000003,1,1
17.08.2021 01:23:28.029,3.87261,3.87002,1,1.5
17.08.2021 01:23:28.465,3.87262,3.8701000000000003,1,1
17.08.2021 01:23:28.515,3.87262,3.87001,1,1.5
17.08.2021 01:23:29.413,3.87261,3.87014,1,1
17.08.2021 01:23:29.482,3.87262,3.8700699999999997,1,1
17.08.2021 01:23:29.533,3.87262,3.87001,1,1.5
17.08.2021 01:23:33.914,3.87261,3.87011,1,1
17.08.2021 01:23:33.983,3.87262,3.8700400000000004,1,1.5
17.08.2021 01:23:34.966,3.87262,3.8701000000000003,1,1
17.08.2021 01:23:35.016,3.87261,3.87002,1,1.5
17.08.2021 01:23:35.464,3.87261,3.87011,1,1
17.08.2021 01:23:35.515,3.87262,3.87001,1,1.5
17.08.2021 01:23:35.967,3.87261,3.87011,1,1
17.08.2021 01:23:36.017,3.87261,3.87002,1,1.5
17.08.2021 01:23:36.465,3.87262,3.8701000000000003,1,1
17.08.2021 01:23:36.516,3.87261,3.87002,1,1.5
17.08.2021 01:23:36.965,3.87262,3.8701000000000003,1,1
17.08.2021 01:23:37.016,3.87262,3.87001,1,1.5
17.08.2021 01:23:37.473,3.87261,3.87014,1,1
17.08.2021 01:23:37.524,3.87261,3.87002,1,1.5
17.08.2021 01:23:37.923,3.87261,3.87011,1,1
17.08.2021 01:23:37.983,3.87261,3.8699900000000005,1,1.5
17.08.2021 01:23:38.424,3.87262,3.8701300000000005,1,1
17.08.2021 01:23:38.483,3.87262,3.8699800000000004,1,2
17.08.2021 01:23:38.915,3.87262,3.8701300000000005,1,1
17.08.2021 01:23:38.983,3.87261,3.8700800000000006,1,1
17.08.2021 01:23:39.433,3.87261,3.87014,1,1
17.08.2021 01:23:39.487,3.87262,3.8700699999999997,1,1
17.08.2021 01:23:39.538,3.87261,3.87002,1,1.5
17.08.2021 01:23:39.964,3.87262,3.8701300000000005,1,1
17.08.2021 01:23:40.015,3.87262,3.87001,1,1.5
17.08.2021 01:23:40.422,3.87262,3.8701300000000005,1,1
17.08.2021 01:23:40.482,3.87262,3.8700699999999997,1,1
17.08.2021 01:23:40.533,3.87262,3.87001,1,1.5
17.08.2021 01:23:41.964,3.87261,3.87014,1,1
17.08.2021 01:23:42.015,3.87261,3.87002,1,1.5
17.08.2021 01:23:42.478,3.87261,3.87014,1,1
17.08.2021 01:23:42.529,3.87262,3.87001,1,1.5
17.08.2021 01:23:42.923,3.87262,3.8701300000000005,1,1
17.08.2021 01:23:42.989,3.87262,3.8699800000000004,1,1.5
17.08.2021 01:23:43.212,3.87262,3.8701300000000005,1,1
17.08.2021 01:23:46.176,3.87267,3.87014,1,1.5
17.08.2021 01:23:46.227,3.8726800000000003,3.8702,1,1
17.08.2021 01:23:46.277,3.87271,3.87021,1,1
17.08.2021 01:23:46.327,3.8727199999999997,3.8702,1,1.5
17.08.2021 01:23:47.290,3.8727199999999997,3.87026,1,1
17.08.2021 01:23:48.908,3.8727199999999997,3.8702900000000002,1,1
17.08.2021 01:23:48.959,3.8727199999999997,3.87026,1,1
17.08.2021 01:23:50.552,3.8727199999999997,3.87011,1,1.5
17.08.2021 01:23:50.857,3.8727199999999997,3.87026,1,1
17.08.2021 01:23:52.065,3.87271,3.87021,1,1.5
17.08.2021 01:23:53.077,3.8727199999999997,3.87026,1,1
17.08.2021 01:23:54.773,3.87271,3.87021,1,1.5
17.08.2021 01:23:55.865,3.8727199999999997,3.87026,1,1
17.08.2021 01:23:59.224,3.8727199999999997,3.8702,1,1.5
17.08.2021 01:23:59.421,3.87271,3.87027,1,1
17.08.2021 01:24:01.873,3.8727199999999997,3.8702900000000002,1,1
17.08.2021 01:24:01.924,3.87271,3.87027,1,1
17.08.2021 01:24:02.144,3.87281,3.87026,1,1
17.08.2021 01:24:02.209,3.87281,3.8702900000000002,1,1
17.08.2021 01:24:02.903,3.8728000000000002,3.8702400000000003,1,1.5
17.08.2021 01:24:03.412,3.8728000000000002,3.8703000000000003,1,1
17.08.2021 01:24:03.891,3.87281,3.8702300000000003,1,1.5
17.08.2021 01:24:05.207,3.87281,3.8702900000000002,1,1
17.08.2021 01:24:05.707,3.8728000000000002,3.8702199999999998,1,1.5
17.08.2021 01:24:05.934,3.87281,3.8702900000000002,1,1
17.08.2021 01:24:08.492,3.87281,3.87021,1,1.5
17.08.2021 01:24:08.792,3.87281,3.8702900000000002,1,1
17.08.2021 01:24:09.078,3.87281,3.8702300000000003,1,1.5
17.08.2021 01:24:09.261,3.87281,3.8702900000000002,1,1
17.08.2021 01:24:09.898,3.8728000000000002,3.8702400000000003,1,1.5
17.08.2021 01:24:09.999,3.87281,3.87026,1,1
17.08.2021 01:24:14.532,3.87281,3.8702900000000002,1,1
17.08.2021 01:24:15.215,3.87281,3.8702300000000003,1,1.5
17.08.2021 01:24:15.657,3.87281,3.87026,1,1
17.08.2021 01:24:16.386,3.87281,3.8702900000000002,1,1
17.08.2021 01:24:16.927,3.8728000000000002,3.8702400000000003,1,1.5
17.08.2021 01:24:17.052,3.87281,3.8702900000000002,1,1
17.08.2021 01:24:18.510,3.87281,3.8702300000000003,1,1.5
17.08.2021 01:24:18.611,3.8728400000000005,3.87027,1.12,1
17.08.2021 01:24:18.662,3.8728400000000005,3.87037,1.12,1
17.08.2021 01:24:21.467,3.87285,3.8703900000000004,1,1
17.08.2021 01:24:25.216,3.87285,3.8703300000000005,1,1.5
17.08.2021 01:24:25.657,3.8728400000000005,3.87037,1,1
17.08.2021 01:24:29.023,3.87285,3.8703000000000003,1,1.5
17.08.2021 01:24:29.218,3.8728400000000005,3.87027,1.12,1
17.08.2021 01:24:30.122,3.87285,3.8702900000000002,1.12,1
17.08.2021 01:24:30.655,3.8728400000000005,3.8702400000000003,1.12,1.5
17.08.2021 01:24:30.853,3.87285,3.8702900000000002,1.12,1
17.08.2021 01:24:31.159,3.8728400000000005,3.8702400000000003,1.12,1.5
17.08.2021 01:24:32.315,3.8728400000000005,3.87027,1.12,1
17.08.2021 01:24:34.132,3.87285,3.87021,1.12,1.5
17.08.2021 01:24:34.233,3.87277,3.87021,1,1
17.08.2021 01:24:34.378,3.87276,3.8702199999999998,1.5,1
17.08.2021 01:24:34.508,3.87277,3.8702300000000003,1.5,1
17.08.2021 01:24:34.705,3.87277,3.8702300000000003,1,1.5
17.08.2021 01:24:35.498,3.87277,3.8702900000000002,1,1
17.08.2021 01:24:35.569,3.87277,3.8702300000000003,1,1.5
17.08.2021 01:24:35.739,3.87277,3.87026,1,1
17.08.2021 01:24:36.225,3.87277,3.8702900000000002,1,1
17.08.2021 01:24:36.275,3.87277,3.87026,1,1
17.08.2021 01:24:45.258,3.87277,3.87021,1,1.5
17.08.2021 01:24:45.457,3.87277,3.87026,1,1
17.08.2021 01:24:45.566,3.87276,3.8702400000000003,1,1.5
17.08.2021 01:24:47.219,3.87277,3.87026,1,1
17.08.2021 01:24:48.182,3.87277,3.87021,1,1.5
17.08.2021 01:24:50.142,3.87277,3.87026,1,1
17.08.2021 01:24:55.461,3.87277,3.8702900000000002,1,1
17.08.2021 01:24:59.991,3.87276,3.8702400000000003,1,1.5
17.08.2021 01:25:00.922,3.87277,3.87026,1,1
17.08.2021 01:25:08.948,3.87277,3.87021,1,1.5
17.08.2021 01:25:09.283,3.87276,3.87027,1,1
17.08.2021 01:25:15.636,3.87277,3.87021,1,1.5
17.08.2021 01:25:15.687,3.8727300000000007,3.87014,1,1.5
17.08.2021 01:25:15.802,3.8727400000000003,3.87016,1,1
17.08.2021 01:25:15.852,3.8727400000000003,3.87016,1.5,1
17.08.2021 01:25:15.903,3.8727400000000003,3.87011,1.5,1
17.08.2021 01:25:16.373,3.8727400000000003,3.8701300000000005,1.5,1
17.08.2021 01:25:19.536,3.8727400000000003,3.87011,1.5,1
17.08.2021 01:25:19.738,3.8727300000000007,3.87014,1.5,1
17.08.2021 01:25:22.899,3.8727300000000007,3.87012,1.5,1
17.08.2021 01:25:24.273,3.8727400000000003,3.8701300000000005,1.5,1
17.08.2021 01:25:24.365,3.8727400000000003,3.87011,1.5,1
17.08.2021 01:25:24.919,3.8727400000000003,3.8701300000000005,1.5,1
17.08.2021 01:25:31.172,3.8727400000000003,3.87011,1.5,1
17.08.2021 01:25:31.921,3.8727400000000003,3.8701300000000005,1.5,1
17.08.2021 01:25:35.690,3.8727400000000003,3.8702,1,1
17.08.2021 01:25:35.822,3.8727400000000003,3.8702300000000003,1,1
17.08.2021 01:25:36.080,3.8727300000000007,3.8702400000000003,1,1.5
17.08.2021 01:25:37.615,3.8727400000000003,3.87026,1,1
17.08.2021 01:25:40.028,3.8727400000000003,3.8702,1,1.5
17.08.2021 01:25:41.455,3.8727400000000003,3.8702300000000003,1,1
17.08.2021 01:25:41.576,3.8727300000000007,3.87017,1,1
17.08.2021 01:25:41.677,3.8727400000000003,3.8701300000000005,1,1
17.08.2021 01:25:42.155,3.8727400000000003,3.87016,1,1
17.08.2021 01:25:48.033,3.8727300000000007,3.87012,1,1
17.08.2021 01:25:48.084,3.8727300000000007,3.87014,1,1
17.08.2021 01:26:00.238,3.8727400000000003,3.8701300000000005,1.5,1
17.08.2021 01:26:01.010,3.8727400000000003,3.87011,1.5,1
17.08.2021 01:26:15.972,3.8727300000000007,3.87012,1,1.5
17.08.2021 01:26:22.380,3.87267,3.87011,1,1.5
17.08.2021 01:26:22.925,3.87265,3.8701000000000003,1,1.5
17.08.2021 01:26:31.307,3.87265,3.87006,1,1.5
17.08.2021 01:26:36.408,3.87265,3.8701000000000003,1,1.5
17.08.2021 01:27:02.711,3.8726400000000005,3.8700699999999997,1.5,1
17.08.2021 01:27:03.560,3.8726400000000005,3.87011,1.5,1
17.08.2021 01:27:07.106,3.87265,3.8700400000000004,1.5,1
17.08.2021 01:27:07.156,3.8726400000000005,3.8700699999999997,1.5,1
17.08.2021 01:27:07.926,3.87265,3.87006,1.5,1
17.08.2021 01:27:08.427,3.87265,3.8701000000000003,1.5,1
17.08.2021 01:27:08.510,3.87265,3.87001,1.5,1
17.08.2021 01:27:08.561,3.87265,3.87006,1.5,1
17.08.2021 01:27:09.823,3.87265,3.8701000000000003,1.5,1
17.08.2021 01:27:14.453,3.87265,3.8700400000000004,1.5,1
17.08.2021 01:27:14.504,3.8726400000000005,3.8700699999999997,1.5,1
17.08.2021 01:27:17.300,3.8726400000000005,3.87011,1.5,1
17.08.2021 01:27:20.074,3.87265,3.8700400000000004,1.5,1
17.08.2021 01:27:20.124,3.8726400000000005,3.8700699999999997,1.5,1
17.08.2021 01:27:20.381,3.87265,3.8701000000000003,1.5,1
17.08.2021 01:27:22.785,3.87265,3.8700400000000004,1.5,1
17.08.2021 01:27:22.836,3.87265,3.87006,1.5,1
17.08.2021 01:27:23.088,3.8726400000000005,3.87011,1.5,1
17.08.2021 01:27:25.938,3.87265,3.8700400000000004,1.5,1
17.08.2021 01:27:25.988,3.87265,3.87006,1.5,1
17.08.2021 01:27:26.217,3.87265,3.8701000000000003,1.5,1
17.08.2021 01:27:26.270,3.87265,3.8700400000000004,1.5,1
17.08.2021 01:27:26.320,3.87265,3.87006,1.5,1
17.08.2021 01:27:26.974,3.8726400000000005,3.8700699999999997,1,1.5
17.08.2021 01:27:27.750,3.8725199999999997,3.86997,1,1.5
17.08.2021 01:27:27.912,3.87251,3.8699800000000004,1,1
17.08.2021 01:27:28.216,3.8725199999999997,3.86992,1,1.5
17.08.2021 01:27:28.390,3.87251,3.8699800000000004,1,1
17.08.2021 01:27:28.668,3.87251,3.8699300000000005,1,1.5
17.08.2021 01:27:28.889,3.8725199999999997,3.86997,1,1
17.08.2021 01:27:30.012,3.87251,3.8699300000000005,1,1.5
17.08.2021 01:27:30.174,3.8725199999999997,3.86997,1,1
17.08.2021 01:27:31.287,3.8725199999999997,3.86992,1,1.5
17.08.2021 01:27:31.464,3.8725199999999997,3.86997,1,1
17.08.2021 01:27:32.382,3.8725199999999997,3.86997,1,1.5
17.08.2021 01:27:34.944,3.8725199999999997,3.86997,1,1
17.08.2021 01:27:44.098,3.87251,3.87001,1,1
17.08.2021 01:27:44.341,3.87251,3.8699500000000002,1,1.5
17.08.2021 01:27:44.391,3.87251,3.8699800000000004,1,1
17.08.2021 01:27:45.378,3.8725199999999997,3.87,1,1
17.08.2021 01:27:45.502,3.87251,3.8699500000000002,1,1.5
17.08.2021 01:27:45.552,3.8725199999999997,3.86997,1,1
17.08.2021 01:27:46.463,3.8725199999999997,3.87,1,1
17.08.2021 01:27:48.147,3.87251,3.8699800000000004,1,1
17.08.2021 01:27:48.855,3.8725199999999997,3.86992,1,1.5
17.08.2021 01:28:03.419,3.8725199999999997,3.86997,1,1
17.08.2021 01:28:03.538,3.87251,3.8699800000000004,1.5,1
17.08.2021 01:28:05.430,3.8725199999999997,3.87,1.5,1
17.08.2021 01:28:05.484,3.8725199999999997,3.86994,1.5,1
17.08.2021 01:28:05.535,3.8725199999999997,3.86997,1.5,1
17.08.2021 01:28:10.244,3.87251,3.8699300000000005,1.5,1
17.08.2021 01:28:10.579,3.87251,3.8699800000000004,1.5,1
17.08.2021 01:28:11.671,3.8725199999999997,3.86992,1.5,1
17.08.2021 01:28:11.949,3.87251,3.8699800000000004,1.5,1
17.08.2021 01:28:12.043,3.8725199999999997,3.86992,1.5,1
17.08.2021 01:28:13.145,3.8725199999999997,3.8699300000000005,1.5,1
17.08.2021 01:28:26.821,3.8725199999999997,3.86997,1.5,1
17.08.2021 01:28:34.716,3.8725199999999997,3.86992,1.5,1
17.08.2021 01:28:34.868,3.8725199999999997,3.8699300000000005,1.5,1
17.08.2021 01:28:42.225,3.8725199999999997,3.86997,1.5,1
17.08.2021 01:28:51.048,3.8725199999999997,3.87,1.5,1
17.08.2021 01:28:51.149,3.8725199999999997,3.87,1,1
17.08.2021 01:28:51.199,3.8725199999999997,3.8700300000000003,1,1
17.08.2021 01:28:51.651,3.8725199999999997,3.87006,1,1
17.08.2021 01:28:54.796,3.8725500000000004,3.87006,1.12,1
17.08.2021 01:28:55.139,3.8725500000000004,3.8701000000000003,1.12,1
17.08.2021 01:28:55.213,3.8725500000000004,3.8700400000000004,1.12,1
17.08.2021 01:28:55.264,3.8725500000000004,3.87006,1.12,1
17.08.2021 01:29:00.750,3.8725400000000003,3.87001,1.12,1
17.08.2021 01:29:00.800,3.8725400000000003,3.8700400000000004,1.12,1
17.08.2021 01:29:01.026,3.8725500000000004,3.87006,1.5,1
17.08.2021 01:29:01.077,3.8725500000000004,3.87006,1.12,1
17.08.2021 01:29:01.241,3.8725500000000004,3.87,1.12,1
17.08.2021 01:29:01.292,3.8725500000000004,3.8700300000000003,1.12,1
17.08.2021 01:29:01.397,3.8725500000000004,3.87006,1.12,1
17.08.2021 01:29:01.448,3.8725400000000003,3.8700400000000004,1.12,1
17.08.2021 01:29:01.606,3.8725400000000003,3.8700699999999997,1.12,1
17.08.2021 01:29:03.930,3.8725500000000004,3.8701000000000003,1.12,1
17.08.2021 01:29:04.076,3.8725400000000003,3.87005,1.12,1
17.08.2021 01:29:04.126,3.8725500000000004,3.87006,1.12,1
17.08.2021 01:29:04.393,3.8725500000000004,3.8701000000000003,1.12,1
17.08.2021 01:29:04.920,3.87262,3.8701300000000005,1.5,1
17.08.2021 01:29:12.409,3.87262,3.8701300000000005,1,1
17.08.2021 01:29:18.419,3.87262,3.87016,1,1
17.08.2021 01:29:18.562,3.87262,3.8701000000000003,1,1
17.08.2021 01:29:18.612,3.87261,3.87014,1,1
17.08.2021 01:29:18.914,3.87262,3.87016,1,1
17.08.2021 01:29:20.082,3.87262,3.8701000000000003,1,1
17.08.2021 01:29:20.133,3.87262,3.87006,1,1
17.08.2021 01:29:20.405,3.87262,3.87006,1.5,1
17.08.2021 01:29:20.547,3.87262,3.8700400000000004,1.5,1
17.08.2021 01:29:20.598,3.87262,3.87006,1.5,1
17.08.2021 01:29:20.925,3.87261,3.87011,1.5,1
17.08.2021 01:29:20.981,3.87261,3.87,1.5,1
17.08.2021 01:29:21.031,3.87261,3.8700699999999997,1.5,1
17.08.2021 01:29:21.863,3.87261,3.87011,1.5,1
17.08.2021 01:29:25.396,3.87261,3.87014,1.5,1
17.08.2021 01:29:28.351,3.87271,3.8701300000000005,1.5,1
17.08.2021 01:29:28.543,3.8727,3.87014,1.5,1
17.08.2021 01:29:32.021,3.8726900000000004,3.87014,1,1.5
17.08.2021 01:29:38.890,3.8727,3.8701300000000005,1,1.5
17.08.2021 01:29:39.008,3.87279,3.8702,1,1.5
17.08.2021 01:29:39.078,3.87282,3.8702,1,1.5
17.08.2021 01:29:39.321,3.87282,3.87026,1,1
17.08.2021 01:29:48.546,3.87281,3.8703000000000003,1,1
17.08.2021 01:29:50.399,3.87282,3.8701800000000004,1,1.5
17.08.2021 01:29:50.564,3.87282,3.8702900000000002,1,1
17.08.2021 01:29:50.899,3.87282,3.8702300000000003,1,1.5
17.08.2021 01:29:51.064,3.87281,3.8703000000000003,1,1
17.08.2021 01:29:52.204,3.87281,3.8702400000000003,1,1.5
17.08.2021 01:29:52.314,3.87282,3.8702900000000002,1,1
17.08.2021 01:29:54.742,3.87282,3.8702300000000003,1,1.5
17.08.2021 01:29:54.915,3.87282,3.8702900000000002,1,1
17.08.2021 01:29:56.015,3.87282,3.8701800000000004,1,1.5
17.08.2021 01:29:56.288,3.87281,3.8703000000000003,1,1
17.08.2021 01:29:57.371,3.87282,3.8702300000000003,1,1.5
17.08.2021 01:29:57.588,3.87282,3.8702900000000002,1,1
17.08.2021 01:29:58.688,3.87282,3.8702300000000003,1,1.5
17.08.2021 01:29:58.938,3.87282,3.8702900000000002,1,1
17.08.2021 01:30:00.029,3.87281,3.8702400000000003,1,1.5
17.08.2021 01:30:00.238,3.87282,3.8702900000000002,1,1
17.08.2021 01:30:01.319,3.87282,3.8702300000000003,1,1.5
17.08.2021 01:30:01.540,3.87282,3.8702900000000002,1,1
17.08.2021 01:30:02.623,3.87282,3.8702300000000003,1,1.5
17.08.2021 01:30:02.839,3.87282,3.8702900000000002,1,1
17.08.2021 01:30:03.944,3.87282,3.8702300000000003,1,1.5
17.08.2021 01:30:04.233,3.87281,3.8703000000000003,1,1
17.08.2021 01:30:04.709,3.87282,3.8702900000000002,1,1.5
17.08.2021 01:30:08.262,3.8728300000000004,3.87034,1,1.5
17.08.2021 01:30:08.362,3.8729199999999997,3.8703900000000004,1,1
17.08.2021 01:30:08.413,3.87291,3.8702900000000002,1,1.5
17.08.2021 01:30:08.967,3.87291,3.8702900000000002,1,1.5
17.08.2021 01:30:09.114,3.8729199999999997,3.8703900000000004,1,1
17.08.2021 01:30:09.418,3.87291,3.87034,1,1.5
17.08.2021 01:30:09.588,3.87291,3.8704,1,1
17.08.2021 01:30:09.868,3.87291,3.87034,1,1.5
17.08.2021 01:30:10.068,3.8729199999999997,3.8703900000000004,1,1
17.08.2021 01:30:10.337,3.8729199999999997,3.8703300000000005,1,1.5
17.08.2021 01:30:10.807,3.87291,3.87037,1,1
17.08.2021 01:30:12.588,3.8729199999999997,3.8703900000000004,1,1
17.08.2021 01:30:13.543,3.87291,3.8704,1,1.5
17.08.2021 01:30:16.397,3.8729199999999997,3.87046,1,1
17.08.2021 01:30:16.503,3.8729199999999997,3.8703900000000004,1,1.5
17.08.2021 01:30:26.164,3.8729199999999997,3.87046,1,1
17.08.2021 01:30:26.777,3.87291,3.87032,1,1.5
17.08.2021 01:30:27.103,3.87291,3.87047,1,1
17.08.2021 01:30:27.464,3.8729199999999997,3.87037,1,1.5
17.08.2021 01:30:34.395,3.8729199999999997,3.8703300000000005,1,1.5
17.08.2021 01:30:35.222,3.8729199999999997,3.8703600000000002,1,1
17.08.2021 01:30:40.380,3.8729199999999997,3.8703000000000003,1,1.5
17.08.2021 01:30:41.798,3.87291,3.87037,1,1
17.08.2021 01:30:45.581,3.8729199999999997,3.8703900000000004,1,1
17.08.2021 01:30:45.731,3.87291,3.87034,1,1.5
17.08.2021 01:30:46.178,3.87291,3.8704,1,1
17.08.2021 01:30:46.236,3.8729199999999997,3.8702800000000006,1,1.5
17.08.2021 01:30:46.409,3.87291,3.87037,1,1
17.08.2021 01:30:46.750,3.87291,3.8704,1,1
17.08.2021 01:30:52.593,3.8729199999999997,3.8702800000000006,1,1.5
17.08.2021 01:30:52.942,3.8729199999999997,3.8703600000000002,1,1.5
17.08.2021 01:30:56.949,3.87291,3.87047,1,1
17.08.2021 01:31:00.427,3.8729199999999997,3.87049,1,1
17.08.2021 01:31:00.557,3.8729199999999997,3.8704300000000003,1,1.5
17.08.2021 01:31:00.757,3.87291,3.87047,1,1
17.08.2021 01:31:00.907,3.8729199999999997,3.87049,1,1
17.08.2021 01:31:01.109,3.87291,3.87035,1,1.5
17.08.2021 01:31:01.240,3.87291,3.87047,1,1
17.08.2021 01:31:01.360,3.8729199999999997,3.8704300000000003,1,1.5
17.08.2021 01:31:02.290,3.8729199999999997,3.87046,1,1
17.08.2021 01:31:02.815,3.8729199999999997,3.8704,1,1.5
17.08.2021 01:31:03.148,3.8729199999999997,3.87046,1,1
17.08.2021 01:31:04.197,3.8729199999999997,3.8704,1,1.5
17.08.2021 01:31:06.243,3.8729199999999997,3.87046,1,1
17.08.2021 01:31:07.239,3.8729199999999997,3.8704,1,1.5
17.08.2021 01:31:07.713,3.8729199999999997,3.87046,1,1
17.08.2021 01:31:07.814,3.8729199999999997,3.8704300000000003,1,1.5
17.08.2021 01:31:08.169,3.8729199999999997,3.87046,1,1
17.08.2021 01:31:11.009,3.8729199999999997,3.8704,1,1.5
17.08.2021 01:31:11.348,3.8729199999999997,3.87046,1,1
17.08.2021 01:31:11.689,3.8729199999999997,3.87049,1,1
17.08.2021 01:31:12.043,3.87291,3.8704400000000003,1,1.5
17.08.2021 01:31:12.568,3.8729199999999997,3.87049,1,1
17.08.2021 01:31:12.883,3.87291,3.8704400000000003,1,1.5
17.08.2021 01:31:13.085,3.87299,3.87047,1,1
17.08.2021 01:31:13.216,3.873,3.87049,1,1
17.08.2021 01:31:13.334,3.873,3.8704300000000003,1,1.5
17.08.2021 01:31:14.582,3.873,3.87046,1,1.5
17.08.2021 01:31:14.726,3.8731199999999997,3.8705000000000003,1,1.5
17.08.2021 01:31:14.959,3.87301,3.87049,1,1.5
17.08.2021 01:31:15.010,3.87301,3.87046,1,1
17.08.2021 01:31:16.233,3.87301,3.8704,1,1.5
17.08.2021 01:31:24.187,3.873,3.8703800000000004,1,1.5
17.08.2021 01:31:26.576,3.873,3.87046,1,1
17.08.2021 01:31:26.725,3.873,3.8704300000000003,1,1.5
17.08.2021 01:31:26.798,3.873,3.87049,1,1
17.08.2021 01:31:26.917,3.87299,3.8704400000000003,1,1.5
17.08.2021 01:31:27.419,3.873,3.87046,1,1
17.08.2021 01:31:27.700,3.873,3.87049,1,1
17.08.2021 01:31:28.055,3.873,3.8704300000000003,1,1.5
17.08.2021 01:31:28.219,3.873,3.87046,1,1
17.08.2021 01:31:28.528,3.87299,3.8705000000000003,1,1
17.08.2021 01:31:28.719,3.873,3.8704300000000003,1,1.5
17.08.2021 01:31:29.420,3.873,3.87046,1,1
17.08.2021 01:31:36.393,3.87299,3.8705000000000003,1,1
17.08.2021 01:31:37.130,3.873,3.8704300000000003,1,1.5
17.08.2021 01:31:38.567,3.873,3.87046,1,1
17.08.2021 01:31:39.486,3.873,3.87046,1,1.5
17.08.2021 01:31:39.761,3.873,3.87046,1,1
17.08.2021 01:31:46.266,3.873,3.8704,1,1.5
17.08.2021 01:31:47.866,3.87299,3.87047,1,1
17.08.2021 01:31:48.656,3.87299,3.87041,1,1.5
17.08.2021 01:31:49.038,3.873,3.87046,1,1
17.08.2021 01:31:49.329,3.873,3.8704,1,1.5
17.08.2021 01:31:49.579,3.873,3.87046,1,1
17.08.2021 01:31:52.525,3.873,3.8704,1,1.5
17.08.2021 01:31:53.025,3.873,3.87046,1,1
17.08.2021 01:31:53.205,3.87299,3.87041,1,1.5
17.08.2021 01:31:55.858,3.873,3.87046,1,1
17.08.2021 01:31:57.258,3.873,3.87049,1,1
17.08.2021 01:31:57.336,3.873,3.8704300000000003,1,1.5
17.08.2021 01:31:57.604,3.873,3.87046,1,1
17.08.2021 01:31:57.982,3.873,3.87049,1,1
17.08.2021 01:32:00.474,3.873,3.8704300000000003,1,1.5
17.08.2021 01:32:01.045,3.873,3.87046,1,1.5
17.08.2021 01:32:01.183,3.8731500000000003,3.87052,1.12,1.5
17.08.2021 01:32:01.245,3.8731400000000002,3.8705300000000005,1.5,1
17.08.2021 01:32:01.346,3.8731400000000002,3.8706,1.5,1
17.08.2021 01:32:01.458,3.8731500000000003,3.8705300000000005,1.5,1
17.08.2021 01:32:01.509,3.8731500000000003,3.87051,1.5,1.5
17.08.2021 01:32:01.815,3.8731400000000002,3.8706,1.5,1
17.08.2021 01:32:04.834,3.8731500000000003,3.8706199999999997,1.5,1
17.08.2021 01:32:05.829,3.8731400000000002,3.87052,1.5,1
17.08.2021 01:32:05.879,3.8731400000000002,3.8706,1.5,1
17.08.2021 01:32:06.655,3.8731400000000002,3.8706300000000007,1.5,1
17.08.2021 01:32:10.235,3.8731400000000002,3.87067,1.5,1
17.08.2021 01:32:10.405,3.8731800000000005,3.87067,1.5,1
17.08.2021 01:32:11.329,3.87319,3.87061,1.5,1
17.08.2021 01:32:11.443,3.8732400000000005,3.87066,1.5,1
17.08.2021 01:32:11.636,3.8732300000000004,3.8707300000000004,1.5,1
17.08.2021 01:32:11.687,3.8732300000000004,3.8707300000000004,1,1
17.08.2021 01:32:11.809,3.8732400000000005,3.87075,1,1
17.08.2021 01:32:11.859,3.8732300000000004,3.8707000000000003,1,1
17.08.2021 01:32:11.910,3.8732400000000005,3.87072,1,1
17.08.2021 01:32:12.137,3.8732300000000004,3.8707000000000003,1,1
17.08.2021 01:32:12.187,3.8732400000000005,3.87072,1,1
17.08.2021 01:32:12.639,3.8732300000000004,3.87076,1,1
17.08.2021 01:32:21.274,3.8732400000000005,3.8707900000000004,1,1
17.08.2021 01:32:22.226,3.8732400000000005,3.8707300000000004,1,1
17.08.2021 01:32:22.276,3.8732400000000005,3.87075,1,1
17.08.2021 01:32:27.435,3.8732300000000004,3.8708,1,1
17.08.2021 01:32:29.969,3.8732400000000005,3.8707300000000004,1,1
17.08.2021 01:32:30.019,3.8732400000000005,3.87075,1,1
17.08.2021 01:32:32.579,3.8732300000000004,3.8708,1,1
17.08.2021 01:32:32.975,3.8732900000000003,3.8708300000000007,1.5,1
17.08.2021 01:32:33.025,3.8733,3.87076,1.5,1
17.08.2021 01:32:33.076,3.8733,3.8707900000000004,1.5,1
17.08.2021 01:32:33.196,3.8733,3.8707300000000004,1.5,1
17.08.2021 01:32:33.247,3.8733,3.87075,1.5,1
17.08.2021 01:32:33.506,3.8732900000000003,3.8708,1.5,1
17.08.2021 01:32:33.728,3.8733,3.8708199999999997,1.5,1
17.08.2021 01:32:34.039,3.87346,3.8708400000000003,1.5,1
17.08.2021 01:32:34.154,3.87345,3.8709300000000004,1.5,1
17.08.2021 01:32:34.204,3.87346,3.87092,1.5,1
17.08.2021 01:32:34.634,3.87346,3.87092,1.5,1
17.08.2021 01:32:34.799,3.87345,3.87096,1.5,1
17.08.2021 01:32:39.547,3.8735900000000005,3.8710199999999997,1.5,1
17.08.2021 01:32:39.597,3.8735900000000005,3.8710500000000003,1.5,1
17.08.2021 01:32:39.683,3.8735900000000005,3.8710800000000005,1.5,1
17.08.2021 01:32:39.814,3.8735800000000005,3.8710300000000006,1.5,1
17.08.2021 01:32:39.864,3.8735900000000005,3.8710500000000003,1.5,1
17.08.2021 01:32:40.593,3.8736,3.87109,1.5,1
17.08.2021 01:32:40.643,3.8736900000000003,3.87109,1.5,1
17.08.2021 01:32:40.825,3.8737000000000004,3.8710800000000005,1.5,1
17.08.2021 01:32:41.164,3.8737000000000004,3.87112,1.5,1
17.08.2021 01:32:43.638,3.8736900000000003,3.8711300000000004,1.5,1
17.08.2021 01:32:43.769,3.8737000000000004,3.87115,1.5,1
17.08.2021 01:32:44.015,3.87381,3.8711900000000004,1.5,1
17.08.2021 01:32:44.065,3.87382,3.87121,1.5,1
17.08.2021 01:32:46.999,3.8738400000000004,3.87121,1,1.5
17.08.2021 01:32:47.065,3.8738400000000004,3.87135,1,1
17.08.2021 01:32:47.190,3.87392,3.8713900000000003,1.5,1
17.08.2021 01:32:47.344,3.8739300000000005,3.87141,1.5,1
17.08.2021 01:32:47.754,3.8739300000000005,3.87141,1,1
17.08.2021 01:32:47.839,3.8739300000000005,3.87144,1,1
17.08.2021 01:32:48.095,3.8740699999999997,3.8714300000000006,1.5,1
17.08.2021 01:32:48.221,3.8740699999999997,3.87144,1.5,1.5
17.08.2021 01:32:48.293,3.8740699999999997,3.8715400000000004,1.5,1
17.08.2021 01:32:48.458,3.8740699999999997,3.8715800000000007,1.5,1
17.08.2021 01:32:48.643,3.87406,3.8715300000000004,1.5,1
17.08.2021 01:32:48.694,3.8740699999999997,3.8715400000000004,1.5,1
17.08.2021 01:32:48.794,3.87406,3.87144,1.5,1.5
17.08.2021 01:32:48.845,3.8740699999999997,3.8715100000000002,1.5,1
17.08.2021 01:32:49.613,3.87406,3.8714900000000005,1.5,1
17.08.2021 01:32:49.663,3.87416,3.8715400000000004,1.5,1
17.08.2021 01:32:49.775,3.87417,3.87161,1.5,1
17.08.2021 01:32:49.825,3.87417,3.87167,1.5,1
17.08.2021 01:32:49.926,3.87425,3.87171,1.5,1
17.08.2021 01:32:49.977,3.87425,3.8716800000000005,1.5,1
17.08.2021 01:32:50.461,3.87425,3.87166,1.5,1
17.08.2021 01:32:50.574,3.87425,3.8716800000000005,1.5,1
17.08.2021 01:32:50.624,3.87425,3.87166,1.5,1
17.08.2021 01:32:50.675,3.8742,3.8715800000000007,1.5,1
17.08.2021 01:32:50.803,3.8741900000000005,3.87162,1.5,1
17.08.2021 01:32:51.387,3.8742,3.87156,1.5,1
17.08.2021 01:32:51.437,3.8741900000000005,3.8715900000000003,1.5,1
17.08.2021 01:32:51.488,3.8740699999999997,3.8714500000000003,1.5,1.12
17.08.2021 01:32:51.538,3.8740699999999997,3.8714800000000005,1.5,1
17.08.2021 01:32:51.591,3.8740699999999997,3.8714300000000006,1.5,1
17.08.2021 01:32:51.765,3.8740699999999997,3.87144,1.5,1
17.08.2021 01:32:52.226,3.8740699999999997,3.8714300000000006,2,1
17.08.2021 01:32:52.698,3.874,3.8713800000000003,1.5,1
17.08.2021 01:32:52.871,3.874,3.8713800000000003,1.5,1
17.08.2021 01:32:52.921,3.8738699999999997,3.8712300000000006,1.5,1.5
17.08.2021 01:32:52.972,3.8738699999999997,3.8712800000000005,1.5,1
17.08.2021 01:32:53.089,3.87386,3.87129,1.5,1
17.08.2021 01:32:53.365,3.8738699999999997,3.8713100000000003,1.5,1
17.08.2021 01:32:53.531,3.87386,3.87132,1.5,1
17.08.2021 01:32:53.770,3.8738699999999997,3.8712500000000003,1.5,1
17.08.2021 01:32:53.821,3.8738699999999997,3.8712500000000003,1.5,1
17.08.2021 01:32:54.097,3.87386,3.8712400000000002,1.5,1
17.08.2021 01:32:54.148,3.8738699999999997,3.8712500000000003,1.5,1
17.08.2021 01:32:54.757,3.8738699999999997,3.8713100000000003,1.5,1
17.08.2021 01:32:54.807,3.8739300000000005,3.87135,1.5,1
17.08.2021 01:32:54.939,3.8739300000000005,3.8713800000000003,1.5,1
17.08.2021 01:32:55.224,3.8739300000000005,3.8713,1.5,1
17.08.2021 01:32:55.275,3.8739300000000005,3.87135,1.5,1
17.08.2021 01:32:55.394,3.8739300000000005,3.8713800000000003,1.5,1
17.08.2021 01:32:55.876,3.87392,3.8713300000000004,1.5,1
17.08.2021 01:32:56.082,3.8739300000000005,3.87135,1.5,1
17.08.2021 01:32:56.133,3.8739300000000005,3.8713,1.5,1
17.08.2021 01:32:56.236,3.8739300000000005,3.87135,1.5,1
17.08.2021 01:32:56.286,3.8739300000000005,3.8713100000000003,1.5,1
17.08.2021 01:32:56.477,3.87386,3.8712800000000005,1.5,1
17.08.2021 01:32:56.528,3.87386,3.8712500000000003,1.5,1.12
17.08.2021 01:32:56.578,3.87386,3.8712,1.5,1
17.08.2021 01:32:56.691,3.87385,3.87122,1.5,1
17.08.2021 01:32:56.913,3.87386,3.87135,1.5,1
17.08.2021 01:32:56.963,3.87386,3.87135,1.5,1
17.08.2021 01:32:57.127,3.87386,3.87129,1.5,1
17.08.2021 01:32:57.239,3.87386,3.8713100000000003,1.5,1
17.08.2021 01:32:57.289,3.87386,3.8712,1.5,1
17.08.2021 01:32:57.340,3.87386,3.8713100000000003,1.5,1
17.08.2021 01:32:57.434,3.87385,3.87126,1.5,1
17.08.2021 01:32:57.485,3.87386,3.8712800000000005,1.5,1
17.08.2021 01:32:57.586,3.87386,3.8713100000000003,1.5,1
17.08.2021 01:32:57.893,3.87386,3.8713100000000003,1.5,1
17.08.2021 01:32:58.119,3.87386,3.8712500000000003,1.5,1
17.08.2021 01:32:58.730,3.87385,3.87129,1.5,1
17.08.2021 01:32:59.076,3.87386,3.87122,1.5,1
17.08.2021 01:32:59.126,3.87385,3.87126,1.5,1
17.08.2021 01:32:59.396,3.87385,3.87129,1.5,1
17.08.2021 01:32:59.524,3.87386,3.8713100000000003,1.5,1
17.08.2021 01:32:59.724,3.87386,3.8713100000000003,1.5,1
17.08.2021 01:32:59.781,3.87386,3.8712500000000003,1.5,1
17.08.2021 01:32:59.832,3.87385,3.87129,1.5,1
17.08.2021 01:33:00.874,3.87386,3.8712800000000005,1.5,1
17.08.2021 01:33:00.925,3.87392,3.8713100000000003,1.5,1
17.08.2021 01:33:01.731,3.8739300000000005,3.8713800000000003,1.5,1
17.08.2021 01:33:02.719,3.8739300000000005,3.87141,1.5,1
17.08.2021 01:33:02.769,3.8739300000000005,3.87141,1,1
17.08.2021 01:33:02.878,3.8739300000000005,3.87144,1,1
17.08.2021 01:33:02.964,3.87396,3.87144,1.5,1
17.08.2021 01:33:03.065,3.87405,3.8714300000000006,1.5,1
17.08.2021 01:33:03.166,3.8740699999999997,3.87144,1.5,1
17.08.2021 01:33:03.313,3.8740699999999997,3.8714300000000006,1.5,1
17.08.2021 01:33:05.293,3.87397,3.87141,1.5,1
17.08.2021 01:33:05.433,3.87397,3.8713800000000003,1.5,1
17.08.2021 01:33:05.689,3.8739000000000003,3.8713100000000003,1.5,1
17.08.2021 01:33:05.805,3.87385,3.87129,1.5,1
17.08.2021 01:33:06.276,3.87386,3.87126,1.5,1
17.08.2021 01:33:07.835,3.8738400000000004,3.8712500000000003,1.5,1
17.08.2021 01:33:08.803,3.8738400000000004,3.8713100000000003,1.5,1
17.08.2021 01:33:08.953,3.8739000000000003,3.8713100000000003,1.5,1
17.08.2021 01:33:09.004,3.8738900000000003,3.87136,1.5,1
17.08.2021 01:33:09.471,3.8738900000000003,3.87142,1.5,1
17.08.2021 01:33:09.734,3.87396,3.87141,1.5,1
17.08.2021 01:33:09.835,3.87396,3.8714800000000005,1.5,1
17.08.2021 01:33:10.662,3.8739900000000005,3.8714300000000006,1.5,1
17.08.2021 01:33:10.713,3.8739900000000005,3.8713900000000003,1.5,1
17.08.2021 01:33:10.763,3.874,3.87141,1.5,1
17.08.2021 01:33:11.650,3.874,3.87144,1.5,1
17.08.2021 01:33:12.135,3.874,3.8714800000000005,1.5,1
17.08.2021 01:33:12.186,3.874,3.8715100000000002,1,1
17.08.2021 01:33:12.754,3.8741000000000003,3.8715100000000002,1.5,1
17.08.2021 01:33:12.879,3.8740900000000003,3.87155,1.5,1
17.08.2021 01:33:13.863,3.8741000000000003,3.8714800000000005,1.5,1
17.08.2021 01:33:13.972,3.8741000000000003,3.87146,1.5,1
17.08.2021 01:33:14.295,3.874,3.87141,1.5,1
17.08.2021 01:33:14.365,3.874,3.87144,1.5,1
17.08.2021 01:33:19.463,3.874,3.8713800000000003,1.5,1
17.08.2021 01:33:19.514,3.874,3.87141,1.5,1
17.08.2021 01:33:23.845,3.8739500000000002,3.8713900000000003,1.5,1
17.08.2021 01:33:25.908,3.87396,3.87136,1.5,1
17.08.2021 01:33:26.267,3.87396,3.8713800000000003,1.5,1
17.08.2021 01:33:26.776,3.87396,3.87141,1.5,1
17.08.2021 01:33:27.130,3.87396,3.87141,1.5,1
17.08.2021 01:33:28.254,3.87396,3.87141,1.5,1
17.08.2021 01:33:28.366,3.87396,3.87136,1.5,1
17.08.2021 01:33:28.416,3.8739500000000002,3.8713900000000003,1.5,1
17.08.2021 01:33:29.343,3.8739500000000002,3.87142,1.5,1
17.08.2021 01:33:29.399,3.87396,3.87136,1.5,1
17.08.2021 01:33:29.450,3.87396,3.8713800000000003,1.5,1
17.08.2021 01:33:30.204,3.87396,3.87141,1.5,1
17.08.2021 01:33:32.312,3.87396,3.87136,1.5,1
17.08.2021 01:33:32.362,3.87396,3.8713800000000003,1.5,1
17.08.2021 01:33:32.624,3.8739500000000002,3.8713699999999998,1.5,1
17.08.2021 01:33:32.674,3.8739500000000002,3.8713900000000003,1.5,1
17.08.2021 01:33:33.893,3.87396,3.87141,1.5,1
17.08.2021 01:33:34.505,3.87396,3.87141,1.5,1
17.08.2021 01:33:34.817,3.87396,3.87144,1.5,1
17.08.2021 01:33:36.868,3.8739500000000002,3.87152,1.5,1
17.08.2021 01:33:38.108,3.87396,3.8715400000000004,1.5,1
17.08.2021 01:33:38.282,3.8740699999999997,3.8715800000000007,1.5,1
17.08.2021 01:33:38.332,3.87406,3.8715900000000003,1.5,1
17.08.2021 01:33:39.110,3.8740699999999997,3.8715800000000007,1,1.5
17.08.2021 01:33:44.939,3.8740900000000003,3.87162,1,1.5
17.08.2021 01:33:44.989,3.87415,3.87162,1,1.5
17.08.2021 01:33:45.040,3.8742300000000003,3.8716300000000006,1,1.5
17.08.2021 01:33:45.140,3.8742300000000003,3.87171,1,1
17.08.2021 01:33:45.211,3.8742199999999998,3.87175,1,1
17.08.2021 01:33:45.312,3.8742300000000003,3.8717400000000004,1,1.5
17.08.2021 01:33:45.701,3.8742300000000003,3.8717699999999997,1,1
17.08.2021 01:33:46.299,3.87425,3.8717800000000007,1,1
17.08.2021 01:33:46.400,3.87425,3.87182,1,1
17.08.2021 01:33:46.621,3.87425,3.87176,1,1.12
17.08.2021 01:33:46.671,3.87425,3.8717800000000007,1,1
17.08.2021 01:33:46.834,3.87425,3.87182,1,1
17.08.2021 01:33:46.948,3.87426,3.87175,1,1.12
17.08.2021 01:33:46.999,3.87425,3.8717800000000007,1,1
17.08.2021 01:33:47.167,3.87426,3.87171,1,1.5
17.08.2021 01:33:48.538,3.87426,3.8717400000000004,1,1
17.08.2021 01:33:48.939,3.87426,3.8717400000000004,1,1.5
17.08.2021 01:33:49.243,3.87425,3.8717800000000007,1,1
17.08.2021 01:33:49.627,3.87432,3.8717800000000007,1,1
17.08.2021 01:33:49.727,3.8744500000000004,3.8718300000000005,1.5,1
17.08.2021 01:33:49.778,3.87446,3.87187,1.5,1
17.08.2021 01:33:50.032,3.87446,3.87182,1.5,1.5
17.08.2021 01:33:50.146,3.8744500000000004,3.8718300000000005,1.5,1
17.08.2021 01:33:50.247,3.8743900000000004,3.8717699999999997,1.5,1
17.08.2021 01:33:50.559,3.8743900000000004,3.87176,1.5,1
17.08.2021 01:33:50.714,3.8743900000000004,3.8717699999999997,2,1
17.08.2021 01:33:50.833,3.8743900000000004,3.87176,2,1
17.08.2021 01:33:51.174,3.8743900000000004,3.8717699999999997,2,1
17.08.2021 01:33:51.458,3.8743900000000004,3.87176,2,1
17.08.2021 01:33:52.284,3.8743800000000004,3.8717800000000007,2,1
17.08.2021 01:33:52.405,3.8743800000000004,3.8717800000000007,1.5,1.5
17.08.2021 01:33:54.420,3.8743900000000004,3.87187,1,1.5
17.08.2021 01:33:54.470,3.8744500000000004,3.87187,1,1.5
17.08.2021 01:33:54.706,3.8745000000000003,3.8719300000000003,1,1.5
17.08.2021 01:33:54.756,3.87451,3.8719400000000004,1,1.5
17.08.2021 01:33:54.918,3.8745800000000004,3.87201,1,1.5
17.08.2021 01:33:55.255,3.8745900000000004,3.87204,1,1.5
17.08.2021 01:33:55.314,3.8745900000000004,3.87204,1,1.5
17.08.2021 01:33:56.256,3.87467,3.87205,1,1.5
17.08.2021 01:33:56.425,3.87467,3.87215,1,1
17.08.2021 01:33:56.781,3.8746800000000006,3.8720800000000004,1,1
17.08.2021 01:33:56.832,3.8746800000000006,3.8721,1,1
17.08.2021 01:33:57.062,3.8746800000000006,3.87204,1.5,1.5
17.08.2021 01:33:57.366,3.8746800000000006,3.87207,1.5,1
17.08.2021 01:33:57.507,3.87467,3.8720300000000005,1.5,1.5
17.08.2021 01:33:57.557,3.8745800000000004,3.8719800000000006,1,1.5
17.08.2021 01:33:57.671,3.8745900000000004,3.8719400000000004,1.5,1.5
17.08.2021 01:33:58.075,3.8745900000000004,3.8719400000000004,1,1.5
17.08.2021 01:33:58.959,3.87446,3.87191,1,1.5
17.08.2021 01:34:00.461,3.8744500000000004,3.87195,1,1.5
17.08.2021 01:34:00.953,3.87446,3.8719699999999997,1,1.5
17.08.2021 01:34:01.349,3.87446,3.8719699999999997,1,1.5
17.08.2021 01:34:01.537,3.87446,3.8719699999999997,1,1.5
17.08.2021 01:34:01.851,3.87446,3.8719699999999997,1,1.5
17.08.2021 01:34:02.884,3.87452,3.8720000000000003,1,1.5
17.08.2021 01:34:06.148,3.8744800000000006,3.8719800000000006,1,1.5
17.08.2021 01:34:06.198,3.87449,3.8719699999999997,1,1.5
17.08.2021 01:34:06.424,3.87449,3.8719699999999997,1,1.5
17.08.2021 01:34:06.474,3.87452,3.8719699999999997,1,1.5
17.08.2021 01:34:10.559,3.8744,3.87191,1,1.5
17.08.2021 01:34:10.941,3.8743900000000004,3.87195,1,1
17.08.2021 01:34:12.046,3.8744,3.8719699999999997,1,1
17.08.2021 01:34:13.318,3.8744,3.87191,1,1
17.08.2021 01:34:13.447,3.8744,3.8719400000000004,1,1
17.08.2021 01:34:13.498,3.8743600000000002,3.8718300000000005,1.5,1
17.08.2021 01:34:13.565,3.8743000000000003,3.8717699999999997,1,1
17.08.2021 01:34:13.691,3.8742900000000002,3.8717900000000003,1,1
17.08.2021 01:34:13.881,3.8742900000000002,3.87182,1,1
17.08.2021 01:34:13.975,3.8743000000000003,3.8717699999999997,1,1
17.08.2021 01:34:14.050,3.8743000000000003,3.87184,1,1
17.08.2021 01:34:14.278,3.8743000000000003,3.87181,1,1
17.08.2021 01:34:14.328,3.8743000000000003,3.87184,1,1
17.08.2021 01:34:14.939,3.8743000000000003,3.87172,1,2
17.08.2021 01:34:14.989,3.8742900000000002,3.87182,1,1
17.08.2021 01:34:15.224,3.8743000000000003,3.87184,1,1
17.08.2021 01:34:15.650,3.87437,3.87184,1.5,1
17.08.2021 01:34:15.727,3.87437,3.87187,1.5,1
17.08.2021 01:34:16.763,3.87437,3.87191,1.5,1
17.08.2021 01:34:16.836,3.8743600000000002,3.87192,1,1
17.08.2021 01:34:16.886,3.87437,3.8719400000000004,1,1
17.08.2021 01:34:16.937,3.8743600000000002,3.87192,1,1
17.08.2021 01:34:17.325,3.87437,3.8719400000000004,1,1
17.08.2021 01:34:18.151,3.87437,3.87182,1,1.5
17.08.2021 01:34:18.202,3.8743600000000002,3.87192,1,1
17.08.2021 01:34:18.579,3.87437,3.8718800000000004,1,1
17.08.2021 01:34:18.630,3.87437,3.87191,1,1
17.08.2021 01:34:19.118,3.87437,3.8719400000000004,1,1
17.08.2021 01:34:19.348,3.8743600000000002,3.8718900000000005,1,1
17.08.2021 01:34:19.461,3.87437,3.87191,1,1
17.08.2021 01:34:20.190,3.87437,3.8718500000000002,1,1.12
17.08.2021 01:34:20.241,3.87437,3.87184,1.5,1
17.08.2021 01:34:22.366,3.8743000000000003,3.87184,1,1
17.08.2021 01:34:22.416,3.8743000000000003,3.8717699999999997,1,1
17.08.2021 01:34:22.488,3.8743000000000003,3.87181,1,1
17.08.2021 01:34:22.846,3.8743000000000003,3.87175,1.5,1
17.08.2021 01:34:22.896,3.8742900000000002,3.8717800000000007,1.5,1
17.08.2021 01:34:23.642,3.8743000000000003,3.87181,1.5,1
17.08.2021 01:34:23.692,3.8743000000000003,3.87175,1.5,1
17.08.2021 01:34:23.743,3.8743000000000003,3.8717699999999997,1.5,1
17.08.2021 01:34:23.793,3.8743000000000003,3.8717699999999997,1,1
17.08.2021 01:34:24.068,3.8743000000000003,3.87181,1,1
17.08.2021 01:34:24.345,3.8742900000000002,3.87176,1,1.12
17.08.2021 01:34:24.396,3.8742900000000002,3.8717800000000007,1,1
17.08.2021 01:34:24.576,3.8743000000000003,3.87181,1.5,1
17.08.2021 01:34:25.621,3.8743000000000003,3.87181,1,1
17.08.2021 01:34:26.551,3.8742900000000002,3.87176,1,1.12
17.08.2021 01:34:26.602,3.8743000000000003,3.8717699999999997,1.5,1
17.08.2021 01:34:29.656,3.8742900000000002,3.87182,1.5,1
17.08.2021 01:34:29.764,3.8743000000000003,3.87181,1,1
17.08.2021 01:34:29.814,3.8742900000000002,3.8718500000000002,1,1
17.08.2021 01:34:29.888,3.8743600000000002,3.87184,1.5,1
17.08.2021 01:34:29.938,3.87435,3.8718800000000004,1.5,1
17.08.2021 01:34:33.927,3.8743900000000004,3.8718800000000004,1,1
17.08.2021 01:34:33.977,3.8743900000000004,3.87195,1,1
17.08.2021 01:34:34.146,3.8744,3.8719699999999997,1,1
17.08.2021 01:34:34.611,3.8744,3.87191,1,1
17.08.2021 01:34:35.088,3.8743900000000004,3.87195,1,1
17.08.2021 01:34:37.092,3.8743900000000004,3.8719800000000006,1,1
17.08.2021 01:34:37.375,3.8744,3.87191,1,1
17.08.2021 01:34:37.498,3.8744,3.8719400000000004,1,1
17.08.2021 01:34:38.615,3.8744,3.8718800000000004,1,1
17.08.2021 01:34:38.665,3.8744,3.87191,1.5,1
17.08.2021 01:34:40.482,3.8744,3.87191,1,1
17.08.2021 01:34:40.581,3.8744,3.8718300000000005,1,1.5
17.08.2021 01:34:40.632,3.8744,3.87187,1,1
17.08.2021 01:34:42.145,3.8744,3.8719400000000004,1,1
17.08.2021 01:34:44.250,3.8744,3.8719400000000004,1.5,1
17.08.2021 01:34:44.300,3.8744,3.8718300000000005,1.5,1
17.08.2021 01:34:44.351,3.8742800000000006,3.87182,1,1
17.08.2021 01:34:44.401,3.8742900000000002,3.8717400000000004,1,1.5
17.08.2021 01:34:44.452,3.8742800000000006,3.8717800000000007,1.5,1
17.08.2021 01:34:45.635,3.8742900000000002,3.87181,1.5,1
17.08.2021 01:34:45.801,3.8742900000000002,3.87181,1,1
17.08.2021 01:34:45.982,3.8742800000000006,3.8718500000000002,1,1
17.08.2021 01:34:46.497,3.8742900000000002,3.87187,1,1
17.08.2021 01:34:46.686,3.8742900000000002,3.87181,1,1
17.08.2021 01:34:46.737,3.8742900000000002,3.87184,1,1
17.08.2021 01:34:47.411,3.8742800000000006,3.8718500000000002,1,1.5
17.08.2021 01:34:47.527,3.8742900000000002,3.87191,1,1
17.08.2021 01:34:47.911,3.8743600000000002,3.87191,1.5,1
17.08.2021 01:34:48.031,3.8743600000000002,3.87191,1,1.5
17.08.2021 01:34:52.318,3.8744,3.87191,1,1.5
17.08.2021 01:35:15.758,3.87432,3.8717800000000007,1,1.5
17.08.2021 01:35:15.916,3.8743300000000005,3.87181,1,1.5
17.08.2021 01:35:16.887,3.8743300000000005,3.87187,1,1.5
17.08.2021 01:35:17.217,3.8743300000000005,3.87184,1,1.5
17.08.2021 01:35:21.083,3.8742300000000003,3.8717699999999997,1,1.5
17.08.2021 01:35:21.134,3.8742300000000003,3.87161,1,1.5
17.08.2021 01:35:37.027,3.8741300000000005,3.87161,1,1.5
17.08.2021 01:35:37.078,3.87412,3.8716500000000003,1,1.5
17.08.2021 01:35:37.942,3.874,3.87144,1,1.5
17.08.2021 01:35:38.042,3.874,3.8713800000000003,1,1.5
17.08.2021 01:35:42.782,3.874,3.87144,1,1.5
17.08.2021 01:35:51.434,3.874,3.8715400000000004,1,1.5
17.08.2021 01:36:00.322,3.8739900000000005,3.8714900000000005,1,1.5
17.08.2021 01:36:00.621,3.8739000000000003,3.87141,1,1.5
17.08.2021 01:36:00.926,3.8739000000000003,3.8713100000000003,1,1.5
17.08.2021 01:36:01.000,3.8738400000000004,3.8713100000000003,1,1.5
17.08.2021 01:36:01.538,3.8738400000000004,3.87135,1,1.5
17.08.2021 01:36:02.426,3.8738699999999997,3.8713800000000003,1,1.5
17.08.2021 01:36:07.333,3.8739300000000005,3.87144,1,1.5
17.08.2021 01:36:15.530,3.87392,3.8715,1,1.5
17.08.2021 01:36:16.901,3.8739300000000005,3.8715300000000004,1,1.5
17.08.2021 01:36:25.154,3.87392,3.8715699999999997,1,1
17.08.2021 01:36:25.615,3.8739300000000005,3.8715,1,1.5
17.08.2021 01:36:25.889,3.87392,3.8715699999999997,1,1
17.08.2021 01:36:28.064,3.8739300000000005,3.8715,1,1.5
