Gmt time,Ask,Bid,AskVolume,BidVolume
06.08.2021 00:00:00.030,3.8447500000000003,3.8402800000000004,1,1.5
06.08.2021 00:00:01.404,3.8447500000000003,3.84019,1,1.5
06.08.2021 00:00:02.046,3.84471,3.84002,1,1.5
06.08.2021 00:00:08.636,3.8447,3.8404300000000005,1,1
06.08.2021 00:00:15.289,3.84471,3.84042,1.5,1
06.08.2021 00:00:19.238,3.84471,3.8406300000000004,1.5,1.5
06.08.2021 00:00:19.980,3.8447,3.8404800000000003,1.5,1
06.08.2021 00:00:22.253,3.84476,3.84059,1.5,1.5
06.08.2021 00:00:22.483,3.8447500000000003,3.84056,1.5,1
06.08.2021 00:00:22.668,3.84476,3.84056,1.5,1
06.08.2021 00:00:22.866,3.8446000000000002,3.84059,1,1
06.08.2021 00:00:23.074,3.84476,3.8405800000000005,1.5,1.5
06.08.2021 00:00:23.511,3.84459,3.84059,1,1.62
06.08.2021 00:00:23.721,3.84476,3.84059,1,1
06.08.2021 00:00:23.872,3.84476,3.84059,1,1
06.08.2021 00:00:24.078,3.8447400000000003,3.84059,1,1
06.08.2021 00:00:24.329,3.8448300000000004,3.8406000000000002,1.5,1
06.08.2021 00:00:24.932,3.8447400000000003,3.8405800000000005,1,1.5
06.08.2021 00:00:25.494,3.84476,3.84059,1.5,1.5
06.08.2021 00:00:26.027,3.84477,3.84076,1.5,1.5
06.08.2021 00:00:26.389,3.84477,3.84076,1.5,1.5
06.08.2021 00:00:26.522,3.84476,3.8408800000000003,1,1
06.08.2021 00:00:26.673,3.84477,3.8408800000000003,1.5,1.5
06.08.2021 00:00:26.824,3.8445500000000004,3.8408800000000003,1,1
06.08.2021 00:00:27.025,3.84477,3.8408800000000003,1.5,1.5
06.08.2021 00:00:27.242,3.84477,3.8408800000000003,1.5,1.5
06.08.2021 00:00:27.443,3.84476,3.8404800000000003,1,1.5
06.08.2021 00:00:33.406,3.84479,3.8405800000000005,1.5,1.5
06.08.2021 00:00:35.116,3.8447800000000005,3.84065,1.5,1
06.08.2021 00:00:35.167,3.8447800000000005,3.84065,1.5,1
06.08.2021 00:00:35.368,3.8447,3.84071,1,1
06.08.2021 00:00:35.520,3.84471,3.8407,1,1
06.08.2021 00:00:38.157,3.84479,3.8408800000000003,1.5,1
06.08.2021 00:00:38.912,3.8447199999999997,3.8406900000000004,1,1.1
06.08.2021 00:00:39.066,3.8446300000000004,3.84042,1,1.8
06.08.2021 00:00:39.420,3.84467,3.8408900000000004,1,1.5
06.08.2021 00:00:39.470,3.8446800000000003,3.8408800000000003,1,1.5
06.08.2021 00:00:39.634,3.8445199999999997,3.84042,1,1.7
06.08.2021 00:00:42.419,3.84451,3.8404300000000005,1,1.7
06.08.2021 00:00:46.382,3.8446900000000004,3.84122,1,1
06.08.2021 00:00:46.492,3.8447,3.8412100000000002,1,1
06.08.2021 00:01:01.295,3.8446900000000004,3.84122,1,1
06.08.2021 00:01:01.495,3.8447500000000003,3.8412699999999997,1,1
06.08.2021 00:01:05.572,3.8447500000000003,3.84132,1,1.5
06.08.2021 00:01:11.035,3.8448900000000004,3.8414300000000003,1,1
06.08.2021 00:01:13.198,3.8449199999999997,3.8414800000000007,1.5,1
06.08.2021 00:01:13.527,3.8449,3.84142,1,1.5
06.08.2021 00:01:13.692,3.8449,3.84142,1,1.5
06.08.2021 00:01:15.894,3.8448400000000005,3.8414,1.5,1
06.08.2021 00:01:45.265,3.8446300000000004,3.8415000000000004,1.5,1
06.08.2021 00:01:46.647,3.8446300000000004,3.8413500000000003,1.5,1
06.08.2021 00:01:53.696,3.84459,3.8414900000000003,1.5,1
06.08.2021 00:01:53.856,3.8446000000000002,3.8414800000000007,1.5,1
06.08.2021 00:01:54.085,3.8446000000000002,3.8414900000000003,1.5,1
06.08.2021 00:02:00.324,3.84456,3.8413800000000005,1.5,1
06.08.2021 00:02:00.523,3.8445,3.84117,1.5,1
06.08.2021 00:02:00.880,3.84451,3.84116,1.5,1
06.08.2021 00:02:02.256,3.84446,3.84117,1,1.5
06.08.2021 00:02:02.888,3.8445,3.8411800000000005,1.5,1.5
06.08.2021 00:02:09.780,3.84451,3.84117,1.5,1.5
06.08.2021 00:02:12.133,3.84451,3.8411800000000005,1.5,1.5
06.08.2021 00:02:18.722,3.8445199999999997,3.84117,1.5,1.5
06.08.2021 00:02:19.140,3.8445199999999997,3.8412300000000004,1.5,1
06.08.2021 00:02:19.296,3.8445199999999997,3.8412300000000004,1.5,1
06.08.2021 00:02:21.500,3.8445199999999997,3.84137,1.5,1
06.08.2021 00:02:25.394,3.8445199999999997,3.8411900000000005,2,1
06.08.2021 00:02:39.929,3.8445199999999997,3.8412699999999997,1.5,1
06.08.2021 00:02:41.268,3.8445199999999997,3.84145,1,1
06.08.2021 00:02:42.278,3.8445300000000007,3.84145,1,1
06.08.2021 00:02:42.378,3.8445300000000007,3.8413000000000004,1.5,1
06.08.2021 00:02:47.186,3.84459,3.8413900000000005,1.5,1.5
06.08.2021 00:03:01.464,3.8447300000000006,3.84151,1.5,1.5
06.08.2021 00:03:02.251,3.84479,3.84152,1.5,1.5
06.08.2021 00:03:09.496,3.84479,3.84162,1.5,1.5
06.08.2021 00:03:12.755,3.8447800000000005,3.8416300000000003,1.5,1.5
06.08.2021 00:03:13.292,3.8447800000000005,3.8416300000000003,1.5,1.5
06.08.2021 00:03:13.469,3.84479,3.84162,1.5,1.5
06.08.2021 00:03:13.764,3.84479,3.8416400000000004,1.5,1
06.08.2021 00:03:14.759,3.84479,3.8416400000000004,1.5,1
06.08.2021 00:03:22.091,3.8447800000000005,3.84165,1.5,1
06.08.2021 00:03:27.468,3.84479,3.84162,1.5,1.5
06.08.2021 00:03:28.474,3.84479,3.84162,1.5,1.5
06.08.2021 00:03:33.842,3.8447800000000005,3.84166,1.5,1
06.08.2021 00:03:36.190,3.84479,3.84176,1,1.5
06.08.2021 00:03:36.241,3.8447800000000005,3.84177,1.5,1.5
06.08.2021 00:03:38.245,3.84479,3.8418400000000004,1,1
06.08.2021 00:03:39.049,3.8447800000000005,3.84185,1,1
06.08.2021 00:03:42.968,3.8447800000000005,3.84185,1,1
06.08.2021 00:03:45.893,3.84482,3.8419000000000003,1,1.5
06.08.2021 00:03:45.994,3.8449500000000003,3.84195,1,1.5
06.08.2021 00:03:46.065,3.8449500000000003,3.84195,1.5,1.5
06.08.2021 00:04:05.371,3.8448800000000003,3.84195,1.5,1.5
06.08.2021 00:04:06.818,3.8448400000000005,3.84195,1,1.5
06.08.2021 00:04:10.726,3.8448,3.84196,1,1.5
06.08.2021 00:04:12.102,3.8449500000000003,3.84195,1.5,1.5
06.08.2021 00:04:12.213,3.8448400000000005,3.84195,1,1.5
06.08.2021 00:04:12.264,3.84481,3.84195,1,1.5
06.08.2021 00:04:13.176,3.8449500000000003,3.84195,1.5,1.5
06.08.2021 00:04:14.249,3.8448300000000004,3.84196,1,1.5
06.08.2021 00:04:19.664,3.8449500000000003,3.84195,1.5,1.5
06.08.2021 00:04:21.381,3.8449199999999997,3.8420199999999998,1.5,1.5
06.08.2021 00:05:06.950,3.8449300000000006,3.8420199999999998,1,1.5
06.08.2021 00:05:07.095,3.8449199999999997,3.8420900000000002,1,1.62
06.08.2021 00:05:12.047,3.8449300000000006,3.8421900000000004,1,1.5
06.08.2021 00:05:46.032,3.8449199999999997,3.8422,1.5,1.5
06.08.2021 00:05:46.597,3.8448400000000005,3.8421900000000004,1,1.5
06.08.2021 00:05:47.596,3.8448400000000005,3.8421900000000004,1,1.5
06.08.2021 00:05:49.261,3.8448400000000005,3.8421900000000004,1,1.5
06.08.2021 00:05:56.625,3.8448400000000005,3.8421900000000004,1.5,1
06.08.2021 00:05:58.440,3.8448300000000004,3.8422,1,1.5
06.08.2021 00:06:00.850,3.8448300000000004,3.8422,1.5,1
06.08.2021 00:06:01.233,3.8448400000000005,3.8421900000000004,1,1.5
06.08.2021 00:06:01.297,3.8449300000000006,3.8421900000000004,1,1.5
06.08.2021 00:06:45.519,3.8449199999999997,3.84214,1,1.5
06.08.2021 00:06:45.569,3.8448,3.8421300000000005,1,1.5
06.08.2021 00:06:46.536,3.84479,3.84214,1.5,1
06.08.2021 00:06:46.587,3.84479,3.84214,1,1.5
06.08.2021 00:06:48.796,3.84482,3.8422199999999997,1,1.5
06.08.2021 00:07:07.467,3.84482,3.8422199999999997,1,1.5
06.08.2021 00:07:10.573,3.84482,3.8422300000000003,1,1.5
06.08.2021 00:07:16.984,3.8449400000000002,3.8422800000000006,1,1.5
06.08.2021 00:07:18.462,3.84501,3.8423400000000005,1,1.5
06.08.2021 00:07:21.259,3.84505,3.8424400000000003,1.5,1.5
06.08.2021 00:07:24.500,3.84506,3.8424800000000006,1.5,1
06.08.2021 00:07:25.122,3.84505,3.8424400000000003,1,1.5
06.08.2021 00:07:50.418,3.8450300000000004,3.8424300000000007,1,1.5
06.08.2021 00:07:50.469,3.8450400000000005,3.8424199999999997,1,1.5
06.08.2021 00:07:50.814,3.84496,3.8423300000000005,1,1.5
06.08.2021 00:08:15.971,3.84496,3.84236,1,1.5
06.08.2021 00:08:20.501,3.8449500000000003,3.84237,1,1.5
06.08.2021 00:08:23.415,3.84496,3.8417900000000005,1.5,1.5
06.08.2021 00:08:23.584,3.845,3.8416699999999997,1.5,1
06.08.2021 00:08:23.817,3.845,3.8414699999999997,1,1
06.08.2021 00:08:24.016,3.845,3.8415900000000005,1.5,1
06.08.2021 00:08:24.418,3.84485,3.84154,1.5,1
06.08.2021 00:08:24.620,3.84482,3.84152,1,1.5
06.08.2021 00:08:24.834,3.8448,3.84161,1,1
06.08.2021 00:08:24.884,3.84481,3.84152,1,1.5
06.08.2021 00:08:29.665,3.84481,3.84156,1.5,1
06.08.2021 00:08:30.769,3.84481,3.8414699999999997,1,1
06.08.2021 00:08:31.412,3.84481,3.8415500000000002,1.5,1
06.08.2021 00:08:33.674,3.8448,3.8415300000000006,1,1.5
06.08.2021 00:08:33.875,3.84481,3.84152,1.5,1.5
06.08.2021 00:08:34.025,3.8448,3.8415300000000006,1,1.5
06.08.2021 00:08:34.075,3.84481,3.84152,1.5,1.5
06.08.2021 00:08:36.652,3.8448,3.84141,1.5,1
06.08.2021 00:08:50.077,3.84497,3.8413300000000006,1.5,1
06.08.2021 00:09:00.261,3.84491,3.8416300000000003,1.5,1
06.08.2021 00:09:04.666,3.84491,3.84141,1.5,1
06.08.2021 00:09:55.345,3.8448800000000003,3.84157,1.5,1
06.08.2021 00:11:14.869,3.8450400000000005,3.84091,1.5,1.5
06.08.2021 00:11:18.662,3.8448900000000004,3.84141,1.5,1
06.08.2021 00:11:25.510,3.8448900000000004,3.84141,1.5,1
06.08.2021 00:11:26.059,3.8448900000000004,3.84141,1.5,1
06.08.2021 00:11:40.614,3.84497,3.84161,1.5,1
06.08.2021 00:11:44.506,3.84497,3.84161,1.5,1
06.08.2021 00:11:44.708,3.8451300000000006,3.84174,1.5,1
06.08.2021 00:11:46.770,3.8451300000000006,3.8415900000000005,1.5,1
06.08.2021 00:11:51.258,3.8451300000000006,3.8415900000000005,1,1
06.08.2021 00:11:54.215,3.84526,3.8418900000000002,1.5,1
06.08.2021 00:11:54.376,3.8452900000000003,3.84175,1.5,1
06.08.2021 00:12:41.017,3.8453300000000006,3.8418,1.5,1
06.08.2021 00:12:41.253,3.84525,3.84175,1.5,1
06.08.2021 00:12:45.240,3.8452300000000004,3.84166,1.5,1
06.08.2021 00:12:51.191,3.84516,3.8416,1,1
06.08.2021 00:12:51.392,3.8452,3.8416400000000004,1.5,1
06.08.2021 00:12:55.256,3.8452,3.8416400000000004,1.5,1
06.08.2021 00:12:57.663,3.8452,3.8416400000000004,1.5,1
06.08.2021 00:12:59.593,3.84519,3.84165,1.5,1
06.08.2021 00:13:30.589,3.84517,3.8416400000000004,1.5,1
06.08.2021 00:13:38.081,3.84517,3.8416400000000004,1.5,1
06.08.2021 00:13:39.808,3.84517,3.8416400000000004,1.5,1
06.08.2021 00:13:41.892,3.84517,3.8416400000000004,1.5,1
06.08.2021 00:13:45.124,3.84506,3.8414900000000003,1,1
06.08.2021 00:13:58.919,3.8450800000000003,3.84161,1.5,1
06.08.2021 00:14:11.640,3.8451400000000002,3.84161,1,1
06.08.2021 00:14:18.963,3.8451400000000002,3.84161,1,1
06.08.2021 00:14:23.291,3.8451400000000002,3.84161,1,1
06.08.2021 00:14:23.494,3.84519,3.84175,1.5,1
06.08.2021 00:14:23.711,3.84519,3.84175,1.5,1
06.08.2021 00:14:42.494,3.84519,3.84176,1.5,1
06.08.2021 00:14:42.696,3.84519,3.84176,1.5,1
06.08.2021 00:14:44.772,3.8452,3.84175,1.5,1
06.08.2021 00:14:45.391,3.84519,3.8417000000000003,1.5,1
06.08.2021 00:14:47.453,3.8452800000000003,3.84176,1,1
06.08.2021 00:15:02.745,3.8452900000000003,3.84175,1,1
06.08.2021 00:15:02.892,3.8452800000000003,3.84176,1,1
06.08.2021 00:15:03.064,3.84526,3.84175,1.5,1
06.08.2021 00:15:15.851,3.84516,3.84162,1,1.5
06.08.2021 00:15:27.592,3.84516,3.84162,1,1.5
06.08.2021 00:15:29.343,3.84516,3.84162,1,1.5
06.08.2021 00:15:34.979,3.84516,3.84162,1,1.5
06.08.2021 00:15:59.093,3.8451800000000005,3.8416300000000003,1,1
06.08.2021 00:16:13.474,3.84517,3.8417300000000005,1,1.5
06.08.2021 00:16:18.169,3.84517,3.8417300000000005,1,1.5
06.08.2021 00:16:21.848,3.84517,3.8416300000000003,1.5,1
06.08.2021 00:16:30.233,3.84517,3.8416300000000003,1.5,1
06.08.2021 00:16:42.115,3.84516,3.8416400000000004,1.5,1
06.08.2021 00:16:42.579,3.84516,3.8416400000000004,1.5,1
06.08.2021 00:16:56.085,3.8451800000000005,3.8416300000000003,1,1
06.08.2021 00:17:11.733,3.8452900000000003,3.84175,1,1
06.08.2021 00:18:00.465,3.8454,3.84192,1,1
06.08.2021 00:19:08.683,3.8455000000000004,3.8414,1.5,1.5
06.08.2021 00:19:40.904,3.84561,3.84214,1.5,1
06.08.2021 00:19:41.091,3.8456400000000004,3.84214,1.5,1
06.08.2021 00:19:45.293,3.84565,3.8421300000000005,1.5,1
06.08.2021 00:19:52.741,3.84565,3.84214,1,1
06.08.2021 00:20:02.481,3.84581,3.8423400000000005,2,1
06.08.2021 00:20:02.663,3.84581,3.84249,1.5,1.5
06.08.2021 00:20:02.826,3.84582,3.84236,1.5,1
06.08.2021 00:20:21.213,3.8458699999999997,3.84237,1,1
06.08.2021 00:20:24.111,3.84585,3.84237,1.5,1
06.08.2021 00:20:35.245,3.8458699999999997,3.84237,1,1
06.08.2021 00:20:42.394,3.84572,3.8422199999999997,1,1
06.08.2021 00:21:27.807,3.84566,3.84214,1,1
06.08.2021 00:21:27.909,3.8455800000000004,3.8420800000000006,1,1
06.08.2021 00:21:28.062,3.8455800000000004,3.8420800000000006,1,1
06.08.2021 00:21:51.295,3.8456300000000003,3.8421300000000005,1.5,1
06.08.2021 00:22:19.272,3.84556,3.8420199999999998,1.5,1
06.08.2021 00:22:21.293,3.84556,3.8420199999999998,1.5,1
06.08.2021 00:22:23.268,3.84556,3.8420199999999998,1.5,1
06.08.2021 00:24:32.081,3.84557,3.8420199999999998,1,1
06.08.2021 00:24:49.638,3.84557,3.8420199999999998,1,1
06.08.2021 00:24:49.842,3.84556,3.8420300000000003,1,1
06.08.2021 00:25:54.586,3.8455800000000004,3.8421000000000003,1,1
06.08.2021 00:25:54.789,3.8455900000000005,3.8420900000000002,1,1
06.08.2021 00:26:00.236,3.84562,3.84217,1.5,1
06.08.2021 00:26:43.582,3.8457800000000004,3.84235,1.5,1
06.08.2021 00:26:44.398,3.84592,3.84246,1.5,1
06.08.2021 00:26:54.460,3.84591,3.84241,1,1
06.08.2021 00:26:55.819,3.84597,3.8424800000000006,1,1
06.08.2021 00:27:05.405,3.84597,3.8424800000000006,1,1
06.08.2021 00:27:05.606,3.84596,3.84249,1,1
06.08.2021 00:27:17.610,3.8459000000000003,3.8424300000000007,1,1
06.08.2021 00:27:33.095,3.8459300000000005,3.8424300000000007,1,1
06.08.2021 00:27:52.495,3.8462,3.84271,1,1
06.08.2021 00:27:59.465,3.84615,3.8426500000000003,1,1
06.08.2021 00:28:05.436,3.8460900000000002,3.8425900000000004,1,1
06.08.2021 00:28:07.414,3.8460900000000002,3.8425900000000004,1,1
06.08.2021 00:28:09.519,3.8460199999999998,3.8425300000000004,1,1
06.08.2021 00:28:35.218,3.84601,3.8425400000000005,1,1
06.08.2021 00:28:38.558,3.8460900000000002,3.84266,1.5,1
06.08.2021 00:28:44.794,3.8461600000000002,3.84266,1,1
06.08.2021 00:29:14.497,3.84617,3.8426800000000005,1,1
06.08.2021 00:29:23.189,3.8462500000000004,3.84277,1.62,1
06.08.2021 00:29:27.522,3.8463600000000002,3.84287,1,1
06.08.2021 00:29:57.860,3.84637,3.84287,1,1
06.08.2021 00:29:58.262,3.8464800000000006,3.84301,1.5,1
06.08.2021 00:30:01.036,3.8464800000000006,3.84301,1.5,1
06.08.2021 00:30:06.506,3.8464400000000003,3.8429400000000005,1,1
06.08.2021 00:30:21.720,3.84617,3.84267,1,1
06.08.2021 00:30:26.292,3.8463800000000004,3.84289,1,1
06.08.2021 00:30:28.036,3.8463900000000004,3.8428800000000005,1,1
06.08.2021 00:30:38.402,3.84632,3.8428,1,1
06.08.2021 00:30:38.901,3.8463900000000004,3.84289,1,1
06.08.2021 00:30:57.700,3.84621,3.8427400000000005,1,1
06.08.2021 00:31:01.228,3.8464500000000004,3.8429400000000005,1,1
06.08.2021 00:31:05.167,3.84646,3.8429300000000004,1,1
06.08.2021 00:31:05.370,3.8464500000000004,3.8429400000000005,1,1
06.08.2021 00:31:19.093,3.84651,3.84312,1.5,1
06.08.2021 00:31:19.754,3.84652,3.8431100000000002,1.5,1
06.08.2021 00:31:22.354,3.84652,3.8431800000000003,1.5,1
06.08.2021 00:31:29.593,3.84651,3.8431300000000004,1.5,1
06.08.2021 00:31:43.632,3.84651,3.84307,1.5,1
06.08.2021 00:31:53.247,3.84629,3.8429699999999998,1.5,1
06.08.2021 00:31:58.093,3.84629,3.8429699999999998,1.5,1
06.08.2021 00:31:58.464,3.84629,3.8429699999999998,1.5,1
06.08.2021 00:31:58.664,3.84629,3.8429699999999998,1.5,1
06.08.2021 00:31:58.850,3.84629,3.8429699999999998,1.5,1
06.08.2021 00:31:59.567,3.84629,3.8429699999999998,1.5,1
06.08.2021 00:32:01.294,3.8462800000000006,3.8430400000000002,1.5,1
06.08.2021 00:32:03.581,3.84629,3.8430300000000006,1.5,1
06.08.2021 00:32:05.818,3.84629,3.8430300000000006,1.5,1
06.08.2021 00:32:06.833,3.84629,3.8430300000000006,1.5,1
06.08.2021 00:32:07.033,3.8462800000000006,3.8430400000000002,1.5,1
06.08.2021 00:32:07.234,3.8462800000000006,3.8430400000000002,1.5,1
06.08.2021 00:32:08.873,3.8462800000000006,3.8430400000000002,1.5,1
06.08.2021 00:32:12.214,3.84629,3.8430300000000006,1.5,1
06.08.2021 00:32:12.582,3.84629,3.8430300000000006,1.5,1
06.08.2021 00:32:28.198,3.8462800000000006,3.8430400000000002,1.5,1
06.08.2021 00:32:29.638,3.84629,3.84296,1.5,1
06.08.2021 00:32:30.461,3.8464199999999997,3.84292,1,1.5
06.08.2021 00:32:30.624,3.8464199999999997,3.84292,1,1
06.08.2021 00:32:34.527,3.84647,3.8429900000000004,1.62,1
06.08.2021 00:32:35.221,3.84647,3.84306,1.5,1
06.08.2021 00:32:37.929,3.8464800000000006,3.8430500000000003,1.5,1
06.08.2021 00:32:45.293,3.8464800000000006,3.8430500000000003,1.5,1
06.08.2021 00:32:52.054,3.8464800000000006,3.8430500000000003,1.5,1
06.08.2021 00:33:16.242,3.84647,3.84324,1.5,1
06.08.2021 00:33:19.445,3.8464800000000006,3.8432300000000006,1.5,1
06.08.2021 00:33:21.463,3.84647,3.84309,1.5,1
06.08.2021 00:33:34.664,3.8464800000000006,3.84302,1.5,1
06.08.2021 00:33:34.860,3.8464800000000006,3.84302,1.5,1
06.08.2021 00:33:39.828,3.8464800000000006,3.84326,1.5,1
06.08.2021 00:33:47.515,3.8464800000000006,3.8431100000000002,1.5,1
06.08.2021 00:34:09.214,3.8464300000000007,3.84296,1,1
06.08.2021 00:34:21.567,3.8464800000000006,3.8432500000000003,1.5,1
06.08.2021 00:34:34.094,3.8464800000000006,3.8432500000000003,1.5,1
06.08.2021 00:35:10.335,3.8464800000000006,3.8432500000000003,1.5,1
06.08.2021 00:35:10.536,3.84647,3.84326,1.5,1
06.08.2021 00:35:24.963,3.84647,3.8422400000000003,1.5,1.5
06.08.2021 00:36:01.307,3.8464500000000004,3.8428199999999997,1,1.5
06.08.2021 00:36:04.899,3.8464400000000003,3.8428300000000006,1,1.5
06.08.2021 00:36:08.032,3.8464500000000004,3.8428199999999997,1,1.5
06.08.2021 00:36:22.213,3.8464500000000004,3.8428199999999997,1,1.5
06.08.2021 00:36:22.415,3.8464800000000006,3.84326,1.5,1
06.08.2021 00:36:23.043,3.84647,3.84327,1.5,1
06.08.2021 00:36:23.376,3.8464800000000006,3.84326,1.5,1
06.08.2021 00:36:25.520,3.8464800000000006,3.8431100000000002,1.5,1
06.08.2021 00:36:33.712,3.8464800000000006,3.8431100000000002,1.5,1
06.08.2021 00:36:42.032,3.8464800000000006,3.8430500000000003,1.5,1
06.08.2021 00:36:42.626,3.8464800000000006,3.8430500000000003,1.5,1
06.08.2021 00:36:42.827,3.8464800000000006,3.8430500000000003,1.5,1
06.08.2021 00:36:52.292,3.8464800000000006,3.84302,1.5,1.5
06.08.2021 00:36:52.494,3.84647,3.843,1.5,1
06.08.2021 00:37:41.594,3.8464800000000006,3.8429900000000004,1.5,1
06.08.2021 00:37:56.213,3.8464800000000006,3.8422300000000003,1.5,1.5
06.08.2021 00:38:05.746,3.8464800000000006,3.8422300000000003,1.5,1.5
06.08.2021 00:38:08.781,3.84647,3.8422400000000003,1.5,1.5
06.08.2021 00:38:25.115,3.8466400000000003,3.84249,1.5,1.5
06.08.2021 00:38:28.518,3.8466400000000003,3.84249,1.5,1.5
06.08.2021 00:38:55.432,3.84655,3.84306,1,1
06.08.2021 00:38:58.010,3.84655,3.84306,1,1
06.08.2021 00:38:58.416,3.8466400000000003,3.84324,1.5,1
06.08.2021 00:39:00.430,3.84656,3.84309,1,1
06.08.2021 00:39:11.139,3.8466400000000003,3.8431699999999998,1.5,1
06.08.2021 00:39:31.170,3.84676,3.8431800000000003,1,1
06.08.2021 00:39:31.371,3.84677,3.8431699999999998,1,1
06.08.2021 00:39:32.295,3.8465800000000003,3.8430500000000003,1,1
06.08.2021 00:39:37.319,3.8465800000000003,3.8430500000000003,1,1
06.08.2021 00:39:37.498,3.8467300000000004,3.8431800000000003,1,1
06.08.2021 00:39:37.699,3.8469,3.8433800000000007,1,1
06.08.2021 00:39:37.816,3.84712,3.84361,1,1
06.08.2021 00:39:37.972,3.8471300000000004,3.8436000000000003,1,1
06.08.2021 00:39:47.647,3.8471900000000003,3.84367,1,1
06.08.2021 00:40:01.176,3.8470800000000005,3.84355,1,1
06.08.2021 00:40:11.903,3.8470800000000005,3.84355,1,1
06.08.2021 00:40:12.123,3.8471,3.8435800000000007,1,1
06.08.2021 00:40:30.148,3.8470400000000002,3.84352,1,1
06.08.2021 00:40:30.273,3.8471800000000003,3.84372,1,1
06.08.2021 00:41:48.817,3.8469300000000004,3.84341,1,1
06.08.2021 00:41:48.991,3.8468500000000003,3.84335,1,1
06.08.2021 00:41:49.179,3.84687,3.8433699999999997,1,1
06.08.2021 00:42:38.160,3.84687,3.8433699999999997,1,1
06.08.2021 00:42:45.549,3.84667,3.84322,1,1.5
06.08.2021 00:43:20.163,3.84676,3.8432800000000005,1,1
06.08.2021 00:43:20.521,3.84677,3.84327,1,1
06.08.2021 00:43:22.929,3.84681,3.84336,1.5,1
06.08.2021 00:43:26.065,3.8469900000000004,3.84352,1.5,1
06.08.2021 00:43:27.714,3.84692,3.84344,1,1
06.08.2021 00:44:29.097,3.847,3.84351,1.5,1
06.08.2021 00:46:18.076,3.8469,3.8434000000000004,1,1
06.08.2021 00:46:31.281,3.8468199999999997,3.8433400000000004,1,1
06.08.2021 00:46:31.431,3.84667,3.84322,1.5,1.5
06.08.2021 00:46:34.466,3.84667,3.8431800000000003,1.5,1
06.08.2021 00:46:34.674,3.8467000000000002,3.8432000000000004,1,1
06.08.2021 00:47:25.725,3.84661,3.84312,1,1
06.08.2021 00:47:25.926,3.8464,3.84292,1,1.5
06.08.2021 00:47:42.095,3.8464,3.8428199999999997,1,1.5
06.08.2021 00:47:44.508,3.8464,3.8428199999999997,1,1.5
06.08.2021 00:48:01.287,3.8463900000000004,3.8428300000000006,1,1.5
06.08.2021 00:48:01.847,3.84672,3.8432300000000006,1.5,1
06.08.2021 00:48:02.048,3.8468400000000003,3.8434500000000003,1.5,1
06.08.2021 00:48:02.248,3.8468300000000006,3.84346,1.5,1
06.08.2021 00:48:06.795,3.8468400000000003,3.8434500000000003,1.5,1
06.08.2021 00:48:16.183,3.8468199999999997,3.84332,1,1
06.08.2021 00:49:13.051,3.8466199999999997,3.8431699999999998,1,1
06.08.2021 00:50:04.892,3.84677,3.84355,1,1
06.08.2021 00:50:04.993,3.84675,3.8433100000000002,1,1
06.08.2021 00:50:05.295,3.84676,3.8433,1,1
06.08.2021 00:50:09.629,3.8468300000000006,3.84341,1.5,1
06.08.2021 00:50:13.179,3.8469,3.8434000000000004,1,1
06.08.2021 00:50:14.663,3.8468,3.8433100000000002,1,1
06.08.2021 00:50:15.274,3.8468,3.8433100000000002,1,1
06.08.2021 00:50:15.506,3.8470300000000006,3.8436800000000004,1.5,1
06.08.2021 00:50:17.080,3.8470300000000006,3.8436800000000004,1.5,1
06.08.2021 00:50:17.339,3.84702,3.8436900000000005,1.5,1
06.08.2021 00:50:26.754,3.8471100000000003,3.84362,1.5,1
06.08.2021 00:50:26.922,3.84706,3.84356,1,1
06.08.2021 00:50:27.073,3.8472300000000006,3.8437699999999997,1.5,1
06.08.2021 00:50:27.274,3.8472300000000006,3.84384,1.5,1
06.08.2021 00:50:35.900,3.8471,3.8436300000000005,1,1
06.08.2021 00:50:45.628,3.8472000000000004,3.8437400000000004,1,1
06.08.2021 00:50:53.529,3.84702,3.84352,1,1
06.08.2021 00:50:54.802,3.8471699999999998,3.8436900000000005,1,1
06.08.2021 00:50:59.136,3.84716,3.8437,1,1
06.08.2021 00:50:59.253,3.84709,3.8435900000000003,1,1
06.08.2021 00:50:59.506,3.84715,3.8436500000000002,1,1
06.08.2021 00:51:21.378,3.84692,3.84342,1,1
06.08.2021 00:51:21.587,3.84692,3.84342,1,1
06.08.2021 00:51:32.806,3.84716,3.8437,1,1
06.08.2021 00:51:36.634,3.8471699999999998,3.8436900000000005,1,1
06.08.2021 00:51:36.835,3.84716,3.8437,1,1
06.08.2021 00:51:39.399,3.84722,3.84381,1.5,1
06.08.2021 00:51:42.848,3.8470500000000003,3.84356,1,1
06.08.2021 00:51:45.295,3.84707,3.84361,1.62,1
06.08.2021 00:51:55.216,3.84697,3.8436000000000003,1.5,1
06.08.2021 00:51:55.422,3.84696,3.84361,1.5,1
06.08.2021 00:51:57.294,3.8468,3.8433,1,1
06.08.2021 00:51:57.448,3.8468,3.84342,1,1.5
06.08.2021 00:51:57.650,3.84696,3.8435699999999997,1.5,1
06.08.2021 00:52:03.693,3.84697,3.84364,1.5,1
06.08.2021 00:52:07.550,3.84716,3.8437800000000006,1.5,1
06.08.2021 00:52:12.396,3.84715,3.8437300000000003,1.5,1
06.08.2021 00:52:23.096,3.84716,3.84372,1.5,1
06.08.2021 00:52:23.316,3.8470500000000003,3.8435699999999997,1,1
06.08.2021 00:52:30.596,3.8470500000000003,3.8435699999999997,1,1
06.08.2021 00:52:32.879,3.8471100000000003,3.84361,1,1
06.08.2021 00:52:46.349,3.84716,3.8439400000000004,1.5,1
06.08.2021 00:52:55.453,3.84716,3.8439400000000004,1.5,1
06.08.2021 00:52:55.660,3.84716,3.84385,1.5,1
06.08.2021 00:53:06.637,3.84715,3.8437800000000006,1.5,1
06.08.2021 00:53:07.363,3.84716,3.8437699999999997,1.5,1
06.08.2021 00:53:18.034,3.84716,3.8437699999999997,1.5,1
06.08.2021 00:53:20.264,3.8471100000000003,3.8436300000000005,1,1
06.08.2021 00:53:40.885,3.84716,3.84371,1.5,1
06.08.2021 00:54:04.941,3.84715,3.8436500000000002,1,1
06.08.2021 00:54:09.950,3.84696,3.8435,1.5,1
06.08.2021 00:54:14.276,3.84697,3.8434900000000005,1.5,1
06.08.2021 00:54:15.189,3.84692,3.84344,1,1
06.08.2021 00:54:27.484,3.84697,3.8436300000000005,1.5,1
06.08.2021 00:54:28.873,3.8468800000000005,3.84352,1,1.5
06.08.2021 00:54:30.452,3.84681,3.8433100000000002,1,1
06.08.2021 00:54:31.879,3.84696,3.8436500000000002,1.5,1
06.08.2021 00:54:32.882,3.84695,3.84352,1,1
06.08.2021 00:54:33.033,3.84696,3.84351,1,1
06.08.2021 00:54:35.107,3.84696,3.84351,1,1
06.08.2021 00:54:50.542,3.84696,3.8436900000000005,1.5,1
06.08.2021 00:54:50.643,3.84697,3.8436800000000004,1.5,1
06.08.2021 00:54:51.436,3.84697,3.8436800000000004,1.5,1
06.08.2021 00:54:52.498,3.84697,3.8437400000000004,1.5,1
06.08.2021 00:54:53.682,3.84697,3.8435900000000003,1.5,1.5
06.08.2021 00:55:00.494,3.84696,3.8435400000000004,1.5,1
06.08.2021 00:55:00.713,3.84696,3.8437,1.5,1
06.08.2021 00:55:02.084,3.84696,3.8436300000000005,1.5,1.5
06.08.2021 00:55:02.853,3.84697,3.8435800000000007,1.5,1
06.08.2021 00:55:03.054,3.84697,3.8435800000000007,1.5,1
06.08.2021 00:55:03.540,3.84687,3.84335,1,1
06.08.2021 00:55:03.691,3.8468500000000003,3.8433900000000003,1,1
06.08.2021 00:55:05.508,3.84692,3.8434300000000006,1,1
06.08.2021 00:55:05.785,3.84692,3.8434300000000006,1,1
06.08.2021 00:55:06.422,3.84692,3.8434300000000006,1,1
06.08.2021 00:55:06.686,3.84692,3.8434300000000006,1,1
06.08.2021 00:55:28.143,3.84692,3.8434300000000006,1,1
06.08.2021 00:55:28.385,3.84696,3.84366,1.5,1
06.08.2021 00:55:28.588,3.84697,3.8436500000000002,1.5,1
06.08.2021 00:55:29.713,3.84697,3.8435,1.5,1.5
06.08.2021 00:55:32.844,3.84697,3.84372,1.5,1
06.08.2021 00:55:41.277,3.84697,3.84375,1.5,1
06.08.2021 00:55:46.957,3.8471300000000004,3.84367,1,1
06.08.2021 00:56:48.096,3.8471800000000003,3.84287,1.5,1.5
06.08.2021 00:56:48.316,3.8471900000000003,3.84376,1.5,1
06.08.2021 00:57:20.738,3.8471900000000003,3.8437,2,1
06.08.2021 00:57:24.889,3.8471900000000003,3.84376,1.5,1
06.08.2021 00:57:25.234,3.8471800000000003,3.8437699999999997,1.5,1
06.08.2021 00:57:35.223,3.8471900000000003,3.84376,1.5,1
06.08.2021 00:58:25.472,3.8471900000000003,3.8439,1.5,1
06.08.2021 00:58:35.816,3.8471800000000003,3.8437,1.5,1
06.08.2021 00:58:43.767,3.84716,3.84366,1,1
06.08.2021 00:58:46.061,3.84716,3.84366,1,1
06.08.2021 00:58:52.193,3.8471900000000003,3.8437900000000003,1.5,1
06.08.2021 00:59:24.459,3.8471800000000003,3.8439300000000003,1.5,1
06.08.2021 00:59:25.282,3.8471900000000003,3.84372,1.5,1
06.08.2021 00:59:29.893,3.8471900000000003,3.8437900000000003,1.5,1
06.08.2021 00:59:32.430,3.8471900000000003,3.8437300000000003,1.5,1
06.08.2021 00:59:41.296,3.8471900000000003,3.84382,1.5,1
06.08.2021 00:59:54.240,3.8471900000000003,3.8437400000000004,1.5,1
06.08.2021 00:59:57.401,3.8471900000000003,3.8437400000000004,1.5,1
06.08.2021 01:00:00.175,3.8471900000000003,3.8436800000000004,1.5,1
06.08.2021 01:00:00.581,3.84706,3.84355,1.5,1
06.08.2021 01:00:01.400,3.8470500000000003,3.84356,1.5,1
06.08.2021 01:00:02.494,3.84692,3.8434500000000003,1,1
06.08.2021 01:00:06.063,3.84689,3.8433699999999997,1,1
06.08.2021 01:00:13.227,3.8467000000000002,3.84322,1,1
06.08.2021 01:00:33.983,3.84697,3.8434900000000005,1,1
06.08.2021 01:00:38.328,3.8468300000000006,3.8433400000000004,1,1
06.08.2021 01:00:41.228,3.8469800000000003,3.84352,1,1
06.08.2021 01:00:42.296,3.8468300000000006,3.8433699999999997,1,1
06.08.2021 01:00:44.642,3.8468199999999997,3.8433800000000007,1,1
06.08.2021 01:00:52.678,3.847,3.8435699999999997,1.5,1
06.08.2021 01:00:55.114,3.84681,3.8433100000000002,1,1
06.08.2021 01:00:55.598,3.84696,3.8434800000000005,1,1
06.08.2021 01:01:02.063,3.8468300000000006,3.8433300000000004,1,1.5
06.08.2021 01:01:14.498,3.84697,3.84347,1,1
06.08.2021 01:01:26.164,3.8467900000000004,3.8433300000000004,1,1
06.08.2021 01:01:32.442,3.84695,3.8434800000000005,1,1
06.08.2021 01:01:38.565,3.84695,3.84347,1,1
06.08.2021 01:01:38.719,3.84695,3.84347,1,1
06.08.2021 01:01:39.882,3.8469400000000005,3.8434800000000005,1,1
06.08.2021 01:01:40.082,3.84677,3.84332,1,1
06.08.2021 01:01:43.618,3.84691,3.84347,1,1
06.08.2021 01:01:45.261,3.84691,3.84347,1,1
06.08.2021 01:01:59.249,3.84689,3.8433900000000003,1,1
06.08.2021 01:02:29.486,3.8468500000000003,3.84336,1,1
06.08.2021 01:02:37.625,3.8468500000000003,3.84336,1,1
06.08.2021 01:02:39.096,3.8468500000000003,3.84336,1,1
06.08.2021 01:02:41.088,3.8468500000000003,3.84336,1,1
06.08.2021 01:02:45.492,3.84652,3.8431,1,1
06.08.2021 01:03:01.082,3.84651,3.8430300000000006,1,1
06.08.2021 01:03:11.162,3.84652,3.84302,1,1.5
06.08.2021 01:03:11.499,3.84667,3.8432000000000004,1,1
06.08.2021 01:03:11.671,3.8467300000000004,3.8432500000000003,1,1
06.08.2021 01:03:12.077,3.8467400000000005,3.84324,1,1
06.08.2021 01:03:20.698,3.8467400000000005,3.84324,1,1
06.08.2021 01:03:21.105,3.8467400000000005,3.84324,1,1
06.08.2021 01:04:02.852,3.84672,3.8432000000000004,1,1
06.08.2021 01:04:03.011,3.84671,3.84321,1,1
06.08.2021 01:04:06.337,3.84656,3.8430800000000005,1,1
06.08.2021 01:04:06.766,3.84672,3.84324,1,1
06.08.2021 01:04:08.116,3.84677,3.8433,1,1
06.08.2021 01:04:25.297,3.8466800000000005,3.8431900000000003,1,1
06.08.2021 01:04:25.500,3.84667,3.8432000000000004,1,1
06.08.2021 01:04:33.275,3.8466400000000003,3.8431800000000003,1,1
06.08.2021 01:04:36.015,3.84675,3.8432500000000003,1,1
06.08.2021 01:04:36.391,3.8467400000000005,3.84326,1,1
06.08.2021 01:04:37.054,3.84651,3.8430500000000003,1,1
06.08.2021 01:04:38.788,3.84666,3.8431900000000003,1,1
06.08.2021 01:04:44.651,3.8466500000000003,3.84315,1,1
06.08.2021 01:04:51.668,3.8465400000000005,3.84307,1,1
06.08.2021 01:05:00.394,3.8466,3.8431,1,1
06.08.2021 01:05:01.821,3.8465400000000005,3.8430400000000002,1,1
06.08.2021 01:05:02.359,3.8465300000000004,3.8430300000000006,1,1
06.08.2021 01:05:02.518,3.8465300000000004,3.8430300000000006,1,1
06.08.2021 01:05:11.578,3.8465300000000004,3.8430300000000006,1,1
06.08.2021 01:05:12.370,3.8466400000000003,3.8433100000000002,1.5,1
06.08.2021 01:05:30.699,3.84656,3.8431300000000004,1,1.5
06.08.2021 01:05:31.430,3.84669,3.84332,1.5,1
06.08.2021 01:05:39.796,3.8467000000000002,3.8433100000000002,1.5,1
06.08.2021 01:05:46.617,3.8468300000000006,3.84344,1.5,1
06.08.2021 01:05:47.254,3.8468199999999997,3.8434500000000003,1.5,1
06.08.2021 01:05:50.313,3.84671,3.8432300000000006,1,1.5
06.08.2021 01:05:51.257,3.8466500000000003,3.84316,1,1
06.08.2021 01:05:54.860,3.8467300000000004,3.8432500000000003,1,1
06.08.2021 01:05:56.596,3.8467400000000005,3.84324,1,1
06.08.2021 01:06:10.644,3.84676,3.84326,1,1
06.08.2021 01:06:17.324,3.84657,3.84312,1,1.5
06.08.2021 01:06:31.557,3.8466400000000003,3.84315,1,1
06.08.2021 01:06:48.596,3.8466400000000003,3.84315,1,1
06.08.2021 01:06:51.000,3.8466400000000003,3.84315,1,1
06.08.2021 01:07:07.375,3.84671,3.84321,1,1
06.08.2021 01:07:20.621,3.8468,3.84332,1,1
06.08.2021 01:07:37.912,3.8468199999999997,3.8433900000000003,1.5,1
06.08.2021 01:07:38.114,3.8468300000000006,3.8433800000000007,1.5,1
06.08.2021 01:07:47.567,3.8468199999999997,3.8433900000000003,1.5,1
06.08.2021 01:07:51.097,3.8468199999999997,3.8433900000000003,1.5,1
06.08.2021 01:08:40.774,3.8468300000000006,3.8436000000000003,1.5,1
06.08.2021 01:08:52.368,3.8472500000000003,3.84384,1.5,1
06.08.2021 01:08:52.570,3.8472500000000003,3.84384,1.5,1
06.08.2021 01:08:52.760,3.8472500000000003,3.84384,1.5,1
06.08.2021 01:08:53.604,3.84724,3.84385,1.5,1
06.08.2021 01:08:54.058,3.8472500000000003,3.84384,1.5,1
06.08.2021 01:08:55.241,3.8472500000000003,3.84384,1.5,1
06.08.2021 01:09:01.298,3.8472500000000003,3.84384,1.5,1
06.08.2021 01:09:01.501,3.8472500000000003,3.84384,1.5,1
06.08.2021 01:09:04.196,3.8471800000000003,3.8436900000000005,1,1
06.08.2021 01:09:04.396,3.8471699999999998,3.8437,1,1
06.08.2021 01:09:14.904,3.8471800000000003,3.8436900000000005,1,1
06.08.2021 01:09:15.536,3.8471800000000003,3.8436900000000005,1,1
06.08.2021 01:09:19.900,3.8471800000000003,3.8436900000000005,1,1
06.08.2021 01:09:20.479,3.8471800000000003,3.8436900000000005,1,1
06.08.2021 01:09:21.066,3.8471699999999998,3.8437,1,1
06.08.2021 01:09:26.068,3.8471699999999998,3.8437,1,1
06.08.2021 01:09:26.736,3.84724,3.8437400000000004,1,1
06.08.2021 01:09:52.007,3.84724,3.8437400000000004,1.5,1
06.08.2021 01:09:52.159,3.8470500000000003,3.8436300000000005,1,1.5
06.08.2021 01:09:52.611,3.8470500000000003,3.8436300000000005,1,1.5
06.08.2021 01:10:02.431,3.8472000000000004,3.8436900000000005,1,1
06.08.2021 01:10:24.418,3.8472000000000004,3.8436900000000005,1,1
06.08.2021 01:10:29.375,3.8472000000000004,3.8436900000000005,1,1
06.08.2021 01:10:32.503,3.8471900000000003,3.8437,1,1
06.08.2021 01:11:02.904,3.84726,3.843,1.5,1.5
06.08.2021 01:11:03.106,3.84727,3.8437699999999997,1.62,1
06.08.2021 01:11:08.219,3.84727,3.8437699999999997,1.62,1
06.08.2021 01:11:09.985,3.84727,3.84392,1.5,1
06.08.2021 01:11:12.776,3.84726,3.8438300000000005,1.5,1.5
06.08.2021 01:11:14.099,3.84726,3.8438300000000005,1.5,1.5
06.08.2021 01:11:44.815,3.84741,3.84397,1,1
06.08.2021 01:11:45.390,3.8474300000000006,3.84404,1.5,1
06.08.2021 01:11:45.580,3.84742,3.8441300000000003,1,1.5
06.08.2021 01:12:26.413,3.8473,3.8437300000000003,1,1.5
06.08.2021 01:12:32.880,3.8474500000000003,3.84402,1,1
06.08.2021 01:12:39.594,3.8475400000000004,3.8440600000000003,1,1
06.08.2021 01:12:44.612,3.84746,3.8439800000000006,1,1
06.08.2021 01:12:44.763,3.8474300000000006,3.84395,1,1
06.08.2021 01:12:51.733,3.8474300000000006,3.84395,1,1
06.08.2021 01:13:10.355,3.8475699999999997,3.84407,1,1
06.08.2021 01:13:27.205,3.8474000000000004,3.84392,1,1
06.08.2021 01:13:36.808,3.8475,3.8440300000000005,1,1
06.08.2021 01:13:40.255,3.84751,3.84402,1,1
06.08.2021 01:13:40.460,3.84751,3.84402,1,1
06.08.2021 01:13:52.736,3.8474500000000003,3.84397,1,1
06.08.2021 01:14:06.000,3.84751,3.84401,1,1
06.08.2021 01:14:12.053,3.8475,3.84402,1,1
06.08.2021 01:14:19.684,3.84751,3.84401,1,1
06.08.2021 01:14:32.880,3.8474300000000006,3.8439300000000003,1,1
06.08.2021 01:14:45.836,3.84727,3.8438000000000003,1,1
06.08.2021 01:14:49.557,3.84742,3.8439300000000003,1.62,1
06.08.2021 01:15:02.583,3.8472000000000004,3.8437300000000003,1,1
06.08.2021 01:16:06.710,3.8473800000000007,3.84385,1,1
06.08.2021 01:16:08.800,3.8473400000000004,3.84381,1,1
06.08.2021 01:16:08.955,3.8473400000000004,3.84381,1,1
06.08.2021 01:16:30.498,3.8473699999999997,3.8438300000000005,1,1
06.08.2021 01:16:57.355,3.84732,3.8437800000000006,1,1
06.08.2021 01:17:08.410,3.84741,3.84397,1.5,1
06.08.2021 01:18:04.694,3.8474500000000003,3.84392,1,1
06.08.2021 01:18:04.945,3.84747,3.8439900000000002,1,1
06.08.2021 01:18:27.884,3.8473900000000003,3.8438900000000005,1,1
06.08.2021 01:18:34.985,3.8473699999999997,3.8438900000000005,1,1
06.08.2021 01:18:49.224,3.84736,3.8438300000000005,1,1
06.08.2021 01:18:52.946,3.84736,3.8438300000000005,1,1
06.08.2021 01:19:02.098,3.84735,3.84384,1,1
06.08.2021 01:19:27.206,3.84735,3.84384,1,1
06.08.2021 01:19:27.406,3.84736,3.84384,1,1
06.08.2021 01:19:31.286,3.84736,3.84384,1,1
06.08.2021 01:19:38.236,3.84735,3.84387,1,1
06.08.2021 01:19:38.400,3.8473400000000004,3.8438800000000004,1,1
06.08.2021 01:19:42.042,3.84735,3.84387,1,1
06.08.2021 01:20:00.632,3.8473100000000002,3.84381,1,1
06.08.2021 01:20:23.563,3.8473699999999997,3.84387,1,1
06.08.2021 01:20:23.764,3.8473699999999997,3.84387,1,1
06.08.2021 01:20:36.546,3.84736,3.8438800000000004,1,1
06.08.2021 01:20:38.518,3.8473,3.84382,1,1
06.08.2021 01:20:38.716,3.8473,3.84382,1,1
06.08.2021 01:20:40.989,3.8473100000000002,3.84381,1,1
06.08.2021 01:20:41.191,3.8473100000000002,3.84381,1,1
06.08.2021 01:20:56.099,3.84724,3.8437400000000004,1,1
06.08.2021 01:20:59.099,3.84724,3.8437400000000004,1,1
06.08.2021 01:21:07.983,3.84735,3.8438800000000004,1,1
06.08.2021 01:21:08.151,3.8473300000000004,3.8438900000000005,1,1
06.08.2021 01:21:19.557,3.84732,3.8439,1,1
06.08.2021 01:21:42.614,3.8473300000000004,3.8438300000000005,1,1
06.08.2021 01:21:53.308,3.8473300000000004,3.8438300000000005,1,1
06.08.2021 01:21:56.551,3.8473300000000004,3.8438300000000005,1,1
06.08.2021 01:22:00.737,3.8473300000000004,3.8438300000000005,1,1
06.08.2021 01:22:08.510,3.8473400000000004,3.8438800000000004,1,1
06.08.2021 01:22:08.667,3.84735,3.84387,1,1
06.08.2021 01:22:09.099,3.84735,3.84387,1,1
06.08.2021 01:22:22.651,3.84735,3.84387,1,1
06.08.2021 01:22:28.831,3.8475,3.84404,1,1
06.08.2021 01:22:29.053,3.8473699999999997,3.8439,1,1
06.08.2021 01:23:03.600,3.8473699999999997,3.8439,1,1
06.08.2021 01:23:11.597,3.8473699999999997,3.8439,1,1
06.08.2021 01:23:12.213,3.8473300000000004,3.8438300000000005,1,1
06.08.2021 01:23:27.099,3.84732,3.84384,1,1
06.08.2021 01:23:50.125,3.8473300000000004,3.8438300000000005,1,1
06.08.2021 01:23:51.230,3.8473300000000004,3.8438300000000005,1,1
06.08.2021 01:24:12.100,3.84741,3.8438800000000004,1.5,1
06.08.2021 01:24:15.952,3.84741,3.8439300000000003,1.5,1
06.08.2021 01:24:28.913,3.8474000000000004,3.8439400000000004,1.5,1
06.08.2021 01:25:56.622,3.84741,3.8440900000000005,1.5,1
06.08.2021 01:26:24.415,3.84741,3.8439,1.5,1
06.08.2021 01:26:40.793,3.84741,3.8440300000000005,1.5,1
06.08.2021 01:26:48.041,3.8474000000000004,3.8438900000000005,1.5,1
06.08.2021 01:26:53.603,3.8474000000000004,3.8437800000000006,1,1
06.08.2021 01:27:08.131,3.8474000000000004,3.8438900000000005,1.5,1
06.08.2021 01:27:16.131,3.8473300000000004,3.8437400000000004,1,1
06.08.2021 01:27:18.076,3.8473300000000004,3.8437400000000004,1,1
06.08.2021 01:27:45.800,3.84741,3.8439400000000004,1.5,1
06.08.2021 01:28:08.403,3.8474000000000004,3.84395,1.5,1
06.08.2021 01:28:09.192,3.84741,3.8439400000000004,1.5,1
06.08.2021 01:28:14.608,3.8474000000000004,3.8440300000000005,1.5,1
06.08.2021 01:28:27.511,3.84741,3.8440000000000003,1.5,1
06.08.2021 01:28:48.982,3.84741,3.8438900000000005,1.5,1
06.08.2021 01:29:04.934,3.84741,3.8439900000000002,1.5,1
06.08.2021 01:29:16.037,3.84741,3.84387,1.5,1
06.08.2021 01:29:21.380,3.84741,3.84401,1.5,1
06.08.2021 01:29:29.998,3.84741,3.84404,1.5,1
06.08.2021 01:29:34.224,3.84741,3.84404,1.5,1
06.08.2021 01:29:37.918,3.8475699999999997,3.8438800000000004,1.5,1
06.08.2021 01:29:58.310,3.8475699999999997,3.8437,1.5,1
06.08.2021 01:30:00.908,3.8475699999999997,3.8437,1.5,1
06.08.2021 01:30:01.268,3.8475699999999997,3.8437,1.5,1
06.08.2021 01:30:02.012,3.8475699999999997,3.8437,1.5,1
06.08.2021 01:30:02.534,3.84756,3.84371,1.5,1
06.08.2021 01:30:02.745,3.8475699999999997,3.8436800000000004,1.5,1.5
06.08.2021 01:30:02.939,3.84756,3.8436900000000005,1.5,1.5
06.08.2021 01:30:10.243,3.8475699999999997,3.8438000000000003,1.5,1
06.08.2021 01:30:11.181,3.8475699999999997,3.84382,1.5,1.5
06.08.2021 01:30:11.377,3.8475699999999997,3.84382,1.5,1.5
06.08.2021 01:30:11.794,3.8475699999999997,3.84382,1.5,1.5
06.08.2021 01:30:18.110,3.8475699999999997,3.8438000000000003,1.5,1
06.08.2021 01:30:29.802,3.84756,3.8437300000000003,1.5,1
06.08.2021 01:30:30.616,3.8475699999999997,3.84372,1.5,1
06.08.2021 01:30:31.742,3.8475699999999997,3.8438800000000004,1.5,1.5
06.08.2021 01:30:41.939,3.8475699999999997,3.84371,1.5,1
06.08.2021 01:30:48.106,3.8475699999999997,3.84372,1.5,1.5
06.08.2021 01:30:51.566,3.8475699999999997,3.84372,1.5,1.5
06.08.2021 01:30:53.302,3.8475699999999997,3.84372,1.5,1.5
06.08.2021 01:31:00.514,3.8475699999999997,3.8440900000000005,1.5,1
06.08.2021 01:31:00.697,3.8475699999999997,3.8439800000000006,1.5,1.5
06.08.2021 01:31:20.601,3.84756,3.8439,1.5,1
06.08.2021 01:31:34.515,3.8475699999999997,3.8440300000000005,1.5,1
06.08.2021 01:31:41.486,3.8475699999999997,3.8440300000000005,1.5,1
06.08.2021 01:31:41.687,3.8475699999999997,3.8440300000000005,1.5,1
06.08.2021 01:31:55.365,3.84744,3.84395,1,1
06.08.2021 01:32:07.028,3.84742,3.84387,1,1
06.08.2021 01:32:11.980,3.84747,3.8439400000000004,1,1
06.08.2021 01:32:26.457,3.84741,3.84386,1.62,1
06.08.2021 01:32:42.052,3.84735,3.8438000000000003,1,1
06.08.2021 01:32:42.251,3.8474000000000004,3.8439,1.5,1
06.08.2021 01:33:01.536,3.8475,3.84395,1,1
06.08.2021 01:33:02.031,3.8475,3.84395,1,1
06.08.2021 01:33:02.331,3.8474900000000005,3.84396,1,1
06.08.2021 01:33:02.860,3.8475,3.84395,1,1
06.08.2021 01:33:03.158,3.8474900000000005,3.84396,1,1
06.08.2021 01:33:03.721,3.8475,3.84395,1,1
06.08.2021 01:33:03.924,3.8475,3.84395,1,1
06.08.2021 01:33:05.927,3.8475,3.84395,1,1
06.08.2021 01:33:08.009,3.8474900000000005,3.84396,1,1
06.08.2021 01:33:10.692,3.8475,3.84395,1,1
06.08.2021 01:33:10.892,3.8474900000000005,3.84396,1,1
06.08.2021 01:33:14.325,3.8476000000000004,3.8441300000000003,1.5,1
06.08.2021 01:33:32.591,3.84746,3.8438900000000005,1,1
06.08.2021 01:33:45.940,3.84736,3.8439300000000003,1,1.5
06.08.2021 01:34:06.601,3.8473,3.84375,1,1
06.08.2021 01:34:11.122,3.8473100000000002,3.8437400000000004,1,1
06.08.2021 01:34:13.132,3.8473,3.84375,1,1
06.08.2021 01:34:17.859,3.8474500000000003,3.8438900000000005,1,1
06.08.2021 01:34:20.159,3.84742,3.84385,1,1
06.08.2021 01:34:21.665,3.84742,3.84385,1,1
06.08.2021 01:34:23.037,3.8473400000000004,3.8437900000000003,1,1
06.08.2021 01:35:16.512,3.8473300000000004,3.8438000000000003,1,1
06.08.2021 01:35:45.002,3.84741,3.84396,1.5,1
06.08.2021 01:35:45.187,3.84741,3.8440800000000004,1.5,1
06.08.2021 01:36:03.539,3.84746,3.8439300000000003,1,1
06.08.2021 01:36:16.352,3.84742,3.84387,1,1
06.08.2021 01:36:18.965,3.84742,3.84387,1,1
06.08.2021 01:36:22.467,3.84747,3.8439400000000004,1,1
06.08.2021 01:36:35.321,3.84764,3.8441500000000004,1.5,1
06.08.2021 01:36:35.502,3.84764,3.8441500000000004,1.5,1
06.08.2021 01:36:35.702,3.8476300000000005,3.8443300000000007,1.5,1
06.08.2021 01:36:42.798,3.84764,3.84417,1.5,1
06.08.2021 01:37:01.857,3.8475699999999997,3.8441300000000003,1,1.5
06.08.2021 01:37:08.447,3.84755,3.8439800000000006,1,1
06.08.2021 01:37:08.647,3.8475400000000004,3.8439900000000002,1,1
06.08.2021 01:38:06.156,3.8475400000000004,3.8440300000000005,1,1.5
06.08.2021 01:38:18.492,3.84755,3.8439800000000006,1,1
06.08.2021 01:38:20.832,3.84755,3.8439800000000006,1,1
06.08.2021 01:38:36.595,3.8476300000000005,3.8441500000000004,1.5,1
06.08.2021 01:38:39.782,3.84764,3.8441400000000003,1.5,1
06.08.2021 01:38:56.497,3.8477,3.8442000000000003,1,1
06.08.2021 01:39:01.684,3.8476900000000005,3.84421,1,1
06.08.2021 01:39:05.002,3.8477,3.8442000000000003,1,1
06.08.2021 01:39:11.396,3.8476300000000005,3.8441500000000004,1,1
06.08.2021 01:39:24.447,3.84764,3.8441400000000003,1,1
06.08.2021 01:40:16.204,3.84772,3.84332,1.5,1.5
06.08.2021 01:40:28.927,3.8477300000000003,3.84431,1.5,1
06.08.2021 01:41:00.465,3.8474900000000005,3.84402,1,1.5
06.08.2021 01:41:14.566,3.84755,3.84407,1,1
06.08.2021 01:41:31.714,3.84771,3.84425,1,1
06.08.2021 01:41:32.526,3.84772,3.8442900000000004,1.5,1
06.08.2021 01:41:44.400,3.8476000000000004,3.8441400000000003,1,1
06.08.2021 01:42:01.360,3.8477300000000003,3.8442400000000005,1.5,1
06.08.2021 01:42:02.598,3.8477300000000003,3.8442400000000005,1.5,1
06.08.2021 01:42:02.801,3.8475400000000004,3.8441,1,1
06.08.2021 01:42:10.101,3.84755,3.8440900000000005,1,1
06.08.2021 01:42:15.389,3.8477,3.8442400000000005,1,1
06.08.2021 01:42:16.616,3.8477300000000003,3.8442600000000002,1.5,1
06.08.2021 01:42:18.625,3.84772,3.84427,1.5,1
06.08.2021 01:42:19.801,3.8475800000000007,3.84411,1,1
06.08.2021 01:43:04.853,3.84755,3.84405,1,1
06.08.2021 01:43:05.055,3.84755,3.84405,1,1
06.08.2021 01:43:05.367,3.84755,3.84405,1,1
06.08.2021 01:43:05.569,3.84755,3.84405,1,1
06.08.2021 01:43:24.587,3.8475400000000004,3.8440600000000003,1,1
06.08.2021 01:43:35.137,3.84755,3.84405,1,1
06.08.2021 01:44:17.981,3.84772,3.84332,1.5,1.5
06.08.2021 01:44:38.533,3.8474500000000003,3.84397,1,1
06.08.2021 01:45:05.827,3.84746,3.84396,1,1
06.08.2021 01:46:01.237,3.8475400000000004,3.84404,1,1
06.08.2021 01:46:01.389,3.84752,3.84402,1,1
06.08.2021 01:46:01.581,3.84752,3.84402,1,1
06.08.2021 01:46:03.073,3.84752,3.84402,1,1
06.08.2021 01:46:03.449,3.84751,3.8440300000000005,1,1
06.08.2021 01:46:46.767,3.8477300000000003,3.84437,1.5,1
06.08.2021 01:46:46.935,3.84762,3.8441199999999998,1,1
06.08.2021 01:46:51.896,3.8477300000000003,3.8443500000000004,1.5,1
06.08.2021 01:46:52.062,3.8477300000000003,3.8443500000000004,1.5,1
06.08.2021 01:47:13.015,3.8477300000000003,3.8443500000000004,1.5,1
06.08.2021 01:47:32.538,3.8477300000000003,3.84437,1.5,1
06.08.2021 01:47:35.807,3.8477300000000003,3.84437,1.5,1
06.08.2021 01:47:36.964,3.8475699999999997,3.8440900000000005,1,1
06.08.2021 01:47:39.018,3.8475699999999997,3.8440900000000005,1,1
06.08.2021 01:47:39.477,3.8475800000000007,3.8440800000000004,1,1
06.08.2021 01:47:53.045,3.84726,3.84411,1.5,1
06.08.2021 01:47:53.792,3.8469400000000005,3.84396,1,1
06.08.2021 01:47:54.295,3.84681,3.84397,1,1
06.08.2021 01:47:54.518,3.84726,3.8441,1.5,1
06.08.2021 01:47:54.675,3.8473900000000003,3.8438900000000005,1,1
06.08.2021 01:47:54.876,3.8475300000000003,3.84407,1,1
06.08.2021 01:47:58.540,3.84702,3.8440600000000003,1,1
06.08.2021 01:47:58.741,3.8472900000000005,3.84381,1,1
06.08.2021 01:47:58.842,3.84767,3.84416,1.5,1
06.08.2021 01:47:58.993,3.84772,3.84427,1.5,1
06.08.2021 01:48:00.764,3.84715,3.8441199999999998,1.12,1.5
06.08.2021 01:48:00.921,3.8470400000000002,3.84397,1.5,1
06.08.2021 01:48:01.072,3.8470400000000002,3.84375,1,1
06.08.2021 01:48:01.230,3.8470400000000002,3.8439300000000003,1.5,1
06.08.2021 01:48:01.331,3.8470400000000002,3.8439800000000006,1,1
06.08.2021 01:48:01.483,3.8470400000000002,3.8439800000000006,1,1
06.08.2021 01:48:01.700,3.84672,3.8439800000000006,1,1
06.08.2021 01:48:02.628,3.84666,3.8439800000000006,1,1
06.08.2021 01:48:02.896,3.84666,3.84362,1,1
06.08.2021 01:48:02.997,3.84736,3.8438800000000004,1,1
06.08.2021 01:48:03.097,3.8473800000000007,3.8438900000000005,1,1
06.08.2021 01:48:05.227,3.8469900000000004,3.8437400000000004,1,1.5
06.08.2021 01:48:05.426,3.8469900000000004,3.8440900000000005,1.5,1
06.08.2021 01:48:05.577,3.84669,3.8437900000000003,1,1
06.08.2021 01:48:05.809,3.84669,3.84405,1,1
06.08.2021 01:48:06.602,3.84669,3.8439,1,1
06.08.2021 01:48:07.105,3.8471400000000004,3.8438000000000003,1.5,1
06.08.2021 01:48:07.370,3.8477800000000006,3.84421,1.5,1
06.08.2021 01:48:07.559,3.8475300000000003,3.8440600000000003,1,1
06.08.2021 01:48:09.147,3.84701,3.8440000000000003,1,1
06.08.2021 01:48:10.491,3.8469,3.84401,1,1
06.08.2021 01:48:11.308,3.84732,3.84382,1.5,1.5
06.08.2021 01:48:11.496,3.84747,3.84397,1,1
06.08.2021 01:48:13.448,3.8476800000000004,3.8442800000000004,1.5,1
06.08.2021 01:48:15.545,3.84762,3.8443199999999997,1,1.5
06.08.2021 01:48:17.954,3.84785,3.84422,1.5,1.5
06.08.2021 01:48:18.723,3.84784,3.8442300000000005,1.5,1.5
06.08.2021 01:48:19.707,3.84787,3.8442900000000004,1.5,1.5
06.08.2021 01:48:19.909,3.8476500000000002,3.84417,1,1
06.08.2021 01:48:22.063,3.84781,3.8443400000000003,1,1
06.08.2021 01:48:22.566,3.84781,3.8443800000000006,1,1
06.08.2021 01:48:23.973,3.84775,3.84427,1,1
06.08.2021 01:48:25.128,3.84775,3.84427,1,1
06.08.2021 01:48:25.580,3.84775,3.84427,1,1
06.08.2021 01:48:25.908,3.84786,3.8443800000000006,1.5,1
06.08.2021 01:48:26.067,3.84786,3.8443800000000006,1.5,1
06.08.2021 01:48:31.613,3.84782,3.8443199999999997,1,1
06.08.2021 01:48:32.490,3.84764,3.8442300000000005,1,1.5
06.08.2021 01:48:38.314,3.8476500000000002,3.84422,1,1.5
06.08.2021 01:48:43.419,3.84776,3.8443,1,1
06.08.2021 01:48:43.573,3.8476300000000005,3.8441500000000004,1,1
06.08.2021 01:48:50.399,3.8476300000000005,3.8441500000000004,1,1
06.08.2021 01:48:50.594,3.84785,3.8444000000000003,1.5,1
06.08.2021 01:48:52.788,3.84772,3.8442600000000002,1,1
06.08.2021 01:48:53.589,3.84772,3.8442600000000002,1,1
06.08.2021 01:48:57.622,3.84785,3.84441,1.5,1
06.08.2021 01:48:57.777,3.84784,3.84442,1.5,1
06.08.2021 01:49:00.032,3.84772,3.8442600000000002,1,1
06.08.2021 01:49:01.241,3.8477800000000006,3.8442900000000004,1,1
06.08.2021 01:49:03.551,3.8477800000000006,3.8442900000000004,1,1
06.08.2021 01:49:08.919,3.8477300000000003,3.8442300000000005,1,1
06.08.2021 01:49:14.115,3.84784,3.84447,1.5,1
06.08.2021 01:49:22.137,3.84776,3.84431,1,1
06.08.2021 01:49:23.585,3.84775,3.8443199999999997,1,1
06.08.2021 01:49:25.141,3.84785,3.8444300000000005,1.5,1
06.08.2021 01:49:25.768,3.84784,3.8444400000000005,1.5,1
06.08.2021 01:49:26.826,3.84764,3.8442300000000005,1,1.5
06.08.2021 01:49:27.194,3.84764,3.8442300000000005,1,1.5
06.08.2021 01:49:29.889,3.8476500000000002,3.84422,1,1.5
06.08.2021 01:49:30.090,3.8476500000000002,3.84422,1,1.5
06.08.2021 01:49:33.930,3.84764,3.8442300000000005,1,1.5
06.08.2021 01:49:35.347,3.84756,3.8440800000000004,1,1
06.08.2021 01:49:41.290,3.8475900000000003,3.8441,1,1
06.08.2021 01:49:50.851,3.84751,3.84402,1,1.5
06.08.2021 01:49:55.312,3.84755,3.8442000000000003,1.5,1
06.08.2021 01:49:57.189,3.8474800000000005,3.84405,1,1
06.08.2021 01:49:58.818,3.8476300000000005,3.8441500000000004,1.5,1
06.08.2021 01:49:59.168,3.8476300000000005,3.8441500000000004,1.5,1
06.08.2021 01:50:08.835,3.84756,3.8440600000000003,1,1
06.08.2021 01:50:59.482,3.8474900000000005,3.8440600000000003,1.5,1
06.08.2021 01:50:59.729,3.8472900000000005,3.84372,1.5,1.5
06.08.2021 01:51:00.065,3.8472800000000005,3.8440300000000005,1.5,1.5
06.08.2021 01:51:00.305,3.8472500000000003,3.8440300000000005,1,1.5
06.08.2021 01:51:12.084,3.8473,3.8438000000000003,1,1
06.08.2021 01:51:14.652,3.8472900000000005,3.84381,1,1
06.08.2021 01:51:15.395,3.8473,3.8438000000000003,1,1
06.08.2021 01:51:29.489,3.8473,3.8438000000000003,1,1
06.08.2021 01:51:56.516,3.84732,3.8438300000000005,1.62,1
06.08.2021 01:52:02.185,3.8473100000000002,3.84384,1.62,1
06.08.2021 01:52:12.461,3.8473100000000002,3.84384,1.62,1
06.08.2021 01:52:48.427,3.8471699999999998,3.8436800000000004,1,1
06.08.2021 01:52:51.519,3.8471699999999998,3.8436800000000004,1,1
06.08.2021 01:52:59.142,3.84696,3.8435300000000003,1.5,1
06.08.2021 01:53:01.230,3.84696,3.8435300000000003,1.5,1
06.08.2021 01:53:13.944,3.84695,3.84367,1.5,1
06.08.2021 01:53:14.122,3.84696,3.84366,1.5,1
06.08.2021 01:53:21.047,3.84695,3.84367,1.5,1
06.08.2021 01:53:21.248,3.84695,3.84367,1.5,1
06.08.2021 01:53:25.180,3.84695,3.84367,1.5,1
06.08.2021 01:53:31.090,3.84696,3.8438300000000005,1.5,1
06.08.2021 01:53:35.701,3.84696,3.8436000000000003,1.5,1
06.08.2021 01:54:35.866,3.84712,3.8438800000000004,1.5,1
06.08.2021 01:54:36.061,3.84712,3.8438800000000004,1.5,1
06.08.2021 01:54:36.478,3.84712,3.8438800000000004,1.5,1
06.08.2021 01:54:47.102,3.8471100000000003,3.8438900000000005,1.5,1
06.08.2021 01:54:53.367,3.8471100000000003,3.84375,1.5,1
06.08.2021 01:55:02.226,3.8470300000000006,3.8435300000000003,1,1
06.08.2021 01:55:15.507,3.84702,3.8435400000000004,1,1
06.08.2021 01:55:15.678,3.84712,3.84381,1.5,1
06.08.2021 01:55:18.813,3.8473300000000004,3.84387,1.5,1
06.08.2021 01:55:20.603,3.84716,3.8437300000000003,1,1
06.08.2021 01:55:30.324,3.8472500000000003,3.84375,1,1
06.08.2021 01:55:47.468,3.8472500000000003,3.84375,1,1
06.08.2021 01:55:49.121,3.8472500000000003,3.8437699999999997,1,1
06.08.2021 01:56:27.430,3.8473699999999997,3.8438900000000005,1,1
06.08.2021 01:56:49.708,3.84744,3.8439400000000004,1,1
06.08.2021 01:56:56.996,3.84744,3.8439400000000004,1,1
06.08.2021 01:57:27.565,3.84746,3.84405,1.5,1
06.08.2021 01:57:32.308,3.84747,3.8440000000000003,1.5,1
06.08.2021 01:57:33.445,3.84747,3.8442900000000004,1.5,1
06.08.2021 01:57:33.798,3.84747,3.84402,1.5,1.5
06.08.2021 01:57:45.153,3.8474000000000004,3.84402,1,1.5
06.08.2021 01:57:45.307,3.84746,3.8440600000000003,1.5,1
06.08.2021 01:57:47.918,3.84747,3.84405,1.5,1
06.08.2021 01:57:48.120,3.8473300000000004,3.84385,1,1
06.08.2021 01:57:48.320,3.84726,3.8437800000000006,1,1
06.08.2021 01:57:51.159,3.84727,3.8437699999999997,1,1
06.08.2021 01:57:51.367,3.8474000000000004,3.84391,1,1
06.08.2021 01:57:55.635,3.8472500000000003,3.8437699999999997,1,1
06.08.2021 01:58:14.735,3.84726,3.84376,1,1
06.08.2021 01:58:15.805,3.8470400000000002,3.8436300000000005,1.5,1
06.08.2021 01:58:15.979,3.8470400000000002,3.8436300000000005,1.5,1
06.08.2021 01:58:20.299,3.8470300000000006,3.8435300000000003,1,1
06.08.2021 01:58:57.673,3.8470400000000002,3.84355,1.5,1
06.08.2021 01:59:00.684,3.8470400000000002,3.84355,1.5,1
06.08.2021 01:59:00.799,3.8470400000000002,3.84355,1.5,1
06.08.2021 01:59:01.003,3.8470400000000002,3.84355,1.5,1
06.08.2021 01:59:03.337,3.8470400000000002,3.84355,1.5,1
06.08.2021 01:59:03.661,3.8470400000000002,3.84355,1.5,1
06.08.2021 01:59:13.168,3.8470400000000002,3.84362,1.5,1
06.08.2021 01:59:28.086,3.8470300000000006,3.84362,1.5,1
06.08.2021 01:59:28.241,3.8470400000000002,3.84361,1.5,1
06.08.2021 01:59:33.145,3.8470400000000002,3.8436500000000002,1.5,1
06.08.2021 01:59:33.297,3.8470300000000006,3.84366,1.5,1
06.08.2021 01:59:34.743,3.8472000000000004,3.84371,1,1
06.08.2021 01:59:38.608,3.84715,3.8436500000000002,1,1
06.08.2021 01:59:39.171,3.84715,3.8436500000000002,1,1
06.08.2021 02:00:00.269,3.84701,3.84351,1.62,1
06.08.2021 02:00:02.396,3.84701,3.84351,1.62,1
06.08.2021 02:00:04.679,3.84701,3.8435800000000007,1.5,1
06.08.2021 02:01:18.309,3.84696,3.84347,1,1
06.08.2021 02:02:11.606,3.84695,3.8434800000000005,1,1
06.08.2021 02:02:35.275,3.84701,3.84277,1.5,1.5
06.08.2021 02:02:38.168,3.847,3.8427800000000003,1.5,1.5
06.08.2021 02:02:41.812,3.84695,3.8434800000000005,1,1
06.08.2021 02:02:41.967,3.84695,3.8434800000000005,1,1
06.08.2021 02:02:42.604,3.84695,3.8434800000000005,1,1
06.08.2021 02:02:44.560,3.8469400000000005,3.8434900000000005,1,1
06.08.2021 02:02:51.364,3.8469400000000005,3.8434900000000005,1,1
06.08.2021 02:02:51.564,3.8469400000000005,3.8434900000000005,1,1
06.08.2021 02:03:02.561,3.847,3.8435699999999997,1.5,1
06.08.2021 02:03:15.413,3.84701,3.8435900000000003,1.5,1
06.08.2021 02:03:19.415,3.8472300000000006,3.8437699999999997,1.5,1
06.08.2021 02:03:52.986,3.84732,3.8438300000000005,1,1
06.08.2021 02:03:53.919,3.84732,3.8438300000000005,1,1
06.08.2021 02:04:00.604,3.8473100000000002,3.84384,1,1
06.08.2021 02:04:06.546,3.84732,3.8438300000000005,1,1
06.08.2021 02:04:06.748,3.8473900000000003,3.8439800000000006,1.5,1
06.08.2021 02:04:11.790,3.8474000000000004,3.8441800000000006,1.5,1
06.08.2021 02:04:11.958,3.8473900000000003,3.8441199999999998,1.5,1.5
06.08.2021 02:04:18.488,3.8473900000000003,3.84402,1.5,1
06.08.2021 02:04:18.641,3.8473900000000003,3.84402,1.5,1
06.08.2021 02:04:18.844,3.8472800000000005,3.84372,1,1.5
06.08.2021 02:04:19.165,3.8473900000000003,3.84405,1.5,1
06.08.2021 02:04:21.365,3.8473900000000003,3.84405,1.5,1
06.08.2021 02:04:21.772,3.8473900000000003,3.84405,1.5,1
06.08.2021 02:04:31.412,3.8473100000000002,3.84405,1.5,1
06.08.2021 02:04:34.687,3.8474800000000005,3.8441199999999998,1.5,1
06.08.2021 02:04:41.683,3.84747,3.8442000000000003,1.5,1
06.08.2021 02:05:17.263,3.8474800000000005,3.8441199999999998,1.5,1
06.08.2021 02:05:19.270,3.8474800000000005,3.8441199999999998,1.5,1
06.08.2021 02:05:19.960,3.8473400000000004,3.84402,1,1.5
06.08.2021 02:05:31.489,3.8474800000000005,3.8440900000000005,1.5,1
06.08.2021 02:06:04.396,3.8474800000000005,3.8442300000000005,1.5,1
06.08.2021 02:06:05.455,3.84747,3.8442400000000005,1.5,1
06.08.2021 02:06:51.214,3.84747,3.8442400000000005,1.5,1
06.08.2021 02:06:51.817,3.8474800000000005,3.8441500000000004,1.5,1
06.08.2021 02:06:53.154,3.84746,3.84401,1,1
06.08.2021 02:06:55.244,3.84747,3.8444000000000003,1.5,1
06.08.2021 02:06:55.418,3.8474800000000005,3.8442400000000005,1.5,1
06.08.2021 02:07:02.178,3.8474800000000005,3.8440300000000005,1.5,1
06.08.2021 02:07:06.469,3.8474800000000005,3.8440300000000005,1.5,1
06.08.2021 02:07:08.863,3.84747,3.84404,1.5,1
06.08.2021 02:07:16.007,3.8474800000000005,3.84425,1.5,1
06.08.2021 02:07:17.287,3.84747,3.8442600000000002,1.5,1
06.08.2021 02:07:23.604,3.8475800000000007,3.84416,1.5,1
06.08.2021 02:07:48.556,3.8475699999999997,3.84417,1.5,1
06.08.2021 02:08:02.604,3.8475800000000007,3.84416,1.5,1
06.08.2021 02:08:32.051,3.8475800000000007,3.8433400000000004,1.5,1.5
06.08.2021 02:08:39.553,3.8475800000000007,3.8441800000000006,1.5,1
06.08.2021 02:08:56.974,3.8475699999999997,3.84419,1.5,1
06.08.2021 02:09:02.012,3.8478000000000003,3.8443,1,1
06.08.2021 02:09:02.124,3.8478000000000003,3.8443,1,1
06.08.2021 02:09:02.371,3.8479900000000002,3.84446,1.5,1
06.08.2021 02:09:02.502,3.8480000000000003,3.84445,1.5,1
06.08.2021 02:09:02.663,3.8480000000000003,3.84445,1.5,1
06.08.2021 02:09:02.812,3.84791,3.8443800000000006,1,1
06.08.2021 02:09:09.205,3.84781,3.8443800000000006,1.5,1
06.08.2021 02:09:39.189,3.8477800000000006,3.8442800000000004,1,1
06.08.2021 02:09:40.890,3.84751,3.84407,1,1
06.08.2021 02:09:58.090,3.84766,3.8442000000000003,1,1
06.08.2021 02:10:33.815,3.84781,3.84436,1.62,1
06.08.2021 02:10:40.415,3.8476900000000005,3.84422,1,1
06.08.2021 02:10:40.768,3.84781,3.84436,1.5,1
06.08.2021 02:10:48.650,3.8477,3.8442300000000005,1,1
06.08.2021 02:12:08.302,3.8477699999999997,3.8442900000000004,1,1
06.08.2021 02:12:25.195,3.84775,3.8442800000000004,1,1
06.08.2021 02:12:27.604,3.84776,3.84427,1,1
06.08.2021 02:12:44.411,3.84781,3.8443400000000003,1.5,1
06.08.2021 02:12:50.685,3.8477400000000004,3.8442600000000002,1,1
06.08.2021 02:12:50.845,3.84781,3.84451,1.5,1
06.08.2021 02:12:55.128,3.84781,3.84442,1.5,1.5
06.08.2021 02:13:06.131,3.84784,3.8446900000000004,1.5,1
06.08.2021 02:13:06.319,3.8478900000000005,3.84445,1,1
06.08.2021 02:13:15.419,3.84804,3.8445500000000004,1.5,1
06.08.2021 02:13:17.688,3.84804,3.8445500000000004,1.5,1
06.08.2021 02:13:23.532,3.84785,3.84436,1,1
06.08.2021 02:13:35.965,3.8479800000000006,3.8445199999999997,1,1
06.08.2021 02:13:41.196,3.8477300000000003,3.8442300000000005,1,1
06.08.2021 02:13:56.099,3.8478000000000003,3.8443,1,1
06.08.2021 02:14:20.923,3.8478000000000003,3.8443,1,1
06.08.2021 02:14:25.347,3.8480000000000003,3.8445400000000003,1,1
06.08.2021 02:14:33.683,3.84786,3.84436,1,1
06.08.2021 02:14:33.887,3.84786,3.84436,1,1
06.08.2021 02:14:34.810,3.84785,3.8443500000000004,1,1
06.08.2021 02:14:36.768,3.84785,3.8443500000000004,1,1
06.08.2021 02:14:36.975,3.84785,3.8443500000000004,1,1
06.08.2021 02:14:47.965,3.84785,3.8443500000000004,1,1
06.08.2021 02:14:48.365,3.84784,3.8443400000000003,1,1
06.08.2021 02:14:49.210,3.84784,3.8443400000000003,1,1
06.08.2021 02:14:59.639,3.84784,3.8443400000000003,1,1
06.08.2021 02:15:05.850,3.8480300000000005,3.8446000000000002,1.5,1
06.08.2021 02:15:07.271,3.8478800000000004,3.84445,1.5,1
06.08.2021 02:15:42.924,3.84787,3.84439,1,1
06.08.2021 02:15:43.129,3.8478800000000004,3.8443800000000006,1,1
06.08.2021 02:15:55.030,3.8478900000000005,3.8445800000000006,1.5,1
06.08.2021 02:15:56.169,3.8477699999999997,3.84427,1,1
06.08.2021 02:15:56.374,3.84776,3.8442800000000004,1,1
06.08.2021 02:16:15.591,3.8478900000000005,3.8444900000000004,1.5,1
06.08.2021 02:16:17.043,3.8478900000000005,3.84456,1.5,1
06.08.2021 02:16:17.246,3.8478900000000005,3.84456,1.5,1
06.08.2021 02:16:26.542,3.8478900000000005,3.8445,1.5,1
06.08.2021 02:16:34.130,3.8478900000000005,3.8445,1.5,1
06.08.2021 02:16:34.893,3.8478900000000005,3.8445,1.5,1
06.08.2021 02:16:37.103,3.8478900000000005,3.8445,1.5,1
06.08.2021 02:16:42.028,3.8478800000000004,3.84457,1.5,1
06.08.2021 02:16:47.828,3.8478900000000005,3.84456,1.5,1
06.08.2021 02:16:53.106,3.8478900000000005,3.84456,1.5,1
06.08.2021 02:17:30.658,3.8478900000000005,3.84456,1.5,1
06.08.2021 02:17:31.530,3.84784,3.84439,1,1
06.08.2021 02:17:31.734,3.84784,3.84439,1,1
06.08.2021 02:17:38.958,3.84776,3.8442600000000002,1,1
06.08.2021 02:17:39.972,3.84786,3.8444000000000003,1,1
06.08.2021 02:18:14.606,3.84785,3.84437,1,1
06.08.2021 02:18:19.710,3.84786,3.84436,1,1
06.08.2021 02:18:26.928,3.84771,3.84437,1.5,1
06.08.2021 02:18:46.394,3.84772,3.84436,1.5,1
06.08.2021 02:18:48.685,3.8477800000000006,3.84437,1.5,1
06.08.2021 02:18:50.105,3.8477900000000003,3.84436,1.5,1
06.08.2021 02:18:55.118,3.8478800000000004,3.8445400000000003,1.5,1
06.08.2021 02:18:56.420,3.84787,3.8445400000000003,1.5,1
06.08.2021 02:18:56.579,3.84792,3.8445400000000003,1.5,1
06.08.2021 02:19:06.906,3.84784,3.84439,1,1
06.08.2021 02:19:07.115,3.84786,3.84441,1.5,1
06.08.2021 02:19:19.187,3.8477,3.8443199999999997,1,1.5
06.08.2021 02:19:46.277,3.8477,3.8442000000000003,1,1
06.08.2021 02:19:46.523,3.84786,3.8446800000000003,1.5,1
06.08.2021 02:19:51.068,3.8479900000000002,3.84459,1.5,1
06.08.2021 02:19:51.269,3.8481800000000006,3.8447400000000003,1.5,1
06.08.2021 02:19:52.607,3.8481800000000006,3.8447400000000003,1.5,1
06.08.2021 02:20:42.164,3.8481800000000006,3.8448900000000004,1.5,1
06.08.2021 02:21:02.709,3.8481500000000004,3.8446900000000004,1.5,1
06.08.2021 02:21:03.113,3.8481500000000004,3.8446900000000004,1.5,1
06.08.2021 02:21:07.132,3.8481500000000004,3.84481,1.5,1
06.08.2021 02:21:07.287,3.8481500000000004,3.84485,1.5,1
06.08.2021 02:21:34.336,3.8483400000000003,3.84506,1.5,1
06.08.2021 02:21:34.476,3.8483400000000003,3.84506,1.5,1
06.08.2021 02:21:36.688,3.8483500000000004,3.84487,1,1
06.08.2021 02:21:36.843,3.84836,3.84486,1,1
06.08.2021 02:21:39.525,3.84821,3.84462,1,1.5
06.08.2021 02:21:51.310,3.8482000000000003,3.8448300000000004,1,1.5
06.08.2021 02:21:57.126,3.84831,3.84481,1,1
06.08.2021 02:22:11.769,3.84839,3.84506,1.5,1
06.08.2021 02:22:16.969,3.84839,3.84491,1.5,1.5
06.08.2021 02:22:19.332,3.84839,3.8450699999999998,1.5,1
06.08.2021 02:22:21.777,3.8485800000000006,3.8450800000000003,1,1
06.08.2021 02:22:21.968,3.8485300000000007,3.8450400000000005,1,1
06.08.2021 02:22:22.336,3.8486000000000002,3.8450800000000003,1,1
06.08.2021 02:22:24.384,3.84861,3.8450699999999998,1,1
06.08.2021 02:22:25.426,3.84861,3.8450699999999998,1,1
06.08.2021 02:22:25.625,3.8485300000000007,3.84499,1,1
06.08.2021 02:22:28.529,3.84865,3.8451400000000002,1.5,1
06.08.2021 02:22:31.203,3.84865,3.8451400000000002,1.5,1
06.08.2021 02:22:34.539,3.8483500000000004,3.84482,1,1
06.08.2021 02:22:36.435,3.8484400000000005,3.84491,1,1
06.08.2021 02:22:40.665,3.84842,3.8450400000000005,1.5,1
06.08.2021 02:22:40.766,3.84837,3.84482,1,1
06.08.2021 02:22:43.532,3.8482300000000005,3.8446300000000004,1,1.5
06.08.2021 02:22:43.761,3.84825,3.84462,1.5,1.5
06.08.2021 02:22:46.140,3.84825,3.84462,1.5,1.5
06.08.2021 02:23:41.692,3.84825,3.8448300000000004,1.5,1
06.08.2021 02:23:51.745,3.8480900000000005,3.84456,1.5,1
06.08.2021 02:23:55.261,3.8480900000000005,3.84462,1.5,1.5
06.08.2021 02:23:55.463,3.8480900000000005,3.84462,1.5,1.5
06.08.2021 02:23:55.863,3.8480800000000004,3.8446300000000004,1.5,1.5
06.08.2021 02:23:59.655,3.8480900000000005,3.84462,1.5,1.5
06.08.2021 02:24:01.428,3.8480800000000004,3.8446300000000004,1.5,1.5
06.08.2021 02:24:01.630,3.8480900000000005,3.84462,1.5,1.5
06.08.2021 02:24:08.836,3.84792,3.84441,1.5,1
06.08.2021 02:24:09.504,3.84792,3.84461,1.5,1
06.08.2021 02:24:09.870,3.84791,3.84465,1.5,1
06.08.2021 02:24:11.022,3.84792,3.84471,1.5,1
06.08.2021 02:24:20.000,3.84792,3.84456,1.5,1
06.08.2021 02:24:23.755,3.84792,3.84456,1.5,1
06.08.2021 02:24:49.727,3.8478900000000005,3.8445,1.5,1
06.08.2021 02:24:49.976,3.8478800000000004,3.8446300000000004,1.5,1.5
06.08.2021 02:24:52.011,3.8478900000000005,3.8445,1.5,1
06.08.2021 02:24:58.277,3.8478900000000005,3.8445,1.5,1
06.08.2021 02:24:59.193,3.84785,3.8445,1.5,1
06.08.2021 02:25:07.344,3.84784,3.84451,1.5,1
06.08.2021 02:25:29.978,3.84784,3.8446300000000004,1.5,1.5
06.08.2021 02:25:30.273,3.84784,3.8446300000000004,1.5,1.5
06.08.2021 02:25:35.602,3.84785,3.84462,1.5,1.5
06.08.2021 02:25:38.234,3.84785,3.84462,1.5,1.5
06.08.2021 02:25:49.442,3.84784,3.8445400000000003,1.5,1
06.08.2021 02:25:52.264,3.84785,3.8445300000000007,1.5,1
06.08.2021 02:26:08.103,3.84785,3.8445300000000007,1.5,1
06.08.2021 02:26:09.393,3.84784,3.8445400000000003,1.5,1
06.08.2021 02:26:09.747,3.84785,3.84462,1.5,1.5
06.08.2021 02:26:39.510,3.84785,3.8445199999999997,1.5,1.5
06.08.2021 02:26:45.604,3.84785,3.8443300000000007,1.5,1
06.08.2021 02:26:46.854,3.84784,3.8443400000000003,1.5,1
06.08.2021 02:26:47.236,3.8478300000000005,3.84442,1,1.5
06.08.2021 02:27:06.166,3.84782,3.8443199999999997,1,1
06.08.2021 02:27:06.367,3.84776,3.84421,1.62,1
06.08.2021 02:27:06.599,3.84776,3.8445199999999997,1.5,1.5
06.08.2021 02:27:07.829,3.84776,3.8443300000000007,1.5,1
06.08.2021 02:27:29.483,3.84775,3.8443400000000003,1.5,1
06.08.2021 02:27:29.682,3.84775,3.84421,1,1
06.08.2021 02:28:04.948,3.84775,3.8443500000000004,1.5,1
06.08.2021 02:28:05.809,3.8479900000000002,3.8445199999999997,1.5,1.5
06.08.2021 02:28:07.308,3.8478800000000004,3.8443500000000004,1,1
06.08.2021 02:28:11.201,3.8478900000000005,3.8443400000000003,1,1
06.08.2021 02:28:11.427,3.84791,3.8445300000000007,1,1.5
06.08.2021 02:28:24.825,3.8479900000000002,3.84466,1.5,1
06.08.2021 02:28:31.755,3.84796,3.84442,1,1
06.08.2021 02:29:06.104,3.84796,3.84442,1,1
06.08.2021 02:29:06.307,3.8479800000000006,3.8446000000000002,1.5,1
06.08.2021 02:29:07.683,3.84822,3.8447199999999997,1.5,1
06.08.2021 02:29:17.074,3.8481500000000004,3.8446300000000004,1,1
06.08.2021 02:29:24.802,3.8483800000000006,3.84485,1,1
06.08.2021 02:29:25.227,3.84839,3.8448400000000005,1,1
06.08.2021 02:29:32.665,3.8483400000000003,3.84482,1,1.5
06.08.2021 02:29:47.148,3.8482800000000004,3.84476,1,1
06.08.2021 02:29:49.564,3.84827,3.84477,1,1
06.08.2021 02:30:01.968,3.8484000000000003,3.84496,1.5,1
06.08.2021 02:30:05.390,3.8483,3.84502,1,1.5
06.08.2021 02:30:43.164,3.8484000000000003,3.84502,1.5,1.5
06.08.2021 02:30:43.854,3.8484000000000003,3.84512,1.5,1.5
06.08.2021 02:30:44.057,3.8484000000000003,3.84512,1.5,1.5
06.08.2021 02:30:45.110,3.8484000000000003,3.84511,1.5,1
06.08.2021 02:30:46.424,3.8484000000000003,3.84511,1.5,1
06.08.2021 02:30:59.198,3.8484000000000003,3.8450400000000005,1.5,1
06.08.2021 02:31:02.784,3.8484000000000003,3.84499,1.5,1
06.08.2021 02:31:04.087,3.84847,3.84496,1.5,1
06.08.2021 02:31:06.830,3.8483,3.84481,1,1
06.08.2021 02:31:41.942,3.84846,3.84497,1.5,1
06.08.2021 02:31:51.773,3.8482600000000002,3.8447400000000003,1,1
06.08.2021 02:31:54.134,3.8482600000000002,3.8447400000000003,1,1
06.08.2021 02:31:55.326,3.84825,3.8447500000000003,1,1
06.08.2021 02:31:56.551,3.8482600000000002,3.8447400000000003,1,1
06.08.2021 02:32:07.568,3.8482600000000002,3.8447400000000003,1,1
06.08.2021 02:32:10.303,3.84825,3.8447500000000003,1,1
06.08.2021 02:32:16.261,3.84847,3.84497,1.62,1
06.08.2021 02:32:21.551,3.84836,3.8448300000000004,1,1
06.08.2021 02:32:22.153,3.8483500000000004,3.8448400000000005,1,1
06.08.2021 02:32:22.358,3.84847,3.8449800000000005,1.5,1
06.08.2021 02:32:26.746,3.8484800000000003,3.8450400000000005,1.5,1
06.08.2021 02:32:26.946,3.8484800000000003,3.8450400000000005,1.5,1
06.08.2021 02:32:27.379,3.8484800000000003,3.8450400000000005,1.5,1
06.08.2021 02:32:27.774,3.8484800000000003,3.8450400000000005,1.5,1
06.08.2021 02:32:28.624,3.84847,3.84505,1.5,1
06.08.2021 02:32:30.953,3.8484800000000003,3.8450400000000005,1.5,1
06.08.2021 02:32:31.767,3.84847,3.84505,1.5,1
06.08.2021 02:32:36.631,3.8482600000000002,3.8446300000000004,1,1.5
06.08.2021 02:32:36.825,3.84847,3.8450900000000003,1.5,1
06.08.2021 02:32:37.236,3.84842,3.84502,1,1.5
06.08.2021 02:32:38.066,3.8484800000000003,3.8450699999999998,1.5,1
06.08.2021 02:32:43.614,3.8483199999999997,3.8448,1,1
06.08.2021 02:32:44.604,3.8483199999999997,3.8448,1,1
06.08.2021 02:32:44.815,3.8483199999999997,3.8448,1,1
06.08.2021 02:32:49.537,3.8483800000000006,3.84486,1,1
06.08.2021 02:32:49.703,3.84846,3.8449500000000003,1,1
06.08.2021 02:32:53.616,3.84836,3.8451300000000006,1,1.5
06.08.2021 02:33:04.896,3.84851,3.84502,1,1
06.08.2021 02:33:05.395,3.8485,3.8450300000000004,1,1
06.08.2021 02:33:05.595,3.8485199999999997,3.84505,1.5,1
06.08.2021 02:33:05.994,3.8485199999999997,3.84505,1.5,1
06.08.2021 02:33:06.197,3.8485300000000007,3.8450400000000005,1.5,1
06.08.2021 02:33:07.168,3.84837,3.8449,1,1
06.08.2021 02:33:10.987,3.8483400000000003,3.8449199999999997,1,1.5
06.08.2021 02:33:11.189,3.84845,3.8449,1,1
06.08.2021 02:33:11.343,3.84845,3.8449,1,1
06.08.2021 02:33:12.794,3.84842,3.84511,1.5,1
06.08.2021 02:33:18.655,3.84841,3.8448900000000004,1,1
06.08.2021 02:33:23.214,3.84841,3.8448900000000004,1,1
06.08.2021 02:33:23.589,3.8483500000000004,3.8450300000000004,1,1.5
06.08.2021 02:33:23.996,3.8483500000000004,3.8450300000000004,1,1.5
06.08.2021 02:33:24.195,3.84836,3.84502,1,1.5
06.08.2021 02:33:31.981,3.84842,3.84502,1.5,1.5
06.08.2021 02:33:50.198,3.84841,3.8452100000000002,1.5,1
06.08.2021 02:33:50.354,3.84861,3.8453000000000004,1.5,1
06.08.2021 02:33:50.792,3.84861,3.8451500000000003,1.62,1
06.08.2021 02:33:51.276,3.84862,3.8451400000000002,1.62,1
06.08.2021 02:33:51.478,3.84861,3.8451500000000003,1.62,1
06.08.2021 02:33:57.005,3.84862,3.8452800000000003,1.5,1
06.08.2021 02:33:59.499,3.84862,3.8451500000000003,1.5,1
06.08.2021 02:34:10.313,3.8486300000000004,3.8451400000000002,1.5,1
06.08.2021 02:34:11.348,3.8486300000000004,3.8451400000000002,1.5,1
06.08.2021 02:34:17.597,3.8486300000000004,3.8451400000000002,1.5,1
06.08.2021 02:34:17.794,3.84862,3.8452400000000004,1.5,1
06.08.2021 02:34:17.929,3.84862,3.8452400000000004,1.5,1
06.08.2021 02:34:18.085,3.8486300000000004,3.8453000000000004,1.5,1
06.08.2021 02:34:22.190,3.84859,3.8450900000000003,1,1
06.08.2021 02:34:28.885,3.8486400000000005,3.84525,1.5,1
06.08.2021 02:34:29.523,3.84861,3.84512,1,1.5
06.08.2021 02:35:04.552,3.84862,3.84526,1.5,1
06.08.2021 02:35:07.561,3.84862,3.84526,1.5,1
06.08.2021 02:35:34.438,3.84856,3.8449199999999997,1,1.5
06.08.2021 02:36:00.372,3.84846,3.84522,1.5,1.5
06.08.2021 02:36:00.670,3.84845,3.8449300000000006,1.5,1.5
06.08.2021 02:36:08.431,3.84846,3.84532,1.5,1.5
06.08.2021 02:36:18.138,3.84845,3.8451500000000003,1.5,1
06.08.2021 02:36:31.410,3.84845,3.8451300000000006,1.5,1.5
06.08.2021 02:36:31.567,3.84845,3.8451300000000006,1.5,1.5
06.08.2021 02:37:01.202,3.84845,3.8451300000000006,1.5,1.5
06.08.2021 02:37:01.605,3.84862,3.84512,1,1
06.08.2021 02:37:02.263,3.84866,3.84526,1.5,1
06.08.2021 02:37:06.876,3.84859,3.84522,1,1.5
06.08.2021 02:37:52.118,3.84866,3.84519,1,1
06.08.2021 02:37:53.684,3.8486800000000003,3.8452100000000002,1.5,1
06.08.2021 02:37:55.702,3.84881,3.84542,1.5,1.5
06.08.2021 02:38:02.792,3.84881,3.84542,1.62,1.5
06.08.2021 02:38:06.981,3.84881,3.8454,1.5,1
06.08.2021 02:38:22.086,3.8488,3.84541,1.5,1
06.08.2021 02:38:23.654,3.8487500000000003,3.84522,1,1.5
06.08.2021 02:38:33.832,3.8487500000000003,3.84522,1,1.5
06.08.2021 02:38:35.783,3.8487400000000003,3.8452300000000004,1,1.5
06.08.2021 02:39:14.030,3.84865,3.84517,1.5,1
06.08.2021 02:39:18.238,3.8486400000000005,3.8452400000000004,1.5,1
06.08.2021 02:39:19.438,3.8486400000000005,3.8452400000000004,1.5,1
06.08.2021 02:39:19.863,3.84887,3.8454,1.5,1
06.08.2021 02:39:25.307,3.84882,3.8452900000000003,1,1
06.08.2021 02:39:25.517,3.84896,3.84552,1,1.5
06.08.2021 02:39:25.819,3.8490699999999998,3.8456900000000003,1.5,1
06.08.2021 02:39:25.981,3.8490699999999998,3.84572,1.5,1.5
06.08.2021 02:39:30.640,3.8489400000000002,3.8455500000000002,1,1
06.08.2021 02:39:31.192,3.8489300000000006,3.8454800000000007,1,1.5
06.08.2021 02:39:31.443,3.84899,3.8454900000000003,1,1
06.08.2021 02:39:36.033,3.8489800000000005,3.8455000000000004,1,1
06.08.2021 02:40:27.886,3.8489300000000006,3.8454300000000003,1,1
06.08.2021 02:40:32.542,3.8489300000000006,3.8454300000000003,1,1
06.08.2021 02:40:33.402,3.8489199999999997,3.8454400000000004,1,1
06.08.2021 02:40:33.555,3.8489199999999997,3.8454400000000004,1,1
06.08.2021 02:41:04.461,3.8489199999999997,3.8454400000000004,1,1
06.08.2021 02:41:04.664,3.8489199999999997,3.8454400000000004,1,1
06.08.2021 02:41:13.386,3.8487800000000005,3.84522,1,1.5
06.08.2021 02:41:14.591,3.84885,3.84545,1.5,1
06.08.2021 02:41:16.511,3.84885,3.84545,1.5,1
06.08.2021 02:41:20.448,3.84877,3.8455300000000006,1,1.5
06.08.2021 02:41:43.293,3.8487800000000005,3.8454300000000003,1.5,1
06.08.2021 02:41:43.495,3.84879,3.8455500000000002,1.5,1
06.08.2021 02:41:44.013,3.8487800000000005,3.84541,1.5,1
06.08.2021 02:41:54.261,3.84881,3.84542,1.5,1.5
06.08.2021 02:41:55.276,3.84882,3.8455900000000005,1.5,1
06.08.2021 02:41:55.440,3.84881,3.8453900000000005,1.5,1.5
06.08.2021 02:41:56.213,3.8487300000000007,3.8453800000000005,1,1.5
06.08.2021 02:41:56.598,3.8487,3.8455900000000005,1.5,1
06.08.2021 02:41:56.953,3.8487,3.8454400000000004,1.5,1
06.08.2021 02:42:03.446,3.8486800000000003,3.8452,1,1
06.08.2021 02:42:04.055,3.8487,3.84536,1.5,1
06.08.2021 02:42:04.270,3.8487,3.84561,1.5,1
06.08.2021 02:42:05.094,3.8487,3.8453800000000005,1.5,1.5
06.08.2021 02:42:05.253,3.8487,3.8456699999999997,1,1
06.08.2021 02:42:06.270,3.8487300000000007,3.8456699999999997,1,1
06.08.2021 02:42:06.888,3.8487199999999997,3.8456800000000007,1.5,1
06.08.2021 02:42:07.090,3.8487300000000007,3.8456699999999997,1,1
06.08.2021 02:42:11.253,3.8487300000000007,3.84552,1.5,1.5
06.08.2021 02:42:14.221,3.8486300000000004,3.84537,1.5,1
06.08.2021 02:42:14.422,3.8486300000000004,3.8452300000000004,1.5,1
06.08.2021 02:42:20.196,3.8486300000000004,3.8454800000000007,1.5,1
06.08.2021 02:42:22.996,3.8487300000000007,3.84522,1,1.5
06.08.2021 02:42:23.148,3.8487300000000007,3.8455800000000004,1.5,1
06.08.2021 02:42:23.693,3.8486000000000002,3.8455800000000004,1,1
06.08.2021 02:42:23.954,3.84859,3.84537,1.5,1
06.08.2021 02:42:24.394,3.8486000000000002,3.84552,1.5,1
06.08.2021 02:42:25.377,3.84862,3.84537,1.5,1
06.08.2021 02:42:33.987,3.84842,3.84532,1.5,1.5
06.08.2021 02:42:35.421,3.84842,3.8450300000000004,1.5,1
06.08.2021 02:42:36.021,3.84839,3.8451800000000005,1.5,1
06.08.2021 02:42:44.786,3.84841,3.8452800000000003,1.5,1
06.08.2021 02:42:45.029,3.84842,3.8454900000000003,1,1
06.08.2021 02:42:48.323,3.84842,3.84534,1.5,1
06.08.2021 02:42:52.379,3.84842,3.8454900000000003,1,1
06.08.2021 02:42:57.807,3.84845,3.8454900000000003,1,1
06.08.2021 02:42:58.248,3.84851,3.8454900000000003,1,1
06.08.2021 02:43:02.544,3.8485,3.8454300000000003,1.5,1
06.08.2021 02:43:03.060,3.8484800000000003,3.8453300000000006,1.5,1.5
06.08.2021 02:43:09.281,3.84851,3.8452699999999997,1.5,1
06.08.2021 02:43:21.810,3.84851,3.84519,1.5,1
06.08.2021 02:43:26.084,3.8485,3.8454699999999997,1,1
06.08.2021 02:43:29.640,3.84851,3.84534,1.5,1
06.08.2021 02:43:29.840,3.8485800000000006,3.8453900000000005,1.5,1
06.08.2021 02:43:42.757,3.8485800000000006,3.8453900000000005,1.5,1
06.08.2021 02:43:47.604,3.84857,3.8454,1.5,1
06.08.2021 02:44:12.449,3.84857,3.84545,1.5,1
06.08.2021 02:44:12.651,3.8487400000000003,3.84552,1.5,1
06.08.2021 02:44:16.319,3.8488300000000004,3.84552,1.5,1
06.08.2021 02:44:31.187,3.8487,3.8454300000000003,1.5,1
06.08.2021 02:44:31.761,3.84871,3.84552,1.5,1.5
06.08.2021 02:44:33.106,3.8487,3.84545,1.5,1
06.08.2021 02:44:34.507,3.84871,3.8452400000000004,1.5,1
06.08.2021 02:44:52.379,3.8487,3.8453300000000006,1.5,1
06.08.2021 02:44:52.556,3.84871,3.84551,1.5,1
06.08.2021 02:45:01.075,3.84871,3.8454300000000003,1.5,1
06.08.2021 02:45:18.678,3.84871,3.8454300000000003,1.5,1
06.08.2021 02:45:18.881,3.84871,3.8454300000000003,1.5,1
06.08.2021 02:45:34.787,3.84871,3.8454300000000003,1.5,1
06.08.2021 02:45:34.987,3.84871,3.8454300000000003,1.5,1
06.08.2021 02:45:36.608,3.8487,3.8454400000000004,1.5,1
06.08.2021 02:45:37.139,3.8487,3.8454400000000004,1.5,1
06.08.2021 02:45:39.913,3.84871,3.84554,1.5,1
06.08.2021 02:45:40.095,3.84871,3.8455800000000004,1.5,1
06.08.2021 02:46:05.061,3.84871,3.8454400000000004,1.5,1
06.08.2021 02:46:07.793,3.84871,3.8454400000000004,1.5,1
06.08.2021 02:46:50.650,3.8487,3.84545,1.5,1
06.08.2021 02:47:11.291,3.8487,3.84545,1.5,1
06.08.2021 02:47:11.510,3.84871,3.84552,2,1
06.08.2021 02:47:16.878,3.84871,3.84552,1.5,1
06.08.2021 02:47:58.903,3.84857,3.8453300000000006,1.5,1.5
06.08.2021 02:48:01.873,3.8485800000000006,3.84532,1.5,1.5
06.08.2021 02:48:02.099,3.8485500000000004,3.84541,1.5,1
06.08.2021 02:48:28.158,3.84861,3.84541,1.5,1
06.08.2021 02:48:33.938,3.8485800000000006,3.84541,1.5,1
06.08.2021 02:48:39.716,3.84865,3.84554,1.5,1
06.08.2021 02:48:40.774,3.84871,3.84566,1,1
06.08.2021 02:48:40.956,3.84871,3.84566,1.5,1
06.08.2021 02:48:44.232,3.84871,3.84566,1,1
06.08.2021 02:48:47.470,3.84871,3.84551,1.5,1
06.08.2021 02:49:01.531,3.8488400000000005,3.8457500000000002,1,1
06.08.2021 02:49:01.712,3.8488300000000004,3.8458300000000003,1,1
06.08.2021 02:49:03.591,3.8490400000000005,3.84596,1.5,1
06.08.2021 02:49:04.118,3.8490400000000005,3.84572,1.5,1.5
06.08.2021 02:49:10.938,3.8490300000000004,3.8457000000000003,1.5,1
06.08.2021 02:49:18.566,3.8490400000000005,3.8456900000000003,1.5,1
06.08.2021 02:49:20.201,3.8490400000000005,3.84585,1.5,1
06.08.2021 02:49:22.584,3.8490400000000005,3.84585,1.5,1
06.08.2021 02:49:22.821,3.84887,3.8456400000000004,1.5,1
06.08.2021 02:49:22.988,3.84887,3.8456400000000004,1.5,1
06.08.2021 02:49:24.169,3.84887,3.8456400000000004,1.5,1
06.08.2021 02:49:24.428,3.84886,3.84565,1.5,1
06.08.2021 02:49:32.305,3.84881,3.8454400000000004,1.5,1
06.08.2021 02:49:45.140,3.8486400000000005,3.84532,1.5,1
06.08.2021 02:49:51.377,3.84881,3.84531,1.5,1
06.08.2021 02:49:51.610,3.8488,3.84546,1.5,1
06.08.2021 02:49:51.764,3.8488,3.84546,1.5,1
06.08.2021 02:50:01.319,3.84861,3.84536,1.5,1
06.08.2021 02:50:09.044,3.84861,3.84536,1.5,1
06.08.2021 02:50:09.253,3.84842,3.8452,1.5,1
06.08.2021 02:50:35.008,3.84845,3.8452800000000003,2,1
06.08.2021 02:50:35.237,3.84845,3.84522,2,1.5
06.08.2021 02:50:36.342,3.8484400000000005,3.8452800000000003,1.5,1
06.08.2021 02:50:42.349,3.84845,3.8452699999999997,2,1
06.08.2021 02:50:42.543,3.84845,3.8452699999999997,2,1
06.08.2021 02:50:42.810,3.84845,3.8452699999999997,1.5,1
06.08.2021 02:50:42.994,3.8484400000000005,3.8452800000000003,1.5,1
06.08.2021 02:50:43.533,3.8484400000000005,3.84545,1,1
06.08.2021 02:50:47.498,3.84846,3.8454400000000004,1,1
06.08.2021 02:50:47.584,3.84845,3.84545,1.5,1
06.08.2021 02:50:47.986,3.84846,3.8454900000000003,1,1
06.08.2021 02:50:52.313,3.84845,3.8454400000000004,1,1
06.08.2021 02:51:00.979,3.8484400000000005,3.8456800000000007,1,1
06.08.2021 02:51:01.796,3.84845,3.84552,1,1
06.08.2021 02:51:11.346,3.84845,3.8454699999999997,1.5,1
06.08.2021 02:51:11.498,3.8484400000000005,3.8454800000000007,1,1
06.08.2021 02:51:12.068,3.8484400000000005,3.8454699999999997,1,1
06.08.2021 02:51:28.265,3.84857,3.8454699999999997,1.5,1
06.08.2021 02:51:28.316,3.84857,3.8455300000000006,1,1
06.08.2021 02:51:28.596,3.84856,3.84545,1.5,1
06.08.2021 02:51:29.077,3.84857,3.8455900000000005,1,1
06.08.2021 02:51:31.749,3.84856,3.8456,1,1
06.08.2021 02:51:32.745,3.84857,3.8455900000000005,1,1
06.08.2021 02:51:32.948,3.84856,3.8455000000000004,1.5,1
06.08.2021 02:51:38.605,3.84857,3.84552,1,1
06.08.2021 02:51:38.756,3.84857,3.84552,1.5,1
06.08.2021 02:51:46.537,3.84857,3.84542,1.5,1.5
06.08.2021 02:51:47.842,3.84857,3.84542,1.5,1
06.08.2021 02:51:51.326,3.84857,3.84565,1,1
06.08.2021 02:51:54.697,3.84857,3.84554,1.5,1
06.08.2021 02:51:57.966,3.84876,3.8456800000000007,1.5,1.62
06.08.2021 02:52:00.419,3.8487500000000003,3.84561,1.5,1
06.08.2021 02:52:06.604,3.8487500000000003,3.84562,1.5,1.5
06.08.2021 02:52:11.613,3.8487400000000003,3.8456300000000003,1.5,1.5
06.08.2021 02:52:11.764,3.84861,3.8455300000000006,1,1.5
06.08.2021 02:52:20.423,3.84861,3.8455900000000005,1,1
06.08.2021 02:52:20.477,3.8486900000000004,3.8455900000000005,1,1
06.08.2021 02:52:20.576,3.8486900000000004,3.8455900000000005,1.5,1
06.08.2021 02:52:22.073,3.8486900000000004,3.8457900000000005,1,1
06.08.2021 02:52:23.340,3.8487500000000003,3.8457900000000005,1,1
06.08.2021 02:52:25.601,3.8487300000000007,3.8457900000000005,1,1
06.08.2021 02:52:25.717,3.8486900000000004,3.8456300000000003,1.5,1.5
06.08.2021 02:52:29.917,3.8488800000000003,3.84565,1.5,1
06.08.2021 02:52:50.477,3.8488800000000003,3.84582,1.5,1
06.08.2021 02:52:55.828,3.8488800000000003,3.84582,1.5,1
06.08.2021 02:53:02.819,3.84877,3.84552,1.5,1
06.08.2021 02:53:24.130,3.84865,3.8453900000000005,1.5,1
06.08.2021 02:53:31.634,3.84865,3.8456,1.5,1
06.08.2021 02:53:31.790,3.84865,3.84545,1.5,1
06.08.2021 02:53:33.321,3.84866,3.84566,1,1
06.08.2021 02:53:33.601,3.84865,3.84552,1.5,1
06.08.2021 02:53:35.474,3.84866,3.8456,1.5,1
06.08.2021 02:53:35.879,3.84865,3.84561,1,1
06.08.2021 02:53:36.080,3.84865,3.84546,1.5,1
06.08.2021 02:53:36.283,3.84866,3.8455800000000004,1.5,1
06.08.2021 02:53:39.729,3.8487199999999997,3.84545,1,1
06.08.2021 02:53:39.888,3.8486800000000003,3.8454400000000004,1.5,1
06.08.2021 02:53:42.333,3.8487,3.84551,1.5,1
06.08.2021 02:53:51.086,3.84885,3.8455000000000004,1.5,1
06.08.2021 02:53:51.241,3.8488400000000005,3.84552,1.5,1.5
06.08.2021 02:53:54.223,3.8488400000000005,3.8456400000000004,1.5,1
06.08.2021 02:53:58.916,3.8488400000000005,3.8456400000000004,1.5,1
06.08.2021 02:54:00.221,3.8488300000000004,3.84565,1.5,1
06.08.2021 02:54:01.023,3.8488400000000005,3.8456400000000004,1.5,1
06.08.2021 02:54:03.623,3.8488300000000004,3.8457800000000004,1,1
06.08.2021 02:54:07.294,3.84885,3.84577,1.12,1
06.08.2021 02:54:08.413,3.8488,3.84577,1,1
06.08.2021 02:54:08.614,3.8488,3.84562,1.5,1.5
06.08.2021 02:54:16.381,3.84881,3.84562,1.5,1.5
06.08.2021 02:54:31.910,3.84881,3.8458300000000003,1,1
06.08.2021 02:54:33.666,3.84881,3.8456800000000007,1.5,1
06.08.2021 02:54:35.355,3.84881,3.8458400000000004,1,1
06.08.2021 02:54:35.615,3.84885,3.8458400000000004,1,1
06.08.2021 02:54:37.447,3.8488400000000005,3.8457800000000004,1,1
06.08.2021 02:54:54.121,3.8488300000000004,3.8456400000000004,1.5,1.5
06.08.2021 02:54:55.348,3.8488400000000005,3.84554,1.5,1
06.08.2021 02:54:57.441,3.84885,3.8456900000000003,1.12,1
06.08.2021 02:54:57.631,3.8487300000000007,3.8455500000000002,1,1
06.08.2021 02:54:57.682,3.8487400000000003,3.84554,1.5,1
06.08.2021 02:55:00.087,3.84877,3.8455500000000002,1.5,1
06.08.2021 02:55:00.188,3.84885,3.8456699999999997,1.12,1
06.08.2021 02:55:19.016,3.84885,3.8456699999999997,1.5,1
06.08.2021 02:55:19.185,3.84881,3.8456,1.5,1
06.08.2021 02:55:21.409,3.84881,3.8456,1.5,1
06.08.2021 02:55:23.030,3.8487800000000005,3.8456,1.5,1
06.08.2021 02:55:23.127,3.84877,3.84561,1.5,1
06.08.2021 02:55:32.847,3.8488400000000005,3.8455300000000006,1.5,1
06.08.2021 02:55:35.565,3.8488400000000005,3.8455300000000006,1.5,1.5
06.08.2021 02:55:35.805,3.84885,3.84572,1.5,1.5
06.08.2021 02:55:38.723,3.84885,3.8455900000000005,1.5,1
06.08.2021 02:55:43.473,3.84877,3.84551,1.5,1
06.08.2021 02:56:00.676,3.8486900000000004,3.8455300000000006,1.5,1
06.08.2021 02:56:03.040,3.8486900000000004,3.8455300000000006,1.5,1
06.08.2021 02:56:08.709,3.8486800000000003,3.84554,1.5,1
06.08.2021 02:56:46.895,3.8486800000000003,3.8455800000000004,1.5,1
06.08.2021 02:56:51.305,3.8486900000000004,3.84556,1.5,1
06.08.2021 02:57:07.257,3.8488900000000004,3.8456900000000003,1.5,1
06.08.2021 02:58:10.095,3.84881,3.84566,1.5,1
06.08.2021 02:58:13.923,3.84881,3.8456400000000004,1.5,1
06.08.2021 02:58:30.739,3.8488900000000004,3.8456300000000003,1.5,1
06.08.2021 02:58:42.093,3.84871,3.84557,1.5,1
06.08.2021 02:58:44.151,3.8487199999999997,3.8455500000000002,1.5,1
06.08.2021 02:58:44.587,3.84871,3.8455500000000002,1.5,1
06.08.2021 02:58:58.179,3.8487199999999997,3.8455500000000002,1.5,1
06.08.2021 02:58:58.841,3.84871,3.84556,1.5,1
06.08.2021 02:59:02.123,3.8487199999999997,3.8457000000000003,1,1
06.08.2021 02:59:02.359,3.84867,3.84571,1,1
06.08.2021 02:59:02.519,3.8487199999999997,3.8457000000000003,1,1
06.08.2021 02:59:02.860,3.8486800000000003,3.8457000000000003,1,1
06.08.2021 02:59:03.015,3.8487199999999997,3.8457000000000003,1,1
06.08.2021 02:59:03.359,3.84871,3.8457000000000003,1,1
06.08.2021 02:59:03.969,3.8487199999999997,3.8457000000000003,1,1
06.08.2021 02:59:04.313,3.84871,3.8457000000000003,1,1
06.08.2021 02:59:04.474,3.84871,3.84571,1,1
06.08.2021 02:59:04.850,3.84867,3.84571,1,1
06.08.2021 02:59:05.026,3.84871,3.84571,1,1
06.08.2021 02:59:05.359,3.84867,3.84571,1,1
06.08.2021 02:59:05.950,3.8487199999999997,3.8457000000000003,1,1
06.08.2021 02:59:06.367,3.84871,3.8457000000000003,1,1
06.08.2021 02:59:06.479,3.8487199999999997,3.8457000000000003,1,1
06.08.2021 02:59:06.610,3.8487199999999997,3.8457000000000003,1,1
06.08.2021 02:59:06.860,3.84871,3.8457000000000003,1,1
06.08.2021 02:59:07.018,3.84871,3.84571,1,1
06.08.2021 02:59:07.373,3.84871,3.8457000000000003,1,1
06.08.2021 02:59:07.613,3.8487199999999997,3.8457000000000003,1,1
06.08.2021 02:59:07.714,3.8487199999999997,3.8455800000000004,1.5,1
06.08.2021 02:59:11.359,3.8487199999999997,3.84574,1,1
06.08.2021 02:59:11.503,3.8487300000000007,3.8457500000000002,1,1
06.08.2021 02:59:11.803,3.84871,3.84574,1,1
06.08.2021 02:59:12.526,3.8487400000000003,3.84574,1,1
06.08.2021 02:59:12.746,3.84871,3.84574,1,1
06.08.2021 02:59:12.857,3.8486800000000003,3.84556,1,1
06.08.2021 02:59:13.099,3.84867,3.8455500000000002,1,1
06.08.2021 02:59:13.150,3.84867,3.8455500000000002,1.5,1
06.08.2021 02:59:15.694,3.84871,3.84554,1.5,1
06.08.2021 02:59:16.739,3.84865,3.84554,1.5,1
06.08.2021 02:59:17.288,3.84871,3.84554,2,1
06.08.2021 02:59:27.540,3.84871,3.84554,1.5,1
06.08.2021 02:59:27.738,3.8487,3.8455500000000002,1.5,1
06.08.2021 02:59:32.288,3.84871,3.84552,1.5,1
06.08.2021 02:59:32.541,3.84871,3.8456699999999997,1,1
06.08.2021 02:59:32.696,3.84871,3.8456699999999997,1.5,1
06.08.2021 02:59:36.377,3.8487400000000003,3.8456699999999997,1,1
06.08.2021 02:59:38.635,3.8487400000000003,3.8455800000000004,1.5,1
06.08.2021 02:59:58.535,3.84865,3.8455800000000004,1.5,1
06.08.2021 02:59:58.747,3.8485500000000004,3.8454900000000003,2,1
06.08.2021 03:00:02.586,3.8485500000000004,3.8452900000000003,2,1.5
06.08.2021 03:00:05.554,3.8485500000000004,3.8454900000000003,1.12,1
06.08.2021 03:00:15.730,3.8485199999999997,3.8454900000000003,1,1
06.08.2021 03:00:16.264,3.8485500000000004,3.8454900000000003,1.12,1
06.08.2021 03:00:16.759,3.8485199999999997,3.8454900000000003,1,1
06.08.2021 03:00:16.996,3.8485400000000003,3.8455000000000004,1.12,1
06.08.2021 03:00:17.305,3.8485199999999997,3.8454900000000003,1,1
06.08.2021 03:00:17.936,3.8485400000000003,3.8455000000000004,1.12,1
06.08.2021 03:00:18.037,3.84851,3.8455000000000004,1,1
06.08.2021 03:00:19.155,3.8485199999999997,3.8453000000000004,2,1.5
06.08.2021 03:00:24.649,3.84851,3.8455000000000004,1,1
06.08.2021 03:00:28.624,3.8485199999999997,3.8454900000000003,1.5,1
06.08.2021 03:00:28.819,3.8485199999999997,3.8451400000000002,1.5,1.5
06.08.2021 03:00:29.091,3.8485199999999997,3.84532,2,1
06.08.2021 03:00:31.673,3.8485199999999997,3.84537,1.5,1
06.08.2021 03:00:49.860,3.8485199999999997,3.8455500000000002,1,1
06.08.2021 03:00:49.921,3.8485500000000004,3.8455500000000002,1,1
06.08.2021 03:00:50.910,3.84856,3.8455500000000002,1,1
06.08.2021 03:00:51.011,3.84856,3.8454,1,1.5
06.08.2021 03:00:51.180,3.84856,3.84566,1,1
06.08.2021 03:00:51.409,3.8485500000000004,3.84566,1,1
06.08.2021 03:00:51.717,3.84856,3.84566,1,1
06.08.2021 03:00:52.010,3.8485500000000004,3.84566,1,1
06.08.2021 03:00:52.561,3.84856,3.84566,1,1
06.08.2021 03:00:53.060,3.8485500000000004,3.84566,1,1
06.08.2021 03:00:53.293,3.84856,3.84566,1,1
06.08.2021 03:00:53.609,3.8485500000000004,3.84566,1,1
06.08.2021 03:00:54.210,3.84856,3.84566,1,1
06.08.2021 03:00:54.715,3.8485500000000004,3.84566,1,1
06.08.2021 03:00:54.938,3.84856,3.84566,1,1
06.08.2021 03:00:55.259,3.8485400000000003,3.8456699999999997,1,1
06.08.2021 03:00:55.864,3.84856,3.84566,1,1
06.08.2021 03:00:56.181,3.84856,3.84551,1.5,1
06.08.2021 03:00:59.553,3.8485500000000004,3.8456800000000007,1,1
06.08.2021 03:01:00.122,3.84856,3.8454300000000003,1.5,1.5
06.08.2021 03:01:52.372,3.84842,3.84541,1,1
06.08.2021 03:02:27.917,3.8484300000000005,3.8454800000000007,1,1
06.08.2021 03:02:37.771,3.8485800000000006,3.8455500000000002,1.5,1
06.08.2021 03:02:37.892,3.84859,3.84554,1,1
06.08.2021 03:02:49.091,3.8485800000000006,3.8458,1,1
06.08.2021 03:02:55.805,3.8485800000000006,3.84566,1,1
06.08.2021 03:02:58.520,3.8485800000000006,3.84566,1,1
06.08.2021 03:02:58.725,3.84859,3.84565,1,1
06.08.2021 03:03:04.720,3.84859,3.8454300000000003,1.5,1
06.08.2021 03:03:04.922,3.84859,3.8456,1,1
06.08.2021 03:03:08.469,3.84879,3.8456400000000004,1.5,1
06.08.2021 03:03:08.572,3.84879,3.8457000000000003,1.5,1
06.08.2021 03:04:02.201,3.84879,3.84562,1.5,1
06.08.2021 03:04:05.406,3.84887,3.84576,1.5,1
06.08.2021 03:04:05.604,3.8487800000000005,3.84576,1,1
06.08.2021 03:04:06.209,3.84886,3.84577,1.5,1
06.08.2021 03:04:06.695,3.8487800000000005,3.84576,1,1
06.08.2021 03:04:07.319,3.84887,3.84576,1.5,1
06.08.2021 03:04:07.549,3.84887,3.8456300000000003,1.5,1
06.08.2021 03:04:17.530,3.84887,3.84572,1.5,1
06.08.2021 03:04:30.161,3.84886,3.8458400000000004,1,1
06.08.2021 03:04:30.346,3.84887,3.8457500000000002,1.5,1
06.08.2021 03:04:31.940,3.84887,3.8457500000000002,1.5,1
06.08.2021 03:04:32.602,3.84887,3.8457500000000002,1,1
06.08.2021 03:04:32.770,3.84886,3.84576,1.5,1
06.08.2021 03:05:04.545,3.84887,3.8456900000000003,1.5,1
06.08.2021 03:05:38.106,3.8489300000000006,3.8457800000000004,1.5,1
06.08.2021 03:05:38.547,3.84896,3.8457800000000004,1.5,1
06.08.2021 03:05:38.748,3.84896,3.84592,1.5,1
06.08.2021 03:05:41.009,3.8489300000000006,3.84592,1,1
06.08.2021 03:05:41.218,3.84906,3.84592,1.5,1
06.08.2021 03:05:41.627,3.8489400000000002,3.84591,1,1
06.08.2021 03:05:41.778,3.8490699999999998,3.84591,1.5,1
06.08.2021 03:05:42.019,3.8489400000000002,3.84591,1,1
06.08.2021 03:05:42.586,3.8490699999999998,3.84591,1.5,1
06.08.2021 03:05:42.876,3.8489300000000006,3.84592,1,1
06.08.2021 03:05:46.099,3.8490699999999998,3.84591,1.5,1
06.08.2021 03:05:46.200,3.84901,3.8459900000000005,1,1
06.08.2021 03:05:46.457,3.8490699999999998,3.8459900000000005,1.5,1
06.08.2021 03:05:47.409,3.849,3.8459900000000005,1,1
06.08.2021 03:05:47.559,3.84906,3.846,1.5,1
06.08.2021 03:05:47.710,3.84899,3.846,1,1
06.08.2021 03:05:47.760,3.8490400000000005,3.8459900000000005,1,1
06.08.2021 03:05:48.109,3.84897,3.8459900000000005,1,1
06.08.2021 03:05:48.300,3.84897,3.84572,2,1
06.08.2021 03:06:18.613,3.84897,3.84585,1.5,1
06.08.2021 03:06:27.921,3.84897,3.84585,1.5,1
06.08.2021 03:06:33.807,3.84897,3.84592,1.5,1
06.08.2021 03:06:34.316,3.84897,3.84585,1,1
06.08.2021 03:06:34.473,3.84897,3.8459000000000003,1.5,1
06.08.2021 03:06:40.773,3.84906,3.84597,1.5,1
06.08.2021 03:06:40.879,3.84926,3.8460199999999998,1.5,1
06.08.2021 03:06:42.957,3.84936,3.8461900000000004,1.5,1
06.08.2021 03:06:43.191,3.84936,3.8461900000000004,1.5,1
06.08.2021 03:06:48.587,3.8493000000000004,3.84612,1.5,1.5
06.08.2021 03:07:12.807,3.84912,3.84585,1.5,1
06.08.2021 03:07:13.014,3.84919,3.8458900000000003,1.5,1
06.08.2021 03:07:14.285,3.8491,3.8458800000000006,1,1
06.08.2021 03:07:14.484,3.8491,3.8458800000000006,1.5,1
06.08.2021 03:07:30.008,3.8490900000000003,3.84605,1.5,1
06.08.2021 03:07:30.559,3.8492,3.8459000000000003,1.5,1
06.08.2021 03:07:36.073,3.84899,3.8455300000000006,1.5,1.5
06.08.2021 03:07:48.075,3.8489199999999997,3.84582,1,1
06.08.2021 03:08:24.563,3.8489199999999997,3.8460800000000006,1,1
06.08.2021 03:08:24.759,3.84891,3.84594,1,1
06.08.2021 03:08:28.123,3.8489199999999997,3.84585,1.5,1
06.08.2021 03:08:30.772,3.8489199999999997,3.84576,1.5,1
06.08.2021 03:08:31.907,3.8489199999999997,3.84576,1.5,1
06.08.2021 03:08:36.091,3.8489199999999997,3.8458400000000004,1,1
06.08.2021 03:09:20.822,3.84905,3.8458800000000006,1.12,1
06.08.2021 03:09:20.972,3.84905,3.8458800000000006,1.5,1
06.08.2021 03:09:24.507,3.8490400000000005,3.84596,1.12,1
06.08.2021 03:09:26.613,3.8490400000000005,3.8461600000000002,1,1
06.08.2021 03:09:35.696,3.84905,3.8462,1,1
06.08.2021 03:09:36.145,3.84905,3.8459000000000003,1,1
06.08.2021 03:09:36.300,3.84905,3.8461800000000004,1,1
06.08.2021 03:09:36.656,3.8490400000000005,3.84591,1,1
06.08.2021 03:09:36.809,3.84905,3.84621,1,1
06.08.2021 03:09:37.009,3.8490400000000005,3.84586,1.5,1
06.08.2021 03:10:07.096,3.84905,3.84585,1.5,1
06.08.2021 03:10:18.117,3.8490400000000005,3.84586,1.5,1
06.08.2021 03:10:18.337,3.8488800000000003,3.8457000000000003,1.5,1
06.08.2021 03:11:18.524,3.84887,3.8456699999999997,1.5,1
06.08.2021 03:11:23.980,3.84887,3.84546,1.5,1
06.08.2021 03:11:24.114,3.84865,3.84541,1.5,1
06.08.2021 03:11:28.528,3.8484800000000003,3.84534,1.5,1
06.08.2021 03:11:49.101,3.8484900000000004,3.8455900000000005,1,1
06.08.2021 03:11:56.092,3.8484800000000003,3.84545,1.5,1
06.08.2021 03:12:02.247,3.8484900000000004,3.8456,1,1
06.08.2021 03:12:19.691,3.8484900000000004,3.84522,1.5,1
06.08.2021 03:12:46.161,3.8484900000000004,3.8454400000000004,1.5,1
06.08.2021 03:13:01.995,3.8484800000000003,3.8453000000000004,1.5,1
06.08.2021 03:13:04.353,3.8484800000000003,3.84522,1.5,1
06.08.2021 03:13:12.162,3.84816,3.84532,1,1
06.08.2021 03:13:16.238,3.84817,3.84531,1,1
06.08.2021 03:13:17.324,3.84817,3.84531,1,1
06.08.2021 03:13:18.584,3.84816,3.8453900000000005,1,1
06.08.2021 03:13:18.768,3.84817,3.84525,1,1
06.08.2021 03:13:20.670,3.84816,3.84526,1,1
06.08.2021 03:13:22.573,3.84817,3.8452400000000004,1,1
06.08.2021 03:13:23.023,3.84817,3.8452400000000004,1,1
06.08.2021 03:13:45.734,3.84816,3.8451800000000005,1.5,1
06.08.2021 03:13:45.938,3.84816,3.8449300000000006,1.5,1
06.08.2021 03:14:00.711,3.8480000000000003,3.84479,1.5,1
06.08.2021 03:14:00.888,3.8480000000000003,3.84482,1.5,1.5
06.08.2021 03:14:05.375,3.8480000000000003,3.84479,1.5,1
06.08.2021 03:14:13.745,3.8480000000000003,3.8450300000000004,1,1
06.08.2021 03:14:13.915,3.8480000000000003,3.8448900000000004,1.5,1
06.08.2021 03:14:14.950,3.8480000000000003,3.8449199999999997,1.5,1.5
06.08.2021 03:14:31.972,3.8480000000000003,3.84499,1,1
06.08.2021 03:14:32.531,3.8479900000000002,3.84506,1,1
06.08.2021 03:14:36.523,3.8479900000000002,3.84506,1,1
06.08.2021 03:14:36.642,3.8480000000000003,3.84505,1,1
06.08.2021 03:14:36.893,3.8480000000000003,3.84482,1.5,1
06.08.2021 03:14:45.725,3.8480000000000003,3.8448900000000004,1.5,1
06.08.2021 03:14:46.997,3.8480000000000003,3.8448900000000004,1.5,1
06.08.2021 03:14:59.607,3.8480000000000003,3.84481,1.5,1
06.08.2021 03:15:00.409,3.8480000000000003,3.8451300000000006,1,1
06.08.2021 03:15:07.307,3.8479900000000002,3.8450800000000003,1,1
06.08.2021 03:15:12.322,3.8480000000000003,3.8448300000000004,1.5,1
06.08.2021 03:15:45.732,3.84804,3.8448900000000004,1.5,1
06.08.2021 03:15:45.893,3.84804,3.84496,1,1
06.08.2021 03:15:46.352,3.84804,3.84496,1.5,1
06.08.2021 03:15:51.516,3.84804,3.84496,1,1
06.08.2021 03:16:01.230,3.8481300000000003,3.84496,1.5,1
06.08.2021 03:16:09.360,3.8481300000000003,3.84496,1.5,1
06.08.2021 03:16:09.562,3.8481300000000003,3.84496,1.5,1
06.08.2021 03:16:48.656,3.8481300000000003,3.84496,1.5,1
06.08.2021 03:16:48.856,3.8481300000000003,3.84496,1.5,1
06.08.2021 03:16:51.460,3.8481300000000003,3.84496,1.5,1
06.08.2021 03:16:56.368,3.84817,3.8451400000000002,1.5,1
06.08.2021 03:17:13.330,3.84817,3.84499,1.5,1
06.08.2021 03:17:17.831,3.84816,3.845,1.5,1
06.08.2021 03:17:20.153,3.84817,3.84502,1.5,1.5
06.08.2021 03:17:21.781,3.84817,3.8449,1.5,1
06.08.2021 03:17:21.970,3.84817,3.8449,1.5,1
06.08.2021 03:17:27.743,3.84817,3.84499,1.5,1
06.08.2021 03:17:28.118,3.84817,3.84499,1.5,1
06.08.2021 03:17:44.315,3.8483,3.8451800000000005,1.5,1
06.08.2021 03:17:48.397,3.8483,3.84534,1,1
06.08.2021 03:17:48.498,3.8482800000000004,3.84519,1.5,1
06.08.2021 03:17:49.613,3.8482800000000004,3.8449800000000005,1.5,1
06.08.2021 03:18:23.838,3.8482800000000004,3.8449800000000005,1.5,1
06.08.2021 03:18:34.343,3.8482800000000004,3.8449800000000005,1.5,1
06.08.2021 03:18:37.070,3.8482800000000004,3.84502,1,1.5
06.08.2021 03:18:37.230,3.8482800000000004,3.84502,1.5,1.5
06.08.2021 03:20:46.109,3.84827,3.84519,1.5,1
06.08.2021 03:20:52.019,3.8482800000000004,3.8451800000000005,1.5,1
06.08.2021 03:20:52.220,3.84827,3.84519,1.5,1
06.08.2021 03:20:58.611,3.8482800000000004,3.8449,1.5,1
06.08.2021 03:21:03.344,3.8482800000000004,3.8450800000000003,1.5,1
06.08.2021 03:21:45.558,3.8482800000000004,3.8450800000000003,1.5,1
06.08.2021 03:21:46.301,3.84811,3.8449300000000006,1.5,1
06.08.2021 03:21:54.942,3.84801,3.8448900000000004,1.5,1
06.08.2021 03:21:55.043,3.84801,3.8448300000000004,1.5,1.5
06.08.2021 03:22:16.126,3.84802,3.8447,1.5,1
06.08.2021 03:22:24.373,3.84801,3.8448400000000005,1.5,1
06.08.2021 03:22:26.562,3.84802,3.8448300000000004,1.5,1
06.08.2021 03:22:54.273,3.84802,3.8448300000000004,1.5,1
06.08.2021 03:23:31.517,3.84811,3.8448300000000004,1.5,1
06.08.2021 03:23:41.343,3.84795,3.8447199999999997,1.5,1.5
06.08.2021 03:25:05.797,3.84795,3.84462,1.5,1.5
06.08.2021 03:25:17.539,3.8477800000000006,3.8445300000000007,1.5,1
06.08.2021 03:25:22.726,3.8477800000000006,3.84467,1.5,1
06.08.2021 03:25:54.605,3.8477699999999997,3.84462,1.5,1
06.08.2021 03:25:55.171,3.8477800000000006,3.84461,1.5,1
06.08.2021 03:26:34.573,3.8477699999999997,3.84462,1.5,1
06.08.2021 03:27:26.889,3.8479400000000004,3.8446300000000004,1.5,1.5
06.08.2021 03:27:28.423,3.84795,3.84471,1.5,1
06.08.2021 03:27:33.469,3.84795,3.84471,1.5,1
06.08.2021 03:27:33.701,3.84795,3.8447,1.5,1
06.08.2021 03:28:46.330,3.84795,3.84462,1.5,1
06.08.2021 03:29:43.206,3.84776,3.8445800000000006,1.5,1
06.08.2021 03:30:00.812,3.84772,3.8446800000000003,1,1
06.08.2021 03:30:02.499,3.84771,3.8446900000000004,1.5,1
06.08.2021 03:30:11.484,3.84771,3.8445400000000003,1.5,1
06.08.2021 03:30:15.720,3.84771,3.84459,1.5,1
06.08.2021 03:30:16.145,3.84771,3.84457,1.5,1
06.08.2021 03:30:21.784,3.84772,3.8445800000000006,1,1.5
06.08.2021 03:30:21.942,3.84771,3.8446900000000004,1,1
06.08.2021 03:30:23.010,3.84772,3.8445400000000003,1.5,1
06.08.2021 03:30:24.812,3.84772,3.8447199999999997,1,1
06.08.2021 03:30:32.450,3.84792,3.8447199999999997,1.5,1
06.08.2021 03:30:32.658,3.84792,3.8447199999999997,1.5,1
06.08.2021 03:30:33.571,3.84791,3.8447300000000006,1.5,1
06.08.2021 03:30:34.881,3.84792,3.8445500000000004,1.5,1
06.08.2021 03:30:39.640,3.84791,3.8447300000000006,1.5,1
06.08.2021 03:30:40.869,3.8480000000000003,3.8448900000000004,1.5,1
06.08.2021 03:30:41.386,3.8479900000000002,3.8447400000000003,1.5,1
06.08.2021 03:31:11.501,3.8479900000000002,3.8447199999999997,1.5,1.5
06.08.2021 03:31:20.447,3.8479800000000006,3.8445400000000003,1.5,1.5
06.08.2021 03:31:22.382,3.8479800000000006,3.8447300000000006,1.5,1
06.08.2021 03:31:42.079,3.8479900000000002,3.84485,1.5,1
06.08.2021 03:31:43.978,3.8479800000000006,3.8447300000000006,1.5,1.5
06.08.2021 03:32:01.491,3.8479900000000002,3.8448800000000003,1.5,1
06.08.2021 03:32:02.031,3.8481400000000003,3.8448800000000003,1.5,1
06.08.2021 03:32:09.729,3.8481400000000003,3.84467,1.5,1
06.08.2021 03:32:19.573,3.8481,3.84462,1,1.5
06.08.2021 03:32:19.762,3.84795,3.8447199999999997,1.5,1
06.08.2021 03:33:58.662,3.8479400000000004,3.8446300000000004,1.5,1
06.08.2021 03:34:01.962,3.84795,3.8446800000000003,1.5,1
06.08.2021 03:34:02.129,3.84795,3.84457,1.5,1
06.08.2021 03:34:02.897,3.8479400000000004,3.84479,1.5,1
06.08.2021 03:34:03.250,3.8477800000000006,3.84462,1,1
06.08.2021 03:34:03.300,3.8477800000000006,3.84462,1.5,1
06.08.2021 03:34:13.243,3.8477900000000003,3.84471,1.5,1
06.08.2021 03:35:00.713,3.84795,3.8447800000000005,1.5,1
06.08.2021 03:35:01.109,3.84795,3.8448400000000005,1.12,1
06.08.2021 03:35:02.904,3.84795,3.8448400000000005,1.5,1
06.08.2021 03:35:30.083,3.84795,3.8448400000000005,1.12,1
06.08.2021 03:36:06.187,3.8481800000000006,3.8446900000000004,1.5,1
06.08.2021 03:36:31.198,3.8481800000000006,3.8449500000000003,1.5,1
06.08.2021 03:36:37.060,3.8481800000000006,3.8449500000000003,1.5,1
06.08.2021 03:36:55.678,3.8481800000000006,3.8451300000000006,1.5,1
06.08.2021 03:36:55.869,3.8481800000000006,3.8447199999999997,1.5,1
06.08.2021 03:36:56.040,3.8481800000000006,3.8447800000000005,1.5,1
06.08.2021 03:37:13.426,3.8481800000000006,3.8448400000000005,1.5,1
06.08.2021 03:37:36.821,3.8481800000000006,3.8448400000000005,1.5,1
06.08.2021 03:37:40.416,3.8481800000000006,3.8448400000000005,1.5,1
06.08.2021 03:37:41.838,3.8481800000000006,3.8448400000000005,1.5,1
06.08.2021 03:37:42.039,3.8479900000000002,3.8447,1.5,1
06.08.2021 03:37:59.499,3.8479900000000002,3.8446300000000004,1.5,1
06.08.2021 03:37:59.686,3.8479900000000002,3.84471,1.5,1
06.08.2021 03:38:00.464,3.8479900000000002,3.8446800000000003,1.5,1
06.08.2021 03:38:00.621,3.8479900000000002,3.8446800000000003,1.5,1
06.08.2021 03:38:05.897,3.8479900000000002,3.8446800000000003,1.5,1
06.08.2021 03:38:06.052,3.8479900000000002,3.8446800000000003,1.5,1
06.08.2021 03:38:10.573,3.8479900000000002,3.8446800000000003,1.5,1
06.08.2021 03:38:10.738,3.84786,3.8445199999999997,1,1
06.08.2021 03:38:10.789,3.84786,3.8445199999999997,1.5,1
06.08.2021 03:38:49.201,3.84782,3.8443500000000004,1,1
06.08.2021 03:38:49.414,3.84785,3.84445,1.5,1
06.08.2021 03:38:49.885,3.84785,3.8446400000000005,1.5,1
06.08.2021 03:38:51.175,3.84785,3.8446400000000005,1.5,1
06.08.2021 03:38:51.683,3.84786,3.8445,1.5,1
06.08.2021 03:40:40.428,3.84786,3.84436,1.5,1
