Gmt time,Ask,Bid,AskVolume,BidVolume
05.08.2021 00:00:00.016,3.84192,3.83625,1,1.5
05.08.2021 00:00:00.659,3.84191,3.8362600000000002,1,1.5
05.08.2021 00:00:01.097,3.84192,3.83625,1.5,1.5
05.08.2021 00:00:01.349,3.84215,3.83605,1,1.5
05.08.2021 00:00:01.647,3.84215,3.8365400000000003,1,1
05.08.2021 00:00:02.246,3.84214,3.8365500000000003,1,1
05.08.2021 00:00:02.297,3.8422199999999997,3.8365400000000003,1.5,1
05.08.2021 00:00:03.042,3.84214,3.8365500000000003,1,1
05.08.2021 00:00:03.930,3.8420400000000003,3.83662,1,1
05.08.2021 00:00:06.766,3.8418800000000006,3.8366300000000004,1,1
05.08.2021 00:00:07.686,3.84182,3.8366300000000004,1,1
05.08.2021 00:00:10.641,3.84182,3.8366300000000004,1,1.5
05.08.2021 00:00:17.538,3.84171,3.83662,1.5,1.5
05.08.2021 00:00:17.743,3.84185,3.83662,1,1.5
05.08.2021 00:00:18.878,3.84176,3.83646,1,1
05.08.2021 00:00:19.076,3.84176,3.83657,1,1.5
05.08.2021 00:00:19.277,3.84176,3.83657,1,1.5
05.08.2021 00:00:19.478,3.84171,3.83657,1,1.5
05.08.2021 00:00:19.691,3.84171,3.83657,1,1.5
05.08.2021 00:00:21.828,3.84171,3.83657,1,1.5
05.08.2021 00:00:22.029,3.84171,3.8363400000000003,1,1
05.08.2021 00:00:22.413,3.84171,3.8365199999999997,1,1.5
05.08.2021 00:00:22.614,3.8417000000000003,3.8365300000000007,1,1.5
05.08.2021 00:00:22.816,3.84175,3.83682,1,1.5
05.08.2021 00:00:22.999,3.84174,3.83682,1,1.5
05.08.2021 00:00:23.409,3.84174,3.8367,1,1.5
05.08.2021 00:00:23.611,3.8417300000000005,3.83671,1,1.5
05.08.2021 00:00:23.807,3.84175,3.8363500000000004,1,1
05.08.2021 00:00:23.924,3.84215,3.83661,1,1
05.08.2021 00:00:24.075,3.8418699999999997,3.8363800000000006,1,1.5
05.08.2021 00:00:24.235,3.8418,3.8365400000000003,1,1
05.08.2021 00:00:24.493,3.8418,3.8367199999999997,1,1.5
05.08.2021 00:00:24.698,3.8417900000000005,3.8367300000000006,1,1.5
05.08.2021 00:00:24.849,3.84191,3.8364400000000005,1,1
05.08.2021 00:00:25.005,3.8418,3.83679,1,1.5
05.08.2021 00:00:25.444,3.84172,3.83666,1.5,1
05.08.2021 00:00:25.646,3.84181,3.83662,1,1.5
05.08.2021 00:00:25.847,3.84174,3.8366300000000004,1,1.5
05.08.2021 00:00:26.808,3.84175,3.83662,1,1.5
05.08.2021 00:00:27.214,3.84177,3.8366300000000004,1,1.5
05.08.2021 00:00:27.491,3.84177,3.8366300000000004,1,1.5
05.08.2021 00:00:27.872,3.84171,3.83662,1.5,1.5
05.08.2021 00:00:28.253,3.84176,3.8366900000000004,1,1
05.08.2021 00:00:28.625,3.84177,3.83662,1,1.5
05.08.2021 00:00:28.676,3.84177,3.83671,1,1
05.08.2021 00:00:28.887,3.84177,3.83662,1,1.5
05.08.2021 00:00:29.088,3.84177,3.83677,1,1.5
05.08.2021 00:00:29.265,3.84192,3.83677,1,1.5
05.08.2021 00:00:29.427,3.8417900000000005,3.83677,1,1.5
05.08.2021 00:00:29.665,3.84177,3.83677,1,1.5
05.08.2021 00:00:29.879,3.8416800000000006,3.83677,1.5,1.5
05.08.2021 00:00:30.063,3.84176,3.8367800000000005,1,1.5
05.08.2021 00:00:30.272,3.8416800000000006,3.83677,1.5,1.5
05.08.2021 00:00:30.577,3.84186,3.8367800000000005,1,1.5
05.08.2021 00:00:30.731,3.84175,3.8367800000000005,1,1.5
05.08.2021 00:00:30.934,3.84176,3.83677,1,1.5
05.08.2021 00:00:31.136,3.84176,3.83677,1,1.5
05.08.2021 00:00:31.339,3.84176,3.83677,1,1.5
05.08.2021 00:00:31.539,3.84176,3.83677,1,1.5
05.08.2021 00:00:31.789,3.8418699999999997,3.8367800000000005,1,1.5
05.08.2021 00:00:31.839,3.8417900000000005,3.83677,1,1.5
05.08.2021 00:00:32.070,3.8417800000000004,3.8367800000000005,1,1.5
05.08.2021 00:00:32.246,3.8417800000000004,3.8367800000000005,1,1.5
05.08.2021 00:00:32.474,3.8417900000000005,3.83677,1,1.5
05.08.2021 00:00:32.632,3.8418400000000004,3.8367800000000005,1,1.5
05.08.2021 00:00:32.875,3.8418699999999997,3.83677,1,1.62
05.08.2021 00:00:33.050,3.8418699999999997,3.83677,1,1.5
05.08.2021 00:00:33.252,3.8418699999999997,3.83677,1,1.5
05.08.2021 00:00:33.453,3.84174,3.8365400000000003,1,1.5
05.08.2021 00:00:33.691,3.8417300000000005,3.8367500000000003,1,1.5
05.08.2021 00:00:33.843,3.84172,3.8367500000000003,1,1.5
05.08.2021 00:00:34.069,3.8416900000000003,3.83677,1.5,1
05.08.2021 00:00:34.170,3.8416900000000003,3.8367500000000003,1,1.5
05.08.2021 00:00:34.396,3.8416800000000006,3.8366400000000005,1,1
05.08.2021 00:00:34.577,3.84174,3.83657,1,1.5
05.08.2021 00:00:34.779,3.8416800000000006,3.83696,1,1.5
05.08.2021 00:00:34.966,3.8418400000000004,3.83696,1,1.5
05.08.2021 00:00:35.094,3.84196,3.8369500000000003,1,1.5
05.08.2021 00:00:35.195,3.84177,3.83686,1,1.5
05.08.2021 00:00:35.358,3.84176,3.8365,1,1.5
05.08.2021 00:00:35.560,3.8418300000000003,3.83692,1,1.5
05.08.2021 00:00:35.711,3.84174,3.83692,1,1.5
05.08.2021 00:00:35.861,3.8417300000000005,3.8366000000000002,1,1.5
05.08.2021 00:00:36.090,3.8416300000000003,3.8367,1,1
05.08.2021 00:00:36.300,3.84162,3.8365,1,1
05.08.2021 00:00:36.501,3.8416300000000003,3.83681,1,1.5
05.08.2021 00:00:36.738,3.84162,3.8367500000000003,1,1.5
05.08.2021 00:00:36.839,3.8416300000000003,3.83679,1,1
05.08.2021 00:00:37.040,3.84237,3.83646,1,1.5
05.08.2021 00:00:37.241,3.8423800000000004,3.83686,1.5,1.5
05.08.2021 00:00:37.442,3.84205,3.83686,1,1.5
05.08.2021 00:00:37.543,3.84195,3.83686,1,1.5
05.08.2021 00:00:37.644,3.8419000000000003,3.83687,1,1.5
05.08.2021 00:00:37.805,3.84191,3.8368300000000004,1,1.5
05.08.2021 00:00:38.007,3.84191,3.8368300000000004,1,1.5
05.08.2021 00:00:38.210,3.8418800000000006,3.8368300000000004,1,1.62
05.08.2021 00:00:38.461,3.8418699999999997,3.83677,1,1
05.08.2021 00:00:38.614,3.84185,3.8367199999999997,1,1
05.08.2021 00:00:38.817,3.84186,3.83671,1,1
05.08.2021 00:00:39.053,3.8417800000000004,3.83676,1,1.5
05.08.2021 00:00:39.223,3.84174,3.83676,1,1
05.08.2021 00:00:39.443,3.84175,3.8365400000000003,1,1
05.08.2021 00:00:39.707,3.84175,3.8368400000000005,1,1
05.08.2021 00:00:39.865,3.84185,3.8368,1,1.5
05.08.2021 00:00:40.075,3.84174,3.83681,1,1.5
05.08.2021 00:00:40.276,3.84176,3.83681,1,1.5
05.08.2021 00:00:40.512,3.8416900000000003,3.8367,1,1.5
05.08.2021 00:00:40.713,3.8416900000000003,3.83699,1,1.5
05.08.2021 00:00:40.871,3.8416900000000003,3.8369500000000003,1,1.5
05.08.2021 00:00:41.078,3.8415500000000002,3.8368900000000004,1,1.5
05.08.2021 00:00:41.283,3.8415000000000004,3.8371300000000006,1,1.5
05.08.2021 00:00:41.506,3.8415000000000004,3.8364300000000005,1,1.5
05.08.2021 00:00:41.722,3.8415000000000004,3.8369500000000003,1,1.5
05.08.2021 00:00:41.827,3.8415000000000004,3.83659,1,1
05.08.2021 00:00:42.008,3.8415000000000004,3.8364900000000004,1,1.5
05.08.2021 00:00:42.186,3.84165,3.8364900000000004,1,1.5
05.08.2021 00:00:42.287,3.842,3.83651,1,1.5
05.08.2021 00:00:42.387,3.84201,3.8366900000000004,1,1
05.08.2021 00:00:42.590,3.842,3.8365,1,1.5
05.08.2021 00:00:42.792,3.84201,3.8364900000000004,1,1.5
05.08.2021 00:00:42.995,3.84201,3.8367199999999997,1,1
05.08.2021 00:00:43.228,3.842,3.8365,1,1.5
05.08.2021 00:00:43.708,3.8422199999999997,3.8364900000000004,1,1.5
05.08.2021 00:00:43.916,3.84215,3.8366300000000004,1,1.5
05.08.2021 00:00:44.066,3.8421600000000002,3.83662,1,1.5
05.08.2021 00:00:44.318,3.84212,3.8366300000000004,1,1.5
05.08.2021 00:00:44.492,3.84212,3.8365199999999997,1,1.5
05.08.2021 00:00:44.693,3.84212,3.8367199999999997,1,1.5
05.08.2021 00:00:44.895,3.8418900000000002,3.8367500000000003,1,1
05.08.2021 00:00:45.096,3.8417800000000004,3.83667,1,1.5
05.08.2021 00:00:45.310,3.84176,3.8369500000000003,1,1.5
05.08.2021 00:00:46.024,3.84172,3.8369500000000003,1,1.12
05.08.2021 00:00:46.229,3.8416900000000003,3.8369500000000003,1,1.5
05.08.2021 00:00:46.412,3.8418400000000004,3.83696,1,1.12
05.08.2021 00:00:46.591,3.84185,3.8366400000000005,1,1.5
05.08.2021 00:00:46.792,3.8416900000000003,3.8369400000000002,1,1.5
05.08.2021 00:00:47.237,3.8418,3.8369500000000003,1,1.5
05.08.2021 00:00:47.438,3.84181,3.8369400000000002,1,1.5
05.08.2021 00:00:47.639,3.84181,3.8369400000000002,1,1.5
05.08.2021 00:00:47.838,3.84181,3.8369400000000002,1,1.5
05.08.2021 00:00:48.013,3.84181,3.8369400000000002,1,1.5
05.08.2021 00:00:48.224,3.8417900000000005,3.8369400000000002,1,1.5
05.08.2021 00:00:48.525,3.8417900000000005,3.8369400000000002,1,1.5
05.08.2021 00:00:48.680,3.8417900000000005,3.8369400000000002,1,1.5
05.08.2021 00:00:48.899,3.8417900000000005,3.8369400000000002,1,1.5
05.08.2021 00:00:49.101,3.8418,3.8369500000000003,1,1.5
05.08.2021 00:00:49.299,3.84174,3.8369500000000003,1,1.5
05.08.2021 00:00:49.485,3.84175,3.8369400000000002,1,1.5
05.08.2021 00:00:51.754,3.8418,3.8369500000000003,1,1.5
05.08.2021 00:00:51.855,3.84181,3.8365800000000005,1,1.5
05.08.2021 00:00:52.013,3.84181,3.8370900000000003,1,1
05.08.2021 00:00:52.176,3.84181,3.83662,1,1.5
05.08.2021 00:00:52.338,3.84181,3.83679,1,1.5
05.08.2021 00:00:52.633,3.8418,3.83682,1,1
05.08.2021 00:00:52.790,3.84176,3.83681,1,1
05.08.2021 00:00:52.993,3.84175,3.8372,1,1
05.08.2021 00:00:53.099,3.8416699999999997,3.83685,1.5,1
05.08.2021 00:00:53.200,3.84175,3.8367800000000005,1,1.62
05.08.2021 00:00:53.444,3.84175,3.8367800000000005,1,1.5
05.08.2021 00:00:53.816,3.84191,3.83682,1,1.5
05.08.2021 00:00:54.046,3.84217,3.8368300000000004,1.5,1.5
05.08.2021 00:00:54.245,3.8420800000000006,3.83685,1.5,1.5
05.08.2021 00:00:54.447,3.84174,3.8371900000000005,1,1.5
05.08.2021 00:00:54.817,3.84175,3.83679,1,1.5
05.08.2021 00:00:55.037,3.84174,3.8367500000000003,1,1
05.08.2021 00:00:55.220,3.84174,3.8367500000000003,1,1
05.08.2021 00:00:55.663,3.84172,3.83686,1,1.5
05.08.2021 00:00:55.865,3.84177,3.8368300000000004,1,1.5
05.08.2021 00:00:55.915,3.84205,3.8368300000000004,1,1.5
05.08.2021 00:00:55.966,3.84205,3.8368300000000004,1,1.5
05.08.2021 00:00:56.066,3.84172,3.83662,1,1.5
05.08.2021 00:00:56.268,3.84172,3.8368,1,1
05.08.2021 00:00:56.451,3.84207,3.83677,1.5,1.5
05.08.2021 00:00:56.652,3.8419000000000003,3.83662,1,1.5
05.08.2021 00:00:56.753,3.84181,3.83679,1,1
05.08.2021 00:00:56.803,3.8419000000000003,3.8369500000000003,1,1.5
05.08.2021 00:00:56.854,3.8419000000000003,3.83679,1,1
05.08.2021 00:00:57.019,3.84172,3.8370800000000003,1,1.5
05.08.2021 00:00:57.271,3.84172,3.8370800000000003,1,1.5
05.08.2021 00:00:57.625,3.84177,3.8370900000000003,1.5,1.5
05.08.2021 00:00:57.826,3.84172,3.8370800000000003,1,1.5
05.08.2021 00:00:58.033,3.8420800000000006,3.8370800000000003,1.5,1.5
05.08.2021 00:00:58.149,3.84185,3.83702,1,1.5
05.08.2021 00:00:58.250,3.8418400000000004,3.8367300000000006,1,1.5
05.08.2021 00:00:58.446,3.84165,3.8369300000000006,1.5,1.5
05.08.2021 00:00:58.672,3.8418400000000004,3.83692,1,1.5
05.08.2021 00:00:58.833,3.84195,3.83692,1,1.5
05.08.2021 00:00:59.236,3.8418400000000004,3.8367199999999997,1,1.5
05.08.2021 00:00:59.505,3.84195,3.83676,1,1.5
05.08.2021 00:00:59.662,3.84182,3.8367199999999997,1,1.5
05.08.2021 00:01:00.066,3.84196,3.8367199999999997,1,1.5
05.08.2021 00:01:00.306,3.84191,3.8367199999999997,1,1.5
05.08.2021 00:01:00.468,3.8418800000000006,3.8367199999999997,1,1.5
05.08.2021 00:01:00.669,3.8418300000000003,3.83666,1,1.5
05.08.2021 00:01:00.870,3.84174,3.83679,1.5,1
05.08.2021 00:01:01.072,3.84182,3.83742,1,1
05.08.2021 00:01:01.172,3.8418800000000006,3.83702,1,1.5
05.08.2021 00:01:01.349,3.84181,3.8370300000000004,1,1.5
05.08.2021 00:01:01.500,3.84182,3.83692,1,1.5
05.08.2021 00:01:01.616,3.8417800000000004,3.8369300000000006,1,1.5
05.08.2021 00:01:01.818,3.8417900000000005,3.83681,1,1.5
05.08.2021 00:01:01.918,3.8418300000000003,3.83692,1,1.62
05.08.2021 00:01:02.069,3.84182,3.8367800000000005,1,1
05.08.2021 00:01:02.220,3.8417900000000005,3.8367500000000003,1,1
05.08.2021 00:01:02.377,3.84185,3.83676,1,1.5
05.08.2021 00:01:02.578,3.8417900000000005,3.83726,1,1.5
05.08.2021 00:01:02.780,3.84185,3.8370900000000003,1,1.5
05.08.2021 00:01:02.981,3.8418,3.83662,1,1.5
05.08.2021 00:01:03.233,3.8420800000000006,3.83697,1,1.5
05.08.2021 00:01:03.385,3.8418900000000002,3.8369800000000005,1,1.5
05.08.2021 00:01:08.729,3.84215,3.8369800000000005,1,1.5
05.08.2021 00:01:08.884,3.84191,3.83662,1,1.5
05.08.2021 00:01:09.098,3.84191,3.8370300000000004,1,1
05.08.2021 00:01:09.287,3.84191,3.83716,1,1
05.08.2021 00:01:09.441,3.84191,3.8371000000000004,1,1
05.08.2021 00:01:09.645,3.8419000000000003,3.8372400000000004,1,1
05.08.2021 00:01:09.796,3.8423800000000004,3.8372900000000003,1.5,1.5
05.08.2021 00:01:09.897,3.84226,3.8372900000000003,1,1.5
05.08.2021 00:01:10.099,3.8422500000000004,3.8373000000000004,1,1.5
05.08.2021 00:01:10.312,3.8422800000000006,3.8368900000000004,1,1
05.08.2021 00:01:10.583,3.84237,3.8370800000000003,1.5,1
05.08.2021 00:01:10.784,3.8422500000000004,3.83712,1,1.5
05.08.2021 00:01:10.983,3.8420400000000003,3.8371500000000003,1,1
05.08.2021 00:01:11.193,3.84205,3.8372,1,1
05.08.2021 00:01:11.394,3.84205,3.8371900000000005,1,1
05.08.2021 00:01:11.598,3.8420400000000003,3.8372400000000004,1,1.5
05.08.2021 00:01:12.013,3.84214,3.8372300000000004,1,1.5
05.08.2021 00:01:12.063,3.84236,3.8372300000000004,1,1.5
05.08.2021 00:01:12.262,3.84236,3.8372300000000004,1,1.5
05.08.2021 00:01:12.313,3.84236,3.8372300000000004,1,1.5
05.08.2021 00:01:12.690,3.84235,3.83722,1,1
05.08.2021 00:01:12.902,3.84236,3.83732,1,1.5
05.08.2021 00:01:13.309,3.8421800000000004,3.83732,1,1.5
05.08.2021 00:01:13.510,3.8421600000000002,3.83714,1,1
05.08.2021 00:01:13.711,3.8421300000000005,3.83736,1,1
05.08.2021 00:01:13.912,3.84212,3.83732,1,1.5
05.08.2021 00:01:14.127,3.8421300000000005,3.83731,1,1.5
05.08.2021 00:01:14.335,3.8421300000000005,3.83742,1,1.5
05.08.2021 00:01:14.521,3.8421300000000005,3.8372400000000004,1,1
05.08.2021 00:01:14.723,3.84241,3.8372400000000004,1,1
05.08.2021 00:01:14.924,3.8422800000000006,3.8372699999999997,1,1.5
05.08.2021 00:01:14.975,3.8421900000000004,3.8372800000000007,1,1.5
05.08.2021 00:01:15.126,3.84215,3.8373300000000006,1,1.5
05.08.2021 00:01:15.305,3.8421600000000002,3.83732,1,1.5
05.08.2021 00:01:15.528,3.84215,3.83732,1,1.5
05.08.2021 00:01:15.752,3.84215,3.83732,1,1.5
05.08.2021 00:01:16.140,3.84215,3.83732,1,1.5
05.08.2021 00:01:16.350,3.84207,3.8373300000000006,1,1.5
05.08.2021 00:01:16.524,3.8420800000000006,3.83732,1,1.5
05.08.2021 00:01:16.775,3.84207,3.8372300000000004,1,1.5
05.08.2021 00:01:16.932,3.84215,3.83722,1,1.5
05.08.2021 00:01:17.183,3.8420800000000006,3.8371900000000005,1,1
05.08.2021 00:01:17.335,3.84212,3.8371900000000005,1,1.5
05.08.2021 00:01:17.510,3.84217,3.83722,1,1.5
05.08.2021 00:01:17.699,3.84217,3.8372400000000004,1,1
05.08.2021 00:01:17.911,3.8421600000000002,3.83726,1,1
05.08.2021 00:01:18.102,3.8421600000000002,3.83726,1,1
05.08.2021 00:01:18.324,3.8423800000000004,3.83732,1.5,1.5
05.08.2021 00:01:18.507,3.8421300000000005,3.8372400000000004,1,1
05.08.2021 00:01:18.710,3.84211,3.8374,1,1
05.08.2021 00:01:18.911,3.84206,3.83732,1,1.5
05.08.2021 00:01:19.333,3.84206,3.83717,1,1
05.08.2021 00:01:19.546,3.84206,3.83742,1,1
05.08.2021 00:01:19.647,3.84206,3.83717,1,1
05.08.2021 00:01:19.748,3.84205,3.8372100000000002,1,1.5
05.08.2021 00:01:19.911,3.84206,3.8372800000000007,1,1
05.08.2021 00:01:20.113,3.8423800000000004,3.83732,1.5,1.5
05.08.2021 00:01:20.314,3.8421900000000004,3.83734,1,1
05.08.2021 00:01:20.516,3.84214,3.83732,1,1.5
05.08.2021 00:01:20.753,3.84211,3.83732,1,1.5
05.08.2021 00:01:20.959,3.84211,3.83714,1,1
05.08.2021 00:01:21.121,3.84211,3.83714,1,1
05.08.2021 00:01:21.323,3.84215,3.8373800000000005,1,1.5
05.08.2021 00:01:21.524,3.84211,3.83741,1,1
05.08.2021 00:01:21.725,3.84231,3.83752,1,1.5
05.08.2021 00:01:21.927,3.84221,3.83742,1,1.5
05.08.2021 00:01:22.392,3.84212,3.8374400000000004,1,1
05.08.2021 00:01:22.602,3.84212,3.83734,1,1
05.08.2021 00:01:22.794,3.8420900000000002,3.83742,1,1.5
05.08.2021 00:01:22.997,3.8420900000000002,3.8373800000000005,1,1
05.08.2021 00:01:23.198,3.8420900000000002,3.8372400000000004,1,1
05.08.2021 00:01:23.392,3.8420900000000002,3.8372400000000004,1,1
05.08.2021 00:01:23.603,3.8420900000000002,3.8373500000000003,1,1
05.08.2021 00:01:23.804,3.8421300000000005,3.8373500000000003,1,1
05.08.2021 00:01:24.185,3.84207,3.8371900000000005,1,1.5
05.08.2021 00:01:24.613,3.84207,3.8375000000000004,1,1.5
05.08.2021 00:01:24.790,3.84207,3.8375000000000004,1,1.5
05.08.2021 00:01:25.206,3.8423400000000005,3.8375300000000006,1,1.5
05.08.2021 00:01:25.441,3.84235,3.83742,1,1.5
05.08.2021 00:01:25.596,3.84235,3.83752,1,1.5
05.08.2021 00:01:25.833,3.8423800000000004,3.8374900000000003,1.5,1.5
05.08.2021 00:01:26.015,3.8422300000000003,3.8375000000000004,1,1.62
05.08.2021 00:01:26.213,3.8422300000000003,3.8375000000000004,1,1.5
05.08.2021 00:01:26.414,3.8422199999999997,3.8373800000000005,1,1
05.08.2021 00:01:26.586,3.8422300000000003,3.83742,1,1.5
05.08.2021 00:01:26.788,3.84217,3.83725,1,1
05.08.2021 00:01:26.989,3.8421600000000002,3.8374400000000004,1,1
05.08.2021 00:01:27.218,3.84226,3.83752,1,1.5
05.08.2021 00:01:27.319,3.84226,3.83752,1,1.5
05.08.2021 00:01:27.370,3.84226,3.83752,1,1.5
05.08.2021 00:01:27.571,3.84212,3.83734,1,1
05.08.2021 00:01:27.798,3.84212,3.83734,1,1
05.08.2021 00:01:27.964,3.84212,3.8373500000000003,1,1.5
05.08.2021 00:01:28.165,3.84212,3.8373500000000003,1,1.5
05.08.2021 00:01:28.367,3.8421000000000003,3.83722,1,1.5
05.08.2021 00:01:28.567,3.8421000000000003,3.83732,1,1.5
05.08.2021 00:01:28.819,3.8420800000000006,3.8372300000000004,1,1.5
05.08.2021 00:01:28.973,3.8420800000000006,3.8371800000000005,1,1
05.08.2021 00:01:29.174,3.8420800000000006,3.8372300000000004,1,1.5
05.08.2021 00:01:29.411,3.8420900000000002,3.8372,1,1.5
05.08.2021 00:01:29.612,3.84215,3.83736,1,1
05.08.2021 00:01:29.763,3.8422400000000003,3.83711,1,1
05.08.2021 00:01:29.813,3.8422,3.8373500000000003,1,1
05.08.2021 00:01:30.015,3.84212,3.83726,1,1.5
05.08.2021 00:01:30.197,3.84215,3.83732,1,1.5
05.08.2021 00:01:30.430,3.8421300000000005,3.83732,1,1.5
05.08.2021 00:01:30.634,3.8421300000000005,3.8372400000000004,1,1
05.08.2021 00:01:30.835,3.8421300000000005,3.83742,1,1.5
05.08.2021 00:01:31.188,3.84212,3.83725,1,1
05.08.2021 00:01:31.389,3.8420900000000002,3.83725,1,1
05.08.2021 00:01:31.955,3.8422199999999997,3.8374800000000007,1,1
05.08.2021 00:01:32.197,3.84217,3.83761,1,1
05.08.2021 00:01:32.348,3.84217,3.83746,1,1
05.08.2021 00:01:32.505,3.8421600000000002,3.8374699999999997,1,1
05.08.2021 00:01:32.606,3.8421600000000002,3.8375300000000006,1,1.5
05.08.2021 00:01:32.820,3.84217,3.83742,1,1.5
05.08.2021 00:01:33.026,3.8423800000000004,3.83752,1.5,1.5
05.08.2021 00:01:33.178,3.84232,3.8374699999999997,1,2
05.08.2021 00:01:33.359,3.84232,3.83734,1,1
05.08.2021 00:01:34.200,3.8422500000000004,3.8374400000000004,1,1
05.08.2021 00:01:34.351,3.8425800000000003,3.8376800000000006,1.5,1.5
05.08.2021 00:01:34.675,3.84267,3.8376900000000003,1.5,1.5
05.08.2021 00:01:34.886,3.84237,3.8376,1,1
05.08.2021 00:01:35.081,3.84236,3.8373500000000003,1,1
05.08.2021 00:01:35.328,3.8422,3.8375300000000006,1,1.5
05.08.2021 00:01:35.485,3.84221,3.83734,1,1
05.08.2021 00:01:35.738,3.84221,3.83742,1,1.5
05.08.2021 00:01:35.889,3.84221,3.83737,1,1.5
05.08.2021 00:01:36.090,3.8421900000000004,3.83742,1,1.5
05.08.2021 00:01:36.291,3.8420900000000002,3.83757,1.5,1
05.08.2021 00:01:36.505,3.8421900000000004,3.83762,1,1
05.08.2021 00:01:36.727,3.8421800000000004,3.8374,1,1.5
05.08.2021 00:01:37.187,3.84235,3.8377000000000003,1,1.5
05.08.2021 00:01:37.342,3.8423400000000005,3.8373500000000003,1,1
05.08.2021 00:01:37.508,3.8423400000000005,3.83745,1,1.5
05.08.2021 00:01:37.727,3.8422,3.83752,1,1.5
05.08.2021 00:01:37.778,3.8421900000000004,3.8373500000000003,1,1
05.08.2021 00:01:37.998,3.8421900000000004,3.83746,1,1
05.08.2021 00:01:38.225,3.8421800000000004,3.83742,1,1.5
05.08.2021 00:01:38.440,3.84217,3.8374699999999997,1,1
05.08.2021 00:01:38.608,3.8421800000000004,3.83762,1,1.5
05.08.2021 00:01:38.918,3.8421800000000004,3.83752,1,1.5
05.08.2021 00:01:39.106,3.8421800000000004,3.8374400000000004,1,1
05.08.2021 00:01:39.357,3.8421900000000004,3.83752,1,1.5
05.08.2021 00:01:39.746,3.8421900000000004,3.83751,1,1
05.08.2021 00:01:39.913,3.8421900000000004,3.83751,1,1
05.08.2021 00:01:40.146,3.8421800000000004,3.83745,1,1
05.08.2021 00:01:40.347,3.84267,3.83745,1.5,1
05.08.2021 00:01:40.719,3.84237,3.83752,1,1.5
05.08.2021 00:01:40.922,3.84252,3.83734,1.62,1
05.08.2021 00:01:41.130,3.84227,3.83751,1,1
05.08.2021 00:01:41.331,3.8421900000000004,3.83752,1,1.5
05.08.2021 00:01:41.532,3.8421800000000004,3.8374300000000003,1,1
05.08.2021 00:01:41.950,3.84215,3.83752,1,1.5
05.08.2021 00:01:42.184,3.84214,3.8373500000000003,1,1
05.08.2021 00:01:42.336,3.84215,3.83745,1,1.5
05.08.2021 00:01:42.710,3.84205,3.8376300000000003,1.5,1
05.08.2021 00:01:43.091,3.8423800000000004,3.8377000000000003,1.5,1.5
05.08.2021 00:01:43.274,3.8424800000000006,3.83746,1,1.5
05.08.2021 00:01:43.609,3.84247,3.8374699999999997,1,1.5
05.08.2021 00:01:43.815,3.8424800000000006,3.83762,1,1.5
05.08.2021 00:01:44.015,3.8424800000000006,3.83762,1,1.5
05.08.2021 00:01:44.261,3.84237,3.83745,1.5,1
05.08.2021 00:01:44.467,3.84217,3.8374400000000004,1,1
05.08.2021 00:01:44.656,3.84217,3.8375500000000002,1.5,1
05.08.2021 00:01:44.879,3.8421600000000002,3.8376300000000003,1,1
05.08.2021 00:01:45.080,3.8421600000000002,3.8373300000000006,1,1.5
05.08.2021 00:01:45.281,3.8423800000000004,3.8374699999999997,1.5,1.5
05.08.2021 00:01:45.493,3.84237,3.8375500000000002,1,1
05.08.2021 00:01:45.644,3.8422400000000003,3.83756,1.5,1.5
05.08.2021 00:01:45.828,3.8423000000000003,3.83756,1,1.5
05.08.2021 00:01:46.039,3.84229,3.83757,1,1.5
05.08.2021 00:01:46.447,3.84229,3.83757,1,1.5
05.08.2021 00:01:46.649,3.8422500000000004,3.83756,1,1.5
05.08.2021 00:01:46.915,3.8421900000000004,3.83762,1,1.5
05.08.2021 00:01:47.117,3.84217,3.8374900000000003,1,1
05.08.2021 00:01:47.271,3.84217,3.8376300000000003,1,1
05.08.2021 00:01:47.518,3.84217,3.83752,1,1.5
05.08.2021 00:01:47.720,3.84217,3.8374400000000004,1,1
05.08.2021 00:01:47.878,3.84217,3.8374400000000004,1,1
05.08.2021 00:01:48.122,3.84241,3.83762,1,1.5
05.08.2021 00:01:48.325,3.8422500000000004,3.8376,1,1.5
05.08.2021 00:01:48.526,3.8422,3.83745,1,1
05.08.2021 00:01:48.727,3.8421800000000004,3.83762,1,1.5
05.08.2021 00:01:48.929,3.8421800000000004,3.83762,1,1
05.08.2021 00:01:49.134,3.8421800000000004,3.83752,1,1.5
05.08.2021 00:01:49.432,3.8421800000000004,3.8377800000000004,1,1.5
05.08.2021 00:01:49.637,3.8423800000000004,3.8377800000000004,1.5,1.5
05.08.2021 00:01:49.688,3.84226,3.8377900000000005,1,1.5
05.08.2021 00:01:49.889,3.84215,3.83771,1,1.5
05.08.2021 00:01:50.283,3.84215,3.83771,1,1.62
05.08.2021 00:01:50.485,3.84215,3.83771,1,1.5
05.08.2021 00:01:50.685,3.84214,3.8377300000000005,1,1
05.08.2021 00:01:51.088,3.84221,3.83771,1,1.5
05.08.2021 00:01:51.288,3.8422,3.8377300000000005,1,1
05.08.2021 00:01:51.488,3.8422,3.83772,1,1.5
05.08.2021 00:01:51.691,3.84221,3.83772,1,1
05.08.2021 00:01:51.892,3.84221,3.83771,1,1.5
05.08.2021 00:01:52.092,3.84221,3.83774,1,1
05.08.2021 00:01:52.294,3.84229,3.83771,1,1.5
05.08.2021 00:01:52.497,3.84221,3.83774,1,1
05.08.2021 00:01:52.597,3.8422,3.83772,1,1.5
05.08.2021 00:01:52.784,3.84221,3.83774,1,1
05.08.2021 00:01:52.985,3.84221,3.83771,1,1.5
05.08.2021 00:01:53.184,3.84221,3.83774,1,1
05.08.2021 00:01:53.386,3.8422800000000006,3.83772,1,1.5
05.08.2021 00:01:53.706,3.84221,3.83774,1,1
05.08.2021 00:01:53.907,3.84221,3.83771,1,1.5
05.08.2021 00:01:54.109,3.84221,3.83776,1,1
05.08.2021 00:01:54.310,3.84221,3.83771,1,1.5
05.08.2021 00:01:54.513,3.84221,3.83776,1,1
05.08.2021 00:01:54.625,3.84231,3.83771,1,1.5
05.08.2021 00:01:54.886,3.84231,3.83776,1,1
05.08.2021 00:01:55.092,3.84232,3.83771,1,1.5
05.08.2021 00:01:55.498,3.8422300000000003,3.83777,1,1
05.08.2021 00:01:55.677,3.84214,3.83777,1.5,1
05.08.2021 00:01:56.461,3.8422500000000004,3.8375500000000002,1,1.5
05.08.2021 00:01:56.512,3.8422400000000003,3.83766,1,1.5
05.08.2021 00:01:56.736,3.8421900000000004,3.83765,1,1.5
05.08.2021 00:01:56.836,3.8421800000000004,3.8377900000000005,1,1
05.08.2021 00:01:57.880,3.8423800000000004,3.83762,1.5,1.5
05.08.2021 00:01:58.078,3.8422300000000003,3.8378400000000004,1,1
05.08.2021 00:01:58.330,3.84221,3.83782,1,1.5
05.08.2021 00:01:58.725,3.8422,3.83776,1,1
05.08.2021 00:01:58.926,3.8422,3.83786,1,1
05.08.2021 00:01:59.084,3.84221,3.8377000000000003,1,1.5
05.08.2021 00:01:59.307,3.8423800000000004,3.83772,1.5,1.5
05.08.2021 00:01:59.508,3.8422800000000006,3.83754,1,1
05.08.2021 00:01:59.687,3.84226,3.83777,1,1
05.08.2021 00:01:59.935,3.8422500000000004,3.83782,1,1.5
05.08.2021 00:02:00.268,3.8421600000000002,3.83785,1.5,1
05.08.2021 00:02:00.468,3.8422500000000004,3.83782,1,1.5
05.08.2021 00:02:00.569,3.84221,3.8378300000000003,1,1.5
05.08.2021 00:02:00.976,3.8422199999999997,3.83782,1,1.5
05.08.2021 00:02:04.696,3.8423400000000005,3.8378300000000003,1,1.5
05.08.2021 00:02:04.903,3.8421900000000004,3.838,1.5,1.5
05.08.2021 00:02:06.548,3.8423300000000005,3.8379300000000005,1,1.5
05.08.2021 00:02:06.752,3.84246,3.83781,1.5,1.5
05.08.2021 00:02:07.233,3.8426800000000005,3.8381300000000005,1.5,1.5
05.08.2021 00:02:07.435,3.8426800000000005,3.83792,1.5,1
05.08.2021 00:02:07.585,3.84267,3.8379000000000003,1.5,1.5
05.08.2021 00:02:07.857,3.8426800000000005,3.8381400000000006,1.5,1.5
05.08.2021 00:02:08.008,3.8426800000000005,3.8381400000000006,1.5,1.5
05.08.2021 00:02:08.188,3.8426800000000005,3.8381400000000006,1.5,1.5
05.08.2021 00:02:08.367,3.84255,3.8381400000000006,1,1.5
05.08.2021 00:02:08.719,3.8426800000000005,3.8382199999999997,1.5,1.5
05.08.2021 00:02:08.921,3.8426800000000005,3.83792,1.5,1.5
05.08.2021 00:02:09.347,3.84267,3.8379300000000005,1.5,1.5
05.08.2021 00:02:13.815,3.84267,3.83794,1.5,1.5
05.08.2021 00:02:13.948,3.8425900000000004,3.83792,1,1.5
05.08.2021 00:02:14.059,3.8425800000000003,3.8381900000000004,1,1.5
05.08.2021 00:02:14.360,3.8425900000000004,3.8377800000000004,1,1.5
05.08.2021 00:02:14.410,3.8425000000000002,3.83794,1.5,1
05.08.2021 00:02:14.561,3.8425800000000003,3.8378800000000006,1,1.5
05.08.2021 00:02:14.611,3.8425900000000004,3.83787,1,1.5
05.08.2021 00:02:14.715,3.8425900000000004,3.8380500000000004,1,1
05.08.2021 00:02:14.983,3.84267,3.8379300000000005,1,1.5
05.08.2021 00:02:15.111,3.84269,3.8379300000000005,1,1.5
05.08.2021 00:02:15.288,3.8426800000000005,3.8380199999999998,1.5,1.5
05.08.2021 00:02:16.189,3.8424800000000006,3.8381000000000003,1.5,1.5
05.08.2021 00:02:16.239,3.8424800000000006,3.8381000000000003,1.5,1.5
05.08.2021 00:02:16.340,3.84251,3.8378300000000003,1,1.5
05.08.2021 00:02:16.541,3.8425000000000002,3.8379300000000005,1,1.5
05.08.2021 00:02:16.743,3.84251,3.83792,1,1.5
05.08.2021 00:02:16.917,3.84251,3.8380199999999998,1,1.5
05.08.2021 00:02:17.119,3.84251,3.8380199999999998,1,1.5
05.08.2021 00:02:17.320,3.84251,3.83792,1,1.5
05.08.2021 00:02:18.926,3.84267,3.8379300000000005,1.5,1.5
05.08.2021 00:02:19.717,3.84246,3.8383000000000003,1,1
05.08.2021 00:02:19.823,3.84246,3.8383000000000003,1,1
05.08.2021 00:02:20.969,3.84267,3.8379300000000005,1.5,2
05.08.2021 00:02:21.054,3.8426800000000005,3.83792,1.5,2
05.08.2021 00:02:21.327,3.8426800000000005,3.83792,1.5,2
05.08.2021 00:02:21.531,3.8426300000000007,3.83795,1,1.5
05.08.2021 00:02:21.730,3.8426800000000005,3.8381400000000006,1,1.5
05.08.2021 00:02:21.930,3.84267,3.8380900000000002,1,1
05.08.2021 00:02:22.178,3.8426800000000005,3.8382199999999997,1.5,1.5
05.08.2021 00:02:22.334,3.84267,3.8382300000000007,1.5,1.5
05.08.2021 00:02:22.773,3.84267,3.8382300000000007,1.5,1.5
05.08.2021 00:02:24.966,3.8427900000000004,3.8382300000000007,1,1.5
05.08.2021 00:02:25.167,3.8426800000000005,3.8382199999999997,1,1.5
05.08.2021 00:02:25.531,3.84255,3.8382400000000003,1,1
05.08.2021 00:02:25.738,3.8425400000000005,3.8382300000000007,1,1.5
05.08.2021 00:02:25.941,3.84255,3.8382500000000004,1,1
05.08.2021 00:02:26.140,3.8425400000000005,3.8382300000000007,1,1.5
05.08.2021 00:02:26.345,3.84255,3.8382500000000004,1,1
05.08.2021 00:02:26.546,3.8427900000000004,3.8382199999999997,1,1.5
05.08.2021 00:02:27.020,3.8427900000000004,3.8382199999999997,1.5,1.5
05.08.2021 00:02:27.429,3.84255,3.83827,1,1
05.08.2021 00:02:32.468,3.84261,3.8384800000000006,1,1.5
05.08.2021 00:02:36.054,3.8426,3.8384800000000006,1,1.5
05.08.2021 00:02:49.017,3.8426400000000003,3.8384800000000006,1,1.5
05.08.2021 00:02:49.210,3.8426300000000007,3.83849,1,1.5
05.08.2021 00:03:06.799,3.8426300000000007,3.83849,1,1.5
05.08.2021 00:03:06.923,3.8426300000000007,3.83849,1,1.5
05.08.2021 00:03:11.586,3.84287,3.83849,1.5,1.5
05.08.2021 00:03:50.137,3.84291,3.83892,1,1
05.08.2021 00:03:50.336,3.8429,3.8389300000000004,1,1.5
05.08.2021 00:03:53.730,3.84291,3.8389699999999998,1,1.5
05.08.2021 00:03:54.144,3.8428,3.8389800000000003,1,1.5
05.08.2021 00:04:00.749,3.84281,3.8389699999999998,1,1.5
05.08.2021 00:04:07.522,3.8426500000000003,3.8389699999999998,1,1.5
05.08.2021 00:04:15.945,3.84272,3.83881,1.5,1.5
05.08.2021 00:04:18.275,3.8424800000000006,3.83881,1,1.5
05.08.2021 00:04:18.347,3.8424800000000006,3.83881,1,1.5
05.08.2021 00:04:18.475,3.8424800000000006,3.83881,1,1.5
05.08.2021 00:04:29.711,3.84247,3.8388199999999997,1,1.5
05.08.2021 00:04:29.812,3.8424800000000006,3.83881,1,1.5
05.08.2021 00:04:32.572,3.8423300000000005,3.83881,1,1.5
05.08.2021 00:04:38.055,3.8423300000000005,3.83881,1,1.5
05.08.2021 00:04:38.166,3.8422199999999997,3.8388199999999997,1,1.5
05.08.2021 00:04:39.443,3.8422300000000003,3.83881,1,1.5
05.08.2021 00:04:40.436,3.8422800000000006,3.83881,1.5,1.5
05.08.2021 00:04:47.339,3.84231,3.83881,1,1
05.08.2021 00:04:53.645,3.8424400000000003,3.83881,1,1.5
05.08.2021 00:05:11.509,3.8424400000000003,3.83881,1,1.5
05.08.2021 00:05:19.138,3.8424400000000003,3.83881,1,1.5
05.08.2021 00:05:19.386,3.84231,3.83881,1,1.5
05.08.2021 00:05:19.544,3.84231,3.83881,1,1
05.08.2021 00:05:19.773,3.84231,3.83881,1,1.5
05.08.2021 00:05:20.002,3.84231,3.83881,1,1.5
05.08.2021 00:05:20.204,3.84231,3.83881,1,1.5
05.08.2021 00:05:21.746,3.84267,3.8388199999999997,1.5,1.5
05.08.2021 00:05:23.324,3.8426800000000005,3.83881,1.5,1.5
05.08.2021 00:05:23.547,3.84267,3.8386199999999997,1.5,1.5
05.08.2021 00:05:24.143,3.84257,3.8386199999999997,1.5,1.5
05.08.2021 00:05:30.264,3.84241,3.8386199999999997,1,1.5
05.08.2021 00:05:30.854,3.8421600000000002,3.8383900000000004,1,1.5
05.08.2021 00:05:32.032,3.84211,3.8383900000000004,1,1.5
05.08.2021 00:05:47.758,3.8422500000000004,3.8383900000000004,1,1.5
05.08.2021 00:05:47.910,3.8422500000000004,3.8383900000000004,1,1.5
05.08.2021 00:06:02.795,3.84215,3.8381300000000005,1,1.5
05.08.2021 00:06:02.998,3.8418300000000003,3.8381400000000006,1,1.5
05.08.2021 00:06:04.036,3.84166,3.8381300000000005,1,1.5
05.08.2021 00:06:39.228,3.8417900000000005,3.8381300000000005,1,1.5
05.08.2021 00:06:39.432,3.84165,3.8381300000000005,1,1.5
05.08.2021 00:08:15.994,3.8416699999999997,3.8381300000000005,1,1.5
05.08.2021 00:08:17.378,3.8416699999999997,3.8381300000000005,1,1.5
05.08.2021 00:09:22.386,3.8416,3.8381400000000006,1,1.5
05.08.2021 00:09:23.031,3.8415000000000004,3.8381300000000005,1,1.5
05.08.2021 00:09:23.386,3.8414900000000003,3.8381400000000006,1,1.5
05.08.2021 00:09:26.175,3.84174,3.8381300000000005,1,1.5
05.08.2021 00:09:35.567,3.84181,3.8381300000000005,1,1.5
05.08.2021 00:09:36.498,3.8420800000000006,3.8381300000000005,1.5,1.5
05.08.2021 00:09:37.116,3.84185,3.8381300000000005,1,1.5
05.08.2021 00:10:08.647,3.8417800000000004,3.8381300000000005,1,1.5
05.08.2021 00:10:08.860,3.84161,3.8381300000000005,1,1.5
05.08.2021 00:10:16.272,3.84161,3.8381300000000005,1,1.5
05.08.2021 00:10:25.306,3.84161,3.8381300000000005,1,1.5
05.08.2021 00:10:32.949,3.84161,3.8381300000000005,1,1.5
05.08.2021 00:10:40.344,3.84161,3.8381300000000005,1,1.5
05.08.2021 00:10:40.546,3.8416,3.8381400000000006,1,1.5
05.08.2021 00:10:42.953,3.84161,3.8381300000000005,1,1.5
05.08.2021 00:10:46.290,3.84176,3.8381300000000005,1,1.5
05.08.2021 00:11:00.970,3.84175,3.8381400000000006,1,1.5
05.08.2021 00:11:25.514,3.84146,3.8381300000000005,1,1.5
05.08.2021 00:11:59.919,3.8416800000000006,3.8381300000000005,1,1.5
05.08.2021 00:12:23.447,3.8416699999999997,3.8381400000000006,1,1.5
05.08.2021 00:12:23.649,3.8416800000000006,3.8381300000000005,1,1.5
05.08.2021 00:12:23.874,3.8416800000000006,3.8381300000000005,1,1.5
05.08.2021 00:12:23.975,3.8418800000000006,3.8381300000000005,1.5,1.5
05.08.2021 00:12:24.170,3.84176,3.8381300000000005,1,1.5
05.08.2021 00:12:30.280,3.84176,3.8381300000000005,1,1.5
05.08.2021 00:12:30.481,3.8420300000000003,3.8381300000000005,1.5,1.5
05.08.2021 00:13:38.499,3.8418300000000003,3.8381300000000005,1,1.5
05.08.2021 00:13:47.975,3.84182,3.8381400000000006,1,1.5
05.08.2021 00:14:05.508,3.8417800000000004,3.8381300000000005,1,1.5
05.08.2021 00:14:05.699,3.8416400000000004,3.8381300000000005,1,1.5
05.08.2021 00:14:05.937,3.84151,3.8381300000000005,1,1.5
05.08.2021 00:14:11.096,3.84166,3.8381300000000005,1,1.5
05.08.2021 00:14:11.297,3.84151,3.8381400000000006,1,1.5
05.08.2021 00:14:14.096,3.8416699999999997,3.8381300000000005,1,1.5
05.08.2021 00:14:14.297,3.84152,3.8381300000000005,1,1.5
05.08.2021 00:14:23.098,3.8416699999999997,3.8381300000000005,1,1.5
05.08.2021 00:14:23.298,3.84154,3.8381300000000005,1,1.5
05.08.2021 00:14:29.311,3.8416,3.8381300000000005,1,1.5
05.08.2021 00:14:31.235,3.8416,3.8381300000000005,1,1.5
05.08.2021 00:14:55.870,3.8415300000000006,3.8381300000000005,1,1.5
05.08.2021 00:14:56.027,3.8415300000000006,3.8381300000000005,1,1.5
05.08.2021 00:14:58.787,3.8415300000000006,3.8381300000000005,1,1.5
05.08.2021 00:15:00.544,3.8414699999999997,3.83791,1.5,1.5
05.08.2021 00:15:01.001,3.8414800000000007,3.8379000000000003,1.5,1.5
05.08.2021 00:15:11.446,3.8414800000000007,3.8379000000000003,1.5,1.5
05.08.2021 00:16:18.659,3.8417800000000004,3.8379000000000003,1.5,1.5
05.08.2021 00:17:36.635,3.8415300000000006,3.8381000000000003,1,1.5
05.08.2021 00:17:41.363,3.8415300000000006,3.8381000000000003,1,1.5
05.08.2021 00:17:47.443,3.8415300000000006,3.8381000000000003,1,1.5
05.08.2021 00:17:49.293,3.8415300000000006,3.8381000000000003,1,1.5
05.08.2021 00:17:51.110,3.8418,3.8381000000000003,1,1.5
05.08.2021 00:19:08.352,3.84326,3.8381000000000003,1.5,1.5
05.08.2021 00:19:08.587,3.84196,3.8381000000000003,1,1.5
05.08.2021 00:19:22.083,3.8418900000000002,3.8381000000000003,1,1.5
05.08.2021 00:19:24.473,3.8418900000000002,3.8381000000000003,1,1.5
05.08.2021 00:19:57.559,3.8418300000000003,3.8381000000000003,1,1.5
05.08.2021 00:19:57.760,3.84177,3.83811,1.5,1.5
05.08.2021 00:20:11.610,3.8414800000000007,3.8381000000000003,1.5,1.5
05.08.2021 00:20:11.810,3.8414699999999997,3.83791,1.5,1.5
05.08.2021 00:20:25.366,3.8414800000000007,3.8379000000000003,1.5,1.5
05.08.2021 00:20:53.079,3.8414800000000007,3.83807,1.5,1.5
05.08.2021 00:21:23.683,3.8417800000000004,3.8383300000000005,1.5,1.5
05.08.2021 00:21:23.879,3.84177,3.8383400000000005,1.5,1.5
05.08.2021 00:21:24.079,3.8417800000000004,3.8383300000000005,1.5,1.5
05.08.2021 00:21:24.385,3.84177,3.8383400000000005,1.5,1.5
05.08.2021 00:21:32.767,3.84212,3.8385900000000004,1,1.5
05.08.2021 00:21:34.631,3.84196,3.8386,1,1.5
05.08.2021 00:21:35.640,3.8420800000000006,3.8385900000000004,1.5,1.5
05.08.2021 00:22:08.912,3.84207,3.8386,1.5,1.5
05.08.2021 00:22:09.013,3.84221,3.8386,1.62,1.5
05.08.2021 00:22:09.438,3.8422199999999997,3.8385900000000004,1,1.5
05.08.2021 00:22:12.647,3.84221,3.8386,1.62,1.5
05.08.2021 00:22:12.848,3.84221,3.8386,1.62,1.5
05.08.2021 00:22:13.049,3.8421000000000003,3.8386,1,1.5
05.08.2021 00:22:18.979,3.8420800000000006,3.8385900000000004,1.5,1.5
05.08.2021 00:22:19.160,3.8420800000000006,3.8385900000000004,1.5,1.5
05.08.2021 00:22:20.245,3.84207,3.8386,1.5,1.5
05.08.2021 00:22:21.779,3.84207,3.8386,1.5,1.5
05.08.2021 00:22:24.365,3.8420800000000006,3.8385900000000004,1.5,1.5
05.08.2021 00:22:25.678,3.8420800000000006,3.8385900000000004,1.5,1.5
05.08.2021 00:22:27.946,3.8420800000000006,3.8385900000000004,1.5,1.5
05.08.2021 00:22:34.294,3.8420800000000006,3.8385900000000004,1.5,1.5
05.08.2021 00:22:34.713,3.8420800000000006,3.8385900000000004,1.5,1.5
05.08.2021 00:22:35.301,3.84207,3.8386,1.5,1.5
05.08.2021 00:22:35.602,3.8420800000000006,3.8385900000000004,1.5,1.5
05.08.2021 00:23:00.328,3.8420800000000006,3.8385900000000004,1.5,1.5
05.08.2021 00:23:20.887,3.8420800000000006,3.8385900000000004,1.5,1.5
05.08.2021 00:23:21.410,3.8420800000000006,3.8385900000000004,1.5,1.5
05.08.2021 00:23:22.822,3.8420800000000006,3.8385900000000004,1.5,1.5
05.08.2021 00:23:23.546,3.8420800000000006,3.8385900000000004,1.5,1.5
05.08.2021 00:23:23.747,3.8420800000000006,3.8385900000000004,1.5,1.5
05.08.2021 00:23:39.917,3.84207,3.8386,1.5,1.5
05.08.2021 00:23:50.782,3.8420800000000006,3.8385900000000004,1.5,1.5
05.08.2021 00:24:21.913,3.8420800000000006,3.8385900000000004,1.5,1.5
05.08.2021 00:24:24.948,3.84207,3.8386,1.5,1.5
05.08.2021 00:24:32.183,3.8420800000000006,3.83836,1.5,1.5
05.08.2021 00:24:38.029,3.8420800000000006,3.83836,1.5,1.5
05.08.2021 00:25:03.421,3.8420800000000006,3.83836,1.5,1.5
05.08.2021 00:25:14.770,3.84207,3.83837,1.5,1.5
05.08.2021 00:26:05.713,3.8418699999999997,3.83827,1,1.5
05.08.2021 00:26:05.870,3.84207,3.8382800000000006,1.5,1.5
05.08.2021 00:26:21.130,3.8420800000000006,3.83827,1.5,1.5
05.08.2021 00:26:54.595,3.8420800000000006,3.83827,1.5,1.5
05.08.2021 00:27:03.715,3.8423800000000004,3.83846,1.5,1.5
05.08.2021 00:27:15.687,3.84237,3.83847,1.5,1.5
05.08.2021 00:27:28.113,3.84237,3.83847,1.5,1.5
05.08.2021 00:27:31.960,3.8421300000000005,3.83846,1.5,1.5
05.08.2021 00:27:54.295,3.8420800000000006,3.83846,1.5,1.5
05.08.2021 00:27:54.448,3.8420800000000006,3.83846,1.5,1.5
05.08.2021 00:28:06.884,3.8420800000000006,3.83846,1.5,1.5
05.08.2021 00:28:08.953,3.84207,3.83847,1.5,1.5
05.08.2021 00:28:39.866,3.84207,3.83847,1.5,1.5
05.08.2021 00:28:43.420,3.8420800000000006,3.83846,1.5,1.5
05.08.2021 00:29:02.265,3.8420800000000006,3.83846,1.5,1.5
05.08.2021 00:29:02.761,3.84207,3.83847,1.5,1.5
05.08.2021 00:29:02.963,3.8420800000000006,3.83846,1.5,1.5
05.08.2021 00:29:33.732,3.8420800000000006,3.83846,1.5,1.5
05.08.2021 00:29:34.145,3.8420800000000006,3.83846,1.5,1.5
05.08.2021 00:29:43.380,3.8423800000000004,3.83846,1.5,1.5
05.08.2021 00:30:01.099,3.8423800000000004,3.83846,1.5,1.5
05.08.2021 00:30:02.761,3.8422199999999997,3.83846,1.62,1.5
05.08.2021 00:30:03.016,3.8422199999999997,3.83846,1.62,1.5
05.08.2021 00:30:17.647,3.8421300000000005,3.83846,1.5,1.5
05.08.2021 00:30:45.238,3.84237,3.83847,1.5,1.62
05.08.2021 00:30:45.480,3.8426300000000007,3.83869,1,1.5
05.08.2021 00:30:52.709,3.84247,3.8387000000000002,1,1.5
05.08.2021 00:31:09.778,3.8423800000000004,3.83869,1.5,1.5
05.08.2021 00:31:10.128,3.84237,3.8387000000000002,1.5,1.5
05.08.2021 00:31:21.086,3.8423800000000004,3.83869,1.5,1.5
05.08.2021 00:31:31.112,3.8423800000000004,3.83869,1.5,1.5
05.08.2021 00:31:33.946,3.8424300000000007,3.83869,1.5,1.62
05.08.2021 00:31:36.836,3.8423800000000004,3.83869,1.5,1.5
05.08.2021 00:31:37.041,3.8426800000000005,3.83877,1.5,1
05.08.2021 00:31:38.289,3.8423800000000004,3.83869,1.5,1.5
05.08.2021 00:31:41.952,3.8423800000000004,3.83869,1.5,1.5
05.08.2021 00:31:43.846,3.8424300000000007,3.83869,1.5,1.5
05.08.2021 00:31:44.047,3.8424300000000007,3.83869,1.5,1.5
05.08.2021 00:31:45.031,3.8426800000000005,3.83891,1.5,1.5
05.08.2021 00:31:50.478,3.84267,3.83892,1.5,1.5
05.08.2021 00:31:51.183,3.8426800000000005,3.83891,1.5,1.5
05.08.2021 00:31:58.692,3.84272,3.83891,1,1.5
05.08.2021 00:31:58.877,3.8428,3.83891,1,1.5
05.08.2021 00:31:59.558,3.8427900000000004,3.83892,1,1.5
05.08.2021 00:31:59.956,3.8427900000000004,3.83892,1,1.5
05.08.2021 00:32:00.158,3.84271,3.83892,1,1.5
05.08.2021 00:32:02.121,3.84287,3.83891,1,1.5
05.08.2021 00:32:02.321,3.84269,3.83891,1,1.5
05.08.2021 00:32:05.418,3.8426800000000005,3.83892,1,1.5
05.08.2021 00:32:12.307,3.8426800000000005,3.83892,1,1.5
05.08.2021 00:32:20.825,3.8428199999999997,3.83891,1,1.5
05.08.2021 00:32:21.027,3.84266,3.83892,1,1.5
05.08.2021 00:32:24.208,3.8428800000000005,3.83891,1.5,1.5
05.08.2021 00:32:24.364,3.84269,3.83892,1,1.5
05.08.2021 00:32:31.425,3.84281,3.83892,1,1.5
05.08.2021 00:32:31.581,3.84269,3.83891,1,1.5
05.08.2021 00:32:44.405,3.8426800000000005,3.83892,1,1.5
05.08.2021 00:32:44.605,3.84269,3.83891,1,1.5
05.08.2021 00:32:45.363,3.8426800000000005,3.83892,1,1.5
05.08.2021 00:32:45.501,3.84269,3.83891,1,1.5
05.08.2021 00:32:52.538,3.8426500000000003,3.83891,1,1.5
05.08.2021 00:33:11.669,3.84251,3.83891,1,1.5
05.08.2021 00:33:21.350,3.84251,3.83891,1,1.5
05.08.2021 00:33:46.227,3.8426800000000005,3.83891,1.5,1.5
05.08.2021 00:33:46.427,3.84251,3.83891,1,1.5
05.08.2021 00:33:46.685,3.84266,3.83891,1,1.5
05.08.2021 00:33:46.887,3.8424400000000003,3.83892,1,1.5
05.08.2021 00:33:47.108,3.8425900000000004,3.83892,1,1.5
05.08.2021 00:33:47.745,3.84266,3.83891,1,1.5
05.08.2021 00:33:47.982,3.8425300000000004,3.83891,1,1.5
05.08.2021 00:33:48.381,3.8425300000000004,3.83891,1,1.5
05.08.2021 00:33:48.582,3.8426800000000005,3.83891,1,1.5
05.08.2021 00:33:48.748,3.8425300000000004,3.83891,1,1.5
05.08.2021 00:33:48.984,3.8426800000000005,3.83891,1,1.5
05.08.2021 00:33:49.185,3.8425300000000004,3.83891,1,1.5
05.08.2021 00:33:49.385,3.8426800000000005,3.83891,1,1.5
05.08.2021 00:33:49.586,3.84252,3.83892,1,1.5
05.08.2021 00:33:49.786,3.8426800000000005,3.83891,1,1.5
05.08.2021 00:33:49.987,3.8425300000000004,3.83891,1,1.5
05.08.2021 00:33:50.188,3.8426800000000005,3.83891,1,1.5
05.08.2021 00:33:50.388,3.8425300000000004,3.83891,1,1.5
05.08.2021 00:33:50.589,3.8426800000000005,3.83891,1,1.5
05.08.2021 00:33:50.789,3.8425300000000004,3.83891,1,1.5
05.08.2021 00:33:50.950,3.84252,3.83892,1,1.5
05.08.2021 00:33:51.192,3.8425300000000004,3.83891,1,1.5
05.08.2021 00:33:51.392,3.8426800000000005,3.83891,1,1.5
05.08.2021 00:33:51.686,3.8425300000000004,3.83891,1,1.5
05.08.2021 00:33:51.888,3.8426800000000005,3.83891,1,1.5
05.08.2021 00:33:51.989,3.84252,3.83892,1,1.5
05.08.2021 00:33:52.195,3.8426800000000005,3.83891,1,1.5
05.08.2021 00:33:52.397,3.8425300000000004,3.83891,1,1.5
05.08.2021 00:33:52.597,3.8426800000000005,3.83891,1,1.5
05.08.2021 00:33:52.797,3.8425300000000004,3.83891,1,1.5
05.08.2021 00:33:53.148,3.84267,3.83892,1,1.5
05.08.2021 00:33:53.327,3.8425800000000003,3.83891,1,1.5
05.08.2021 00:33:53.529,3.8427300000000004,3.83891,1,1.5
05.08.2021 00:33:53.731,3.84255,3.83891,1,1.5
05.08.2021 00:33:53.932,3.8427000000000002,3.83891,1,1.5
05.08.2021 00:33:54.134,3.8425400000000005,3.83892,1,1.5
05.08.2021 00:33:54.335,3.84269,3.83892,1,1.5
05.08.2021 00:33:54.537,3.84255,3.83891,1,1.5
05.08.2021 00:33:54.739,3.84269,3.83892,1,1.5
05.08.2021 00:33:54.941,3.84255,3.83891,1,1.5
05.08.2021 00:33:55.143,3.8427000000000002,3.83891,1,1.5
05.08.2021 00:33:55.347,3.8425400000000005,3.83892,1,1.5
05.08.2021 00:33:55.545,3.8427000000000002,3.83891,1,1.5
05.08.2021 00:33:55.809,3.8427000000000002,3.83891,1,1.5
05.08.2021 00:33:56.349,3.84269,3.83892,1,1.5
05.08.2021 00:33:56.486,3.84255,3.83891,1,1.5
05.08.2021 00:33:56.691,3.84269,3.83892,1,1.5
05.08.2021 00:33:56.935,3.8425400000000005,3.83891,1,1.5
05.08.2021 00:33:57.094,3.84269,3.83891,1,1.5
05.08.2021 00:33:57.297,3.84252,3.83891,1,1.5
05.08.2021 00:33:57.407,3.84267,3.83891,1,1.5
05.08.2021 00:33:57.620,3.84252,3.83891,1,1.5
05.08.2021 00:33:57.819,3.84266,3.83892,1,1.5
05.08.2021 00:33:58.020,3.84252,3.83891,1,1.5
05.08.2021 00:33:58.220,3.84266,3.83892,1,1.5
05.08.2021 00:33:58.421,3.84252,3.83891,1,1.5
05.08.2021 00:33:58.621,3.84266,3.83892,1,1.5
05.08.2021 00:33:58.821,3.84251,3.83892,1,1.5
05.08.2021 00:33:59.016,3.84267,3.83891,1,1.5
05.08.2021 00:33:59.224,3.84251,3.83892,1,1.5
05.08.2021 00:33:59.425,3.84267,3.83891,1,1.5
05.08.2021 00:33:59.626,3.84252,3.83891,1,1.5
05.08.2021 00:33:59.826,3.84267,3.83891,1,1.5
05.08.2021 00:34:00.027,3.84252,3.83891,1,1.5
05.08.2021 00:34:00.227,3.84266,3.83892,1,1.5
05.08.2021 00:34:00.427,3.84252,3.83891,1,1.5
05.08.2021 00:34:00.627,3.84267,3.83891,1,1.5
05.08.2021 00:34:00.828,3.84252,3.83891,1,1.5
05.08.2021 00:34:01.012,3.84251,3.83892,1,1.5
05.08.2021 00:34:01.216,3.84252,3.83891,1,1.5
05.08.2021 00:34:01.430,3.84267,3.83891,1,1.5
05.08.2021 00:34:01.696,3.84252,3.83891,1,1.5
05.08.2021 00:34:01.896,3.84267,3.83891,1,1.5
05.08.2021 00:34:02.096,3.84252,3.83891,1,1.5
05.08.2021 00:34:02.297,3.84267,3.83891,1,1.5
05.08.2021 00:34:02.497,3.84252,3.83891,1,1.5
05.08.2021 00:34:02.705,3.8427300000000004,3.83891,1,1.5
05.08.2021 00:34:02.902,3.8425300000000004,3.83892,1,1.5
05.08.2021 00:34:03.103,3.84269,3.83891,1,1.5
05.08.2021 00:34:03.304,3.8425300000000004,3.83892,1,1.5
05.08.2021 00:34:24.643,3.8427800000000003,3.83891,1.5,1.5
05.08.2021 00:34:54.372,3.8425800000000003,3.83892,1,1.5
05.08.2021 00:34:54.589,3.84261,3.83892,1,1.5
05.08.2021 00:34:54.793,3.8426199999999997,3.83891,1,1.5
05.08.2021 00:34:54.993,3.8426199999999997,3.83891,1,1.5
05.08.2021 00:35:08.952,3.84261,3.83892,1,1.5
05.08.2021 00:35:09.776,3.8426199999999997,3.83891,1,1.5
05.08.2021 00:35:50.489,3.8426199999999997,3.83891,1,1.5
05.08.2021 00:35:50.688,3.8426199999999997,3.83891,1,1.5
05.08.2021 00:35:51.248,3.84277,3.83902,1,1.5
05.08.2021 00:35:59.446,3.84276,3.8390300000000006,1,1.5
05.08.2021 00:36:08.820,3.84277,3.83902,1,1.5
05.08.2021 00:36:13.010,3.84266,3.83902,1,1.5
05.08.2021 00:36:13.860,3.8428,3.8390300000000006,1,1.5
05.08.2021 00:36:18.415,3.84276,3.83902,1,1.5
05.08.2021 00:36:18.574,3.84276,3.83902,1,1.5
05.08.2021 00:36:25.730,3.84276,3.83902,1,1.5
05.08.2021 00:36:25.953,3.84276,3.83902,1,1.5
05.08.2021 00:36:27.910,3.8426500000000003,3.83902,1,1.5
05.08.2021 00:36:28.111,3.8427900000000004,3.8390300000000006,1,1.5
05.08.2021 00:36:39.649,3.8427900000000004,3.8390300000000006,1,1.5
05.08.2021 00:36:44.962,3.84292,3.83902,1,1.5
05.08.2021 00:36:45.114,3.84292,3.83902,1,1.5
05.08.2021 00:37:05.527,3.8430400000000002,3.83916,1,1.5
05.08.2021 00:37:05.889,3.8429,3.83915,1,1.5
05.08.2021 00:37:42.212,3.8429,3.8390500000000003,1,1.5
05.08.2021 00:37:48.443,3.84289,3.83906,1,1.5
05.08.2021 00:38:14.172,3.8429,3.8390500000000003,1,1.5
05.08.2021 00:38:14.412,3.8429,3.8390500000000003,1,1.5
05.08.2021 00:38:19.948,3.84289,3.83906,1,1.5
05.08.2021 00:38:26.105,3.8430300000000006,3.8390800000000005,1,1
05.08.2021 00:38:27.256,3.84291,3.83906,1,1.5
05.08.2021 00:38:28.142,3.84292,3.8390500000000003,1,1.5
05.08.2021 00:38:32.215,3.84307,3.83907,1,1
05.08.2021 00:38:32.417,3.84306,3.8390800000000005,1,1
05.08.2021 00:38:34.115,3.84316,3.8392800000000005,1,1
05.08.2021 00:38:34.316,3.84312,3.83912,1,1
05.08.2021 00:38:36.100,3.84312,3.8393100000000002,1,1.5
05.08.2021 00:39:04.972,3.84326,3.8394500000000003,1,1.5
05.08.2021 00:39:11.627,3.8431699999999998,3.83946,1,1.5
05.08.2021 00:39:14.422,3.8431800000000003,3.8394500000000003,1,1.5
05.08.2021 00:39:14.744,3.8431699999999998,3.83946,1,1.5
05.08.2021 00:39:26.868,3.8431699999999998,3.83946,1,1.5
05.08.2021 00:39:48.406,3.8431800000000003,3.8394500000000003,1,1.5
05.08.2021 00:39:50.517,3.8431800000000003,3.8394500000000003,1,1.5
05.08.2021 00:40:09.149,3.8431400000000004,3.8394500000000003,1,1.5
05.08.2021 00:40:59.225,3.8432500000000003,3.83946,1,1.5
05.08.2021 00:40:59.428,3.8432500000000003,3.83946,1,1.5
05.08.2021 00:41:05.195,3.8433100000000002,3.83936,1.62,1.5
05.08.2021 00:41:05.395,3.8431400000000004,3.83936,1,1.5
05.08.2021 00:41:15.925,3.84315,3.83935,1,1.5
05.08.2021 00:41:16.126,3.84315,3.83935,1,1.5
05.08.2021 00:41:16.326,3.8431400000000004,3.83936,1,1.5
05.08.2021 00:41:31.842,3.8431400000000004,3.83936,1,1.5
05.08.2021 00:41:55.396,3.8430800000000005,3.83935,1,1.5
05.08.2021 00:41:55.554,3.8430800000000005,3.83935,1,1.5
05.08.2021 00:42:12.795,3.8430500000000003,3.83935,1,1.5
05.08.2021 00:42:12.953,3.8430500000000003,3.83935,1,1.5
05.08.2021 00:42:13.405,3.8432000000000004,3.83935,1,1.5
05.08.2021 00:42:13.603,3.84307,3.83935,1,1.5
05.08.2021 00:42:13.804,3.84322,3.83935,1,1.5
05.08.2021 00:42:14.006,3.84307,3.83935,1,1.5
05.08.2021 00:42:14.209,3.84322,3.83935,1,1.5
05.08.2021 00:42:14.409,3.84307,3.83935,1,1.5
05.08.2021 00:42:14.767,3.84322,3.83935,1,1.5
05.08.2021 00:42:15.015,3.84306,3.83936,1,1.5
05.08.2021 00:42:15.215,3.84322,3.83935,1,1.5
05.08.2021 00:42:15.417,3.8432300000000006,3.8391900000000003,1,1.5
05.08.2021 00:42:15.685,3.8432900000000005,3.8392900000000005,1,1
05.08.2021 00:42:15.843,3.8430800000000005,3.8391800000000003,1,1.5
05.08.2021 00:42:16.044,3.8432300000000006,3.8391800000000003,1,1.5
05.08.2021 00:42:16.244,3.84306,3.8391800000000003,1,1.5
05.08.2021 00:42:32.143,3.8430500000000003,3.8391900000000003,1,1.5
05.08.2021 00:42:42.353,3.8429300000000004,3.8391900000000003,1,1.5
05.08.2021 00:42:42.755,3.8429300000000004,3.8391900000000003,1,1.5
05.08.2021 00:42:44.479,3.8429300000000004,3.8391900000000003,1,1.5
05.08.2021 00:43:08.260,3.84287,3.8391800000000003,1,1.5
05.08.2021 00:43:08.519,3.84287,3.8391800000000003,1,1.5
05.08.2021 00:43:15.944,3.84286,3.8391900000000003,1,1.5
05.08.2021 00:43:20.577,3.84286,3.8391900000000003,1,1.5
05.08.2021 00:43:21.965,3.84287,3.8391800000000003,1,1.5
05.08.2021 00:43:30.239,3.84287,3.8391800000000003,1,1.5
05.08.2021 00:43:43.209,3.84276,3.83896,1,1.5
05.08.2021 00:43:43.411,3.8429,3.83895,1,1.5
05.08.2021 00:43:43.614,3.8427300000000004,3.83896,1,1.5
05.08.2021 00:44:00.305,3.8427400000000005,3.83895,1,1.5
05.08.2021 00:44:02.947,3.8427300000000004,3.83896,1,1.5
05.08.2021 00:44:03.359,3.8427400000000005,3.83895,1,1.5
05.08.2021 00:44:11.491,3.8427300000000004,3.83895,1,1.5
05.08.2021 00:44:11.701,3.84272,3.83896,1,1.5
05.08.2021 00:44:11.994,3.8427300000000004,3.83895,1,1.5
05.08.2021 00:44:23.647,3.84272,3.83896,1,1.5
05.08.2021 00:44:25.482,3.84271,3.83896,1,1.5
05.08.2021 00:44:25.686,3.8426500000000003,3.83896,1,1.5
05.08.2021 00:44:29.016,3.8426500000000003,3.83896,1,1.5
05.08.2021 00:44:30.637,3.84266,3.83895,1,1.5
05.08.2021 00:44:43.656,3.84266,3.83895,1,1.5
05.08.2021 00:44:44.083,3.84266,3.83895,1,1.5
05.08.2021 00:44:44.272,3.84271,3.83896,1,1.5
05.08.2021 00:44:44.660,3.84272,3.83895,1,1.5
05.08.2021 00:44:50.764,3.84272,3.83895,1,1.5
05.08.2021 00:45:00.422,3.84272,3.83895,1,1.5
05.08.2021 00:45:00.603,3.84272,3.83895,1,1.5
05.08.2021 00:45:25.184,3.84271,3.83896,1,1.5
05.08.2021 00:45:33.681,3.84272,3.83895,1,1.5
05.08.2021 00:45:34.108,3.84272,3.83895,1,1.5
05.08.2021 00:45:43.151,3.8426500000000003,3.83895,1,1.5
05.08.2021 00:45:49.691,3.8424800000000006,3.8387400000000005,1,1.5
05.08.2021 00:45:49.873,3.8424800000000006,3.8387400000000005,1,1.5
05.08.2021 00:45:55.374,3.84249,3.8387300000000004,1,1.5
05.08.2021 00:45:59.856,3.84249,3.8387300000000004,1,1.5
05.08.2021 00:46:00.059,3.84249,3.8387300000000004,1,1.5
05.08.2021 00:46:03.111,3.8424800000000006,3.8387400000000005,1,1.5
05.08.2021 00:46:03.313,3.8425400000000005,3.8387400000000005,1,1.5
05.08.2021 00:46:03.515,3.84241,3.8387300000000004,1,1.5
05.08.2021 00:46:04.761,3.8424,3.8387300000000004,1,1.5
05.08.2021 00:46:04.943,3.8424,3.8387300000000004,1,1.5
05.08.2021 00:46:05.477,3.8423900000000004,3.8387400000000005,1,1.5
05.08.2021 00:46:09.525,3.8424,3.8387300000000004,1,1.5
05.08.2021 00:46:09.938,3.84241,3.8387300000000004,1,1.5
05.08.2021 00:46:10.097,3.84241,3.8387300000000004,1,1.5
05.08.2021 00:46:12.900,3.84256,3.8387300000000004,1,1.5
05.08.2021 00:46:13.083,3.8423900000000004,3.8387400000000005,1,1.5
05.08.2021 00:46:14.426,3.8424,3.8387300000000004,1,1.5
05.08.2021 00:46:15.223,3.84267,3.8387400000000005,1.5,1.5
05.08.2021 00:46:26.413,3.8426800000000005,3.8387300000000004,1.5,1.5
05.08.2021 00:46:30.775,3.8426800000000005,3.8387300000000004,1.5,1.5
05.08.2021 00:46:34.302,3.8426800000000005,3.8387300000000004,1.5,1.5
05.08.2021 00:46:34.820,3.8426800000000005,3.8387300000000004,1.5,1.5
05.08.2021 00:46:56.620,3.84267,3.8387400000000005,1.5,1.5
05.08.2021 00:46:56.819,3.8425800000000003,3.8387300000000004,1.5,1.5
05.08.2021 00:46:57.629,3.8423800000000004,3.83852,1.5,1.5
05.08.2021 00:47:02.299,3.8422500000000004,3.8384800000000006,1,1.5
05.08.2021 00:47:02.876,3.84241,3.83847,1,1.5
05.08.2021 00:47:03.237,3.8422400000000003,3.83847,1,1.5
05.08.2021 00:47:08.027,3.8423800000000004,3.8384800000000006,1,1.5
05.08.2021 00:47:08.230,3.84227,3.83847,1,1.5
05.08.2021 00:47:12.439,3.8424199999999997,3.83847,1,1.5
05.08.2021 00:47:12.643,3.84229,3.83847,1,1.5
05.08.2021 00:47:21.732,3.8424300000000007,3.83872,1,1.5
05.08.2021 00:47:32.869,3.8424400000000003,3.83871,1,1.5
05.08.2021 00:47:33.282,3.8424400000000003,3.83871,1,1.5
05.08.2021 00:47:34.222,3.84226,3.83872,1,1.5
05.08.2021 00:47:50.490,3.84227,3.83871,1,1.5
05.08.2021 00:47:59.536,3.84232,3.83871,1,1.5
05.08.2021 00:48:00.426,3.84231,3.83872,1,1.5
05.08.2021 00:48:18.086,3.84232,3.83871,1,1.5
05.08.2021 00:48:21.291,3.84232,3.83871,1,1.5
05.08.2021 00:48:22.352,3.84232,3.83871,1,1.5
05.08.2021 00:48:22.554,3.84231,3.8387000000000002,1,1.5
05.08.2021 00:49:55.473,3.84214,3.83855,1,1.5
05.08.2021 00:50:06.967,3.8420800000000006,3.8384300000000007,1.5,1.5
05.08.2021 00:50:23.516,3.84196,3.8384400000000003,1,1.5
05.08.2021 00:50:39.688,3.8420800000000006,3.8384300000000007,1.5,1.5
05.08.2021 00:50:48.267,3.84207,3.8384400000000003,1.5,1.5
05.08.2021 00:51:01.227,3.8420800000000006,3.8384300000000007,1.5,1.5
05.08.2021 00:51:10.849,3.8420800000000006,3.8384300000000007,1.5,1.5
05.08.2021 00:51:19.949,3.84237,3.8384400000000003,1.5,1.5
05.08.2021 00:51:23.279,3.8423800000000004,3.8384300000000007,1.5,1.5
05.08.2021 00:51:23.851,3.8423800000000004,3.8385900000000004,1.5,1.5
05.08.2021 00:51:23.952,3.84237,3.8386300000000007,1.5,1.5
05.08.2021 00:51:24.041,3.84237,3.8386300000000007,1.5,1.5
05.08.2021 00:51:24.409,3.84237,3.8386300000000007,1.5,1.5
05.08.2021 00:51:24.802,3.8423800000000004,3.8386199999999997,1.5,1.5
05.08.2021 00:51:25.132,3.8423800000000004,3.8388500000000003,1.5,1.5
05.08.2021 00:51:42.222,3.84267,3.83886,1.5,1.5
05.08.2021 00:51:42.382,3.84267,3.83886,1.5,1.5
05.08.2021 00:51:42.582,3.84267,3.83886,1.5,1.5
05.08.2021 00:51:43.543,3.8426800000000005,3.8388500000000003,1.5,1.5
05.08.2021 00:51:43.744,3.8426800000000005,3.8388500000000003,1.5,1.5
05.08.2021 00:51:47.852,3.84266,3.8390400000000002,1,1.5
05.08.2021 00:51:48.054,3.84295,3.8390400000000002,1,1.5
05.08.2021 00:51:48.232,3.8427900000000004,3.8390400000000002,1,1.5
05.08.2021 00:51:51.301,3.8427900000000004,3.8390400000000002,1,1.5
05.08.2021 00:51:55.504,3.8428800000000005,3.8392800000000005,1,1.5
05.08.2021 00:51:58.716,3.84289,3.83927,1,1.5
05.08.2021 00:52:00.833,3.84289,3.83927,1,1.5
05.08.2021 00:52:01.275,3.84286,3.83927,1,1.5
05.08.2021 00:52:01.475,3.8428,3.83927,1,1.5
05.08.2021 00:52:01.825,3.8428,3.83927,1,1.5
05.08.2021 00:52:02.073,3.84291,3.83927,1,1.5
05.08.2021 00:52:06.052,3.84291,3.83927,1,1.5
05.08.2021 00:52:07.136,3.8429,3.8392800000000005,1,1.5
05.08.2021 00:52:14.449,3.84291,3.83927,1,1.5
05.08.2021 00:52:15.652,3.84291,3.83927,1,1.5
05.08.2021 00:52:15.863,3.8427800000000003,3.83927,1,1.5
05.08.2021 00:52:18.129,3.84277,3.8392800000000005,1,1.5
05.08.2021 00:52:18.381,3.8428500000000003,3.8392800000000005,1,1.5
05.08.2021 00:52:22.495,3.84286,3.83927,1,1.5
05.08.2021 00:52:24.364,3.84286,3.83927,1,1.5
05.08.2021 00:52:24.909,3.84286,3.83927,1,1.5
05.08.2021 00:52:25.920,3.8428500000000003,3.8392800000000005,1,1.5
05.08.2021 00:52:28.341,3.84295,3.8392800000000005,1,1.5
05.08.2021 00:52:28.535,3.8429400000000005,3.83927,1,1.5
05.08.2021 00:52:29.423,3.84315,3.83927,1,1.5
05.08.2021 00:52:37.337,3.8432800000000005,3.83927,1.5,1
05.08.2021 00:52:37.720,3.8432800000000005,3.83927,1.5,1
05.08.2021 00:52:38.417,3.8434800000000005,3.83927,1.5,1
05.08.2021 00:52:42.914,3.8434800000000005,3.83932,1.5,1
05.08.2021 00:53:00.912,3.84347,3.8393300000000004,1.5,1
05.08.2021 00:53:02.285,3.8434800000000005,3.83932,1.5,1
05.08.2021 00:53:05.974,3.84352,3.83932,1.5,1
05.08.2021 00:53:10.071,3.84352,3.83932,1.5,1
05.08.2021 00:53:13.615,3.84351,3.8393300000000004,1.5,1
05.08.2021 00:53:19.607,3.84352,3.83932,1.5,1
05.08.2021 00:53:26.425,3.84382,3.8393300000000004,1.5,1.5
05.08.2021 00:53:29.784,3.84372,3.83932,1.5,1.5
05.08.2021 00:53:30.411,3.84372,3.83932,1.5,1.5
05.08.2021 00:53:33.148,3.84371,3.8393300000000004,1.5,1.5
05.08.2021 00:53:34.660,3.84372,3.83932,1.5,1.5
05.08.2021 00:53:36.752,3.84372,3.83932,1.5,1.5
05.08.2021 00:53:37.607,3.84372,3.83932,1.5,1.5
05.08.2021 00:53:38.780,3.84372,3.83932,1.5,1.5
05.08.2021 00:53:39.056,3.84371,3.8394900000000005,1.5,1
05.08.2021 00:53:41.673,3.84371,3.8394900000000005,1.5,1
05.08.2021 00:53:46.942,3.84372,3.83947,1.5,1
05.08.2021 00:53:58.434,3.84371,3.8394800000000004,1.5,1
05.08.2021 00:53:58.838,3.84371,3.8394800000000004,1.5,1.5
05.08.2021 00:54:01.927,3.84382,3.83947,1.5,1
05.08.2021 00:54:03.161,3.84372,3.83947,1.5,1.5
05.08.2021 00:54:03.898,3.84372,3.83947,1.5,1
05.08.2021 00:54:04.493,3.84372,3.83947,1.5,1.5
05.08.2021 00:54:06.625,3.84372,3.83947,1.5,1
05.08.2021 00:54:07.161,3.84372,3.83947,1.5,1.5
05.08.2021 00:54:07.352,3.84372,3.83947,1.5,1.5
05.08.2021 00:54:07.516,3.84372,3.83947,1.5,1.5
05.08.2021 00:54:12.110,3.84372,3.83947,1.5,1
05.08.2021 00:54:12.519,3.84371,3.8394800000000004,1.5,1
05.08.2021 00:54:13.284,3.84371,3.8394800000000004,1.5,1
05.08.2021 00:54:13.578,3.84372,3.83947,1.5,1
05.08.2021 00:54:13.780,3.84371,3.8394800000000004,1.5,1.5
05.08.2021 00:54:25.910,3.84372,3.8397300000000003,1.5,1
05.08.2021 00:54:26.948,3.84372,3.8397300000000003,1.5,1
05.08.2021 00:54:29.182,3.84372,3.8397300000000003,1.5,1
05.08.2021 00:54:38.489,3.84382,3.8397300000000003,1.5,1
05.08.2021 00:54:40.189,3.84381,3.8397400000000004,1.5,1
05.08.2021 00:54:40.646,3.84381,3.8397400000000004,1.5,1
05.08.2021 00:54:44.349,3.8441199999999998,3.8397300000000003,1.5,1.5
05.08.2021 00:54:45.253,3.84422,3.83996,1.5,1
05.08.2021 00:54:51.163,3.84422,3.83996,1.5,1
05.08.2021 00:54:51.849,3.84431,3.83997,1.5,1.5
05.08.2021 00:54:52.086,3.8443199999999997,3.83996,1.5,1.5
05.08.2021 00:54:52.626,3.8443199999999997,3.83996,1.5,1.5
05.08.2021 00:54:52.826,3.8443199999999997,3.83996,1.5,1
05.08.2021 00:54:53.767,3.84421,3.83997,1.5,1
05.08.2021 00:54:53.969,3.84422,3.83996,1.5,1
05.08.2021 00:54:55.215,3.84421,3.83997,1.5,1
05.08.2021 00:54:55.634,3.84422,3.83996,1.5,1.5
05.08.2021 00:54:58.934,3.84421,3.83997,1.5,1
05.08.2021 00:54:59.085,3.84422,3.83986,1.5,1.5
05.08.2021 00:54:59.139,3.84422,3.83986,1.5,1
05.08.2021 00:54:59.836,3.84401,3.83987,1.5,1
05.08.2021 00:55:00.035,3.84422,3.83986,1.5,1.5
05.08.2021 00:55:00.236,3.84422,3.83986,1.5,1
05.08.2021 00:55:00.742,3.84401,3.83987,1.5,1
05.08.2021 00:55:00.920,3.84402,3.83986,1.5,1
05.08.2021 00:55:05.057,3.84392,3.83986,1.5,1
05.08.2021 00:55:05.259,3.84392,3.83986,1.5,1
05.08.2021 00:55:09.000,3.84392,3.83986,1.5,1
05.08.2021 00:55:09.187,3.84391,3.83987,1.5,1
05.08.2021 00:55:10.775,3.8437800000000006,3.83986,1.5,1.5
05.08.2021 00:55:12.425,3.84352,3.83987,1,1.5
05.08.2021 00:55:18.938,3.84347,3.83961,1.5,1.5
05.08.2021 00:55:36.472,3.84347,3.83961,1.5,1.5
05.08.2021 00:55:37.540,3.8434800000000005,3.8396000000000003,1.5,1.5
05.08.2021 00:55:59.017,3.8434800000000005,3.83986,1.5,1.5
05.08.2021 00:55:59.231,3.8436900000000005,3.83986,1,1.5
05.08.2021 00:56:01.609,3.84376,3.83987,1,1.5
05.08.2021 00:56:01.989,3.8437699999999997,3.83986,1,1.5
05.08.2021 00:56:02.816,3.84376,3.83987,1,1.5
05.08.2021 00:56:03.693,3.8437699999999997,3.83986,1,1.5
05.08.2021 00:56:11.823,3.84384,3.83986,1,1.5
05.08.2021 00:56:15.000,3.84384,3.83986,1,1.5
05.08.2021 00:56:15.411,3.84384,3.83986,1,1.5
05.08.2021 00:56:19.647,3.84367,3.83987,1,1.5
05.08.2021 00:56:20.315,3.84382,3.8401,1,1.5
05.08.2021 00:56:20.472,3.8436800000000004,3.8401,1,1.5
05.08.2021 00:56:20.673,3.8438800000000004,3.8400900000000004,1.5,1.5
05.08.2021 00:56:26.849,3.8438900000000005,3.8400900000000004,1,1.5
05.08.2021 00:56:27.148,3.8438900000000005,3.8400900000000004,1,1.5
05.08.2021 00:56:27.350,3.8438900000000005,3.8400900000000004,1,1.5
05.08.2021 00:56:28.466,3.8438800000000004,3.8401,1,1.5
05.08.2021 00:56:31.317,3.8438800000000004,3.8401,1,1.5
05.08.2021 00:57:12.920,3.8437800000000006,3.8401800000000006,1.5,1.5
05.08.2021 00:57:13.146,3.8437800000000006,3.8401800000000006,1.5,1.5
05.08.2021 00:57:14.748,3.8437699999999997,3.84019,1.5,1.5
05.08.2021 00:57:21.114,3.84386,3.84019,1,1.5
05.08.2021 00:57:22.601,3.84361,3.83996,1.62,1.5
05.08.2021 00:57:23.557,3.8434500000000003,3.83996,1,1.5
05.08.2021 00:57:24.984,3.8434500000000003,3.83996,1,1.5
05.08.2021 00:57:25.185,3.8434500000000003,3.83996,1,1.5
05.08.2021 00:57:25.452,3.84346,3.83995,1,1.5
05.08.2021 00:57:28.598,3.8434800000000005,3.83995,1.5,1.5
05.08.2021 00:57:28.800,3.8434800000000005,3.83995,1.5,1.5
05.08.2021 00:57:29.016,3.8434800000000005,3.83995,1.5,1.5
05.08.2021 00:57:29.507,3.8434800000000005,3.83995,1.5,1.5
05.08.2021 00:57:29.771,3.8434800000000005,3.83995,1.5,1.5
05.08.2021 00:57:30.376,3.84347,3.83996,1.5,1.5
05.08.2021 00:57:34.287,3.8434800000000005,3.83995,1.5,1.5
05.08.2021 00:57:34.488,3.8437800000000006,3.83995,1.5,1.5
05.08.2021 00:57:34.736,3.8437800000000006,3.83995,1.5,1.5
05.08.2021 00:57:35.252,3.84371,3.83995,1,1.5
05.08.2021 00:57:35.417,3.8437,3.83996,1,1.5
05.08.2021 00:57:47.969,3.84366,3.83995,1,1.5
05.08.2021 00:57:48.134,3.8436500000000002,3.83996,1,1.5
05.08.2021 00:57:48.503,3.8437300000000003,3.83995,1,1.5
05.08.2021 00:58:03.363,3.8437800000000006,3.8401400000000003,1.5,1.5
05.08.2021 00:58:03.529,3.8437800000000006,3.8401400000000003,1.5,1.5
05.08.2021 00:58:08.533,3.8437800000000006,3.8401400000000003,1.5,1.5
05.08.2021 00:58:08.685,3.8437800000000006,3.8401400000000003,1.5,1.5
05.08.2021 00:58:10.143,3.8437800000000006,3.8401400000000003,1.5,1.5
05.08.2021 00:58:10.302,3.8437800000000006,3.8401400000000003,1.5,1.5
05.08.2021 00:58:10.502,3.8437800000000006,3.8401400000000003,1.5,1.5
05.08.2021 00:58:10.705,3.8437800000000006,3.8401400000000003,1.5,1.5
05.08.2021 00:58:20.513,3.8437800000000006,3.8401400000000003,1.5,1.5
05.08.2021 00:58:20.668,3.8437800000000006,3.8401400000000003,1.5,1.5
05.08.2021 00:58:21.840,3.84347,3.8401500000000004,1.5,1.5
05.08.2021 00:58:29.095,3.84347,3.8401500000000004,1.5,1.5
05.08.2021 00:58:36.446,3.8437800000000006,3.8401400000000003,1.5,1.5
05.08.2021 00:59:08.701,3.8437800000000006,3.8401400000000003,1.5,1.5
05.08.2021 00:59:09.148,3.8437699999999997,3.8401500000000004,1.5,1.5
05.08.2021 00:59:09.597,3.8437800000000006,3.8401400000000003,1.5,1.5
05.08.2021 00:59:17.896,3.8440800000000004,3.8401400000000003,1.5,1.5
05.08.2021 00:59:18.146,3.84407,3.8401500000000004,1.5,1.5
05.08.2021 00:59:21.979,3.8440800000000004,3.8401400000000003,1.5,1.5
05.08.2021 00:59:29.548,3.8440800000000004,3.8403300000000007,1.5,1.5
05.08.2021 00:59:29.749,3.8440800000000004,3.8403300000000007,1.5,1.5
05.08.2021 00:59:31.550,3.8440800000000004,3.8403300000000007,1.5,1.5
05.08.2021 00:59:31.750,3.84407,3.8403400000000003,1.5,1.5
05.08.2021 00:59:33.595,3.8440800000000004,3.8403300000000007,1.5,1.5
05.08.2021 00:59:34.404,3.84407,3.8403400000000003,1.5,1.5
05.08.2021 00:59:49.266,3.84407,3.8403400000000003,1.5,1.5
05.08.2021 00:59:50.230,3.8440300000000005,3.8405300000000007,1,1.5
05.08.2021 00:59:50.381,3.8440600000000003,3.8405300000000007,1,1.5
05.08.2021 00:59:50.587,3.84397,3.8405300000000007,1,1.5
05.08.2021 00:59:50.783,3.8440800000000004,3.8405300000000007,1.5,1.5
05.08.2021 00:59:55.816,3.84407,3.8405400000000003,1.5,1.5
05.08.2021 00:59:56.166,3.84407,3.8405400000000003,1.5,1.5
05.08.2021 00:59:56.489,3.8440800000000004,3.8405300000000007,1.5,1.5
05.08.2021 01:00:00.585,3.8440800000000004,3.8405300000000007,1.5,1.5
05.08.2021 01:00:01.571,3.8440800000000004,3.8405300000000007,1.5,1.5
05.08.2021 01:00:04.142,3.84385,3.8405300000000007,1,1.5
05.08.2021 01:00:04.963,3.84382,3.84031,1,1.5
05.08.2021 01:00:14.532,3.8437800000000006,3.8403,1.5,1.5
05.08.2021 01:00:24.838,3.8437800000000006,3.8400900000000004,1.5,1.5
05.08.2021 01:00:34.071,3.8437800000000006,3.8399800000000006,1.5,1.5
05.08.2021 01:00:36.870,3.8437699999999997,3.8399900000000002,1.5,1.5
05.08.2021 01:00:37.392,3.84347,3.8399900000000002,1.5,1.5
05.08.2021 01:00:41.448,3.8434800000000005,3.8399800000000006,1.5,1.5
05.08.2021 01:00:56.418,3.8437800000000006,3.8399800000000006,1.5,1.5
05.08.2021 01:00:58.750,3.8437800000000006,3.8399800000000006,1.5,1.5
05.08.2021 01:00:58.952,3.8437699999999997,3.8399900000000002,1.5,1.5
05.08.2021 01:01:00.634,3.8435900000000003,3.8399900000000002,1,1.5
05.08.2021 01:01:00.991,3.84362,3.8399800000000006,1.62,1.5
05.08.2021 01:01:01.196,3.8437800000000006,3.8399800000000006,1.5,1.5
05.08.2021 01:01:01.399,3.84361,3.8399900000000002,1.62,1.5
05.08.2021 01:01:01.634,3.84362,3.8399800000000006,1.62,1.5
05.08.2021 01:01:01.800,3.84362,3.8399800000000006,1.62,1.5
05.08.2021 01:01:02.003,3.8437800000000006,3.8399800000000006,1.5,1.5
05.08.2021 01:01:02.256,3.8437800000000006,3.8399800000000006,1.5,1.5
05.08.2021 01:01:02.635,3.8437800000000006,3.8399800000000006,1.5,1.5
05.08.2021 01:01:02.857,3.84362,3.8399800000000006,1.62,1.5
05.08.2021 01:01:03.058,3.8437699999999997,3.8399900000000002,1.5,1.5
05.08.2021 01:01:03.213,3.8437800000000006,3.8399800000000006,1.5,1.5
05.08.2021 01:01:05.691,3.8437800000000006,3.84017,1.5,1.5
05.08.2021 01:01:05.866,3.8437800000000006,3.84017,1.5,1.5
05.08.2021 01:01:06.827,3.8437699999999997,3.8401800000000006,1.5,1.5
05.08.2021 01:01:07.939,3.84392,3.84017,1.5,1.5
05.08.2021 01:01:08.105,3.84392,3.84017,1.5,1.5
05.08.2021 01:01:12.449,3.84392,3.84017,1.5,1.5
05.08.2021 01:01:13.101,3.84391,3.8401800000000006,1.5,1.5
05.08.2021 01:01:13.302,3.84392,3.84017,1.5,1.5
05.08.2021 01:01:14.148,3.84392,3.84017,1.5,1.5
05.08.2021 01:01:31.463,3.84391,3.8401800000000006,1.5,1.5
05.08.2021 01:01:31.713,3.84392,3.84017,1.5,1.5
05.08.2021 01:01:41.885,3.84392,3.84017,1.5,1.5
05.08.2021 01:02:23.550,3.8440800000000004,3.84037,1.5,1.5
05.08.2021 01:02:23.758,3.8440800000000004,3.84037,1.5,1.5
05.08.2021 01:02:40.465,3.8440800000000004,3.84017,1.5,1.5
05.08.2021 01:02:53.606,3.8437800000000006,3.84017,1.5,1.5
05.08.2021 01:02:53.756,3.8437800000000006,3.8399800000000006,1.5,1.5
05.08.2021 01:02:57.375,3.8437800000000006,3.8399800000000006,1.5,1.5
05.08.2021 01:03:01.050,3.8437699999999997,3.8399900000000002,1.5,1.5
05.08.2021 01:03:25.018,3.8437699999999997,3.8401199999999998,1.5,1.5
05.08.2021 01:03:25.867,3.8437800000000006,3.84011,1.5,1.5
05.08.2021 01:03:33.581,3.8437699999999997,3.84025,1.5,1.5
05.08.2021 01:03:38.730,3.8437800000000006,3.8402400000000005,1.5,1.5
05.08.2021 01:03:40.417,3.8437800000000006,3.8402400000000005,1.5,1.5
05.08.2021 01:03:56.449,3.8437800000000006,3.84016,1.5,1.5
05.08.2021 01:04:16.563,3.8440800000000004,3.84017,1.5,1.5
05.08.2021 01:04:19.755,3.84382,3.84001,1,1.5
05.08.2021 01:05:15.635,3.8437699999999997,3.84001,1,1.5
05.08.2021 01:05:23.381,3.8437699999999997,3.84002,1.5,1.5
05.08.2021 01:05:23.865,3.8437699999999997,3.84002,1.5,1.5
05.08.2021 01:05:24.068,3.8437800000000006,3.84001,1.5,1.5
05.08.2021 01:05:32.443,3.8437800000000006,3.83981,1.5,1.5
05.08.2021 01:05:32.544,3.8435900000000003,3.83981,1,1.5
05.08.2021 01:05:34.064,3.84361,3.83981,1,1.5
05.08.2021 01:05:34.770,3.8434500000000003,3.83981,1,1.5
05.08.2021 01:05:37.948,3.84384,3.84004,1,1.5
05.08.2021 01:05:37.999,3.8440800000000004,3.8412100000000002,1.5,1
05.08.2021 01:05:38.150,3.84457,3.8424800000000006,1,1
05.08.2021 01:05:38.325,3.84457,3.84286,1,1
05.08.2021 01:05:38.375,3.84456,3.8426300000000007,1,1
05.08.2021 01:05:38.476,3.84467,3.84261,1.5,1
05.08.2021 01:05:38.720,3.8445,3.8424800000000006,1,1
05.08.2021 01:05:39.187,3.84511,3.8429900000000004,1.5,1
05.08.2021 01:05:39.288,3.8448900000000004,3.8424800000000006,1,1
05.08.2021 01:05:39.339,3.8456300000000003,3.8426500000000003,1,1
05.08.2021 01:05:39.439,3.84592,3.84289,1,1
05.08.2021 01:05:39.490,3.8460300000000003,3.843,1,1
05.08.2021 01:05:39.706,3.84607,3.843,1,1
05.08.2021 01:05:39.834,3.84607,3.84241,1,1
05.08.2021 01:05:39.885,3.84607,3.84185,1,1
05.08.2021 01:05:39.986,3.84606,3.84125,1,1.62
05.08.2021 01:05:40.052,3.84606,3.84125,1.5,1.62
05.08.2021 01:05:40.563,3.84606,3.84132,1.5,1.5
05.08.2021 01:05:40.776,3.84582,3.8413300000000006,1.5,1.5
05.08.2021 01:05:42.659,3.84574,3.84142,1.5,1
05.08.2021 01:05:43.069,3.84574,3.84142,1.5,1
05.08.2021 01:05:44.234,3.8456800000000007,3.8410800000000003,1.5,1.5
05.08.2021 01:05:50.101,3.8452699999999997,3.84071,1.5,1
05.08.2021 01:05:50.810,3.8450800000000003,3.8408800000000003,1.5,1
05.08.2021 01:05:50.967,3.8450699999999998,3.8408900000000004,1.5,1
05.08.2021 01:05:51.421,3.84496,3.8408800000000003,1.5,1
05.08.2021 01:05:51.654,3.8449199999999997,3.8408900000000004,1,1
05.08.2021 01:05:51.925,3.8451500000000003,3.8405300000000007,1.5,1.5
05.08.2021 01:05:52.441,3.8448800000000003,3.8405300000000007,1,1.5
05.08.2021 01:05:53.760,3.84482,3.84062,1,1.5
05.08.2021 01:05:53.871,3.84476,3.8405199999999997,1.5,1.5
05.08.2021 01:05:54.049,3.8447500000000003,3.8405300000000007,1.5,1.5
05.08.2021 01:05:55.134,3.84476,3.8407800000000005,1.5,1
05.08.2021 01:05:55.334,3.84479,3.8407500000000003,1.5,1
05.08.2021 01:05:55.492,3.84467,3.8407500000000003,1,1
05.08.2021 01:05:59.139,3.84442,3.8405199999999997,1.5,1.5
05.08.2021 01:05:59.349,3.84442,3.8405300000000007,1.5,1
05.08.2021 01:05:59.541,3.84441,3.8404900000000004,1.5,1.62
05.08.2021 01:05:59.801,3.8444900000000004,3.8403300000000007,1.5,1.5
05.08.2021 01:06:00.069,3.8443300000000007,3.8403199999999997,1.5,1.5
05.08.2021 01:06:00.226,3.8443300000000007,3.8403199999999997,1.5,1.5
05.08.2021 01:06:00.277,3.8443300000000007,3.8403300000000007,1.5,1.5
05.08.2021 01:06:00.451,3.8443199999999997,3.8403300000000007,1.5,1.5
05.08.2021 01:06:01.209,3.8442000000000003,3.8403199999999997,1.5,1.5
05.08.2021 01:06:04.564,3.8443400000000003,3.8403300000000007,1.5,1.5
05.08.2021 01:06:16.061,3.8443199999999997,3.8405199999999997,1.5,1.5
05.08.2021 01:06:16.261,3.8443199999999997,3.8405199999999997,1.5,1.5
05.08.2021 01:06:26.149,3.84431,3.8405300000000007,1.5,1.5
05.08.2021 01:07:07.055,3.84431,3.8405300000000007,1.5,1.5
05.08.2021 01:07:07.758,3.8443199999999997,3.8405199999999997,1.5,1.5
05.08.2021 01:07:39.919,3.8443199999999997,3.8405199999999997,1.5,1.5
05.08.2021 01:07:40.123,3.84431,3.8405300000000007,1.5,1.5
05.08.2021 01:08:09.020,3.8443199999999997,3.8405199999999997,1.5,1.5
05.08.2021 01:08:10.832,3.8443199999999997,3.8405199999999997,1.5,1.5
05.08.2021 01:08:12.723,3.8443199999999997,3.8405199999999997,1.5,1.5
05.08.2021 01:08:14.834,3.8443199999999997,3.84076,1.5,1
05.08.2021 01:08:17.774,3.8444300000000005,3.8408800000000003,1.5,1
05.08.2021 01:08:17.931,3.84461,3.8408900000000004,1.5,1
05.08.2021 01:08:19.879,3.84462,3.84082,1.5,1.5
05.08.2021 01:08:21.489,3.84462,3.84082,1.5,1.5
05.08.2021 01:08:21.949,3.84461,3.8408300000000004,1.5,1.5
05.08.2021 01:08:22.197,3.84462,3.84082,1.5,1.5
05.08.2021 01:08:29.268,3.84462,3.84082,1.5,1.5
05.08.2021 01:08:29.841,3.84462,3.8408300000000004,1.5,1.5
05.08.2021 01:08:36.414,3.84462,3.8406800000000003,1.5,1.5
05.08.2021 01:08:36.619,3.84462,3.8406800000000003,1.5,1.5
05.08.2021 01:08:39.932,3.84462,3.8406800000000003,1.5,1.62
05.08.2021 01:08:40.083,3.84462,3.8406800000000003,1.5,1.62
05.08.2021 01:09:03.374,3.84462,3.8408300000000004,1.5,1.5
05.08.2021 01:09:06.778,3.84462,3.8408300000000004,1.5,1.5
05.08.2021 01:09:21.325,3.84462,3.84082,1.5,1.5
05.08.2021 01:09:36.498,3.84461,3.8408300000000004,1.5,1.5
05.08.2021 01:10:05.738,3.84461,3.8408800000000003,1.5,1.5
05.08.2021 01:10:05.895,3.84462,3.84087,1.5,1.5
05.08.2021 01:10:09.590,3.84462,3.84087,1.5,1.5
05.08.2021 01:10:09.691,3.84462,3.84082,1.5,1.5
05.08.2021 01:10:10.268,3.84479,3.84082,1.5,1.5
05.08.2021 01:10:10.854,3.8447800000000005,3.8408300000000004,1.5,1.5
05.08.2021 01:10:18.449,3.8447800000000005,3.8408400000000005,1.5,1.5
05.08.2021 01:10:19.248,3.84479,3.84082,1.5,1.5
05.08.2021 01:10:29.933,3.8447800000000005,3.8408300000000004,1.5,1.5
05.08.2021 01:10:57.317,3.8445500000000004,3.8408300000000004,1.5,1.5
05.08.2021 01:10:58.167,3.84456,3.8406800000000003,1.5,1.5
05.08.2021 01:10:58.322,3.84456,3.8406300000000004,1.5,1
05.08.2021 01:10:59.101,3.8443300000000007,3.8403199999999997,1.5,1.5
05.08.2021 01:11:00.115,3.8443199999999997,3.8403300000000007,1.5,1.5
05.08.2021 01:11:01.640,3.8443300000000007,3.8405,1.5,1
05.08.2021 01:11:12.949,3.8443300000000007,3.8403199999999997,1.5,1.5
05.08.2021 01:11:19.151,3.8443300000000007,3.8403199999999997,1.5,1.5
05.08.2021 01:11:22.089,3.8443300000000007,3.8403199999999997,1.5,1.5
05.08.2021 01:11:24.173,3.84417,3.8403199999999997,1.5,1.5
05.08.2021 01:11:26.828,3.84416,3.8403300000000007,1.5,1.5
05.08.2021 01:11:42.466,3.84417,3.8403199999999997,1.5,1.5
05.08.2021 01:11:42.615,3.84417,3.8403199999999997,1.5,1.5
05.08.2021 01:12:12.035,3.8443800000000006,3.8405500000000004,1.5,1
05.08.2021 01:12:12.283,3.8444000000000003,3.8405199999999997,1.5,1.5
05.08.2021 01:12:15.191,3.8444000000000003,3.8405199999999997,1.5,1.5
05.08.2021 01:12:16.559,3.8444000000000003,3.8405199999999997,1.5,1.5
05.08.2021 01:12:17.815,3.8446900000000004,3.84071,1,1
05.08.2021 01:12:31.151,3.8447199999999997,3.8408300000000004,1.5,1.5
05.08.2021 01:12:40.667,3.84467,3.8408300000000004,1.5,1.5
05.08.2021 01:12:53.992,3.84467,3.8408300000000004,1.5,1.5
05.08.2021 01:12:54.446,3.8446800000000003,3.84082,1.5,1.5
05.08.2021 01:12:56.225,3.84467,3.8408300000000004,1.5,1.5
05.08.2021 01:13:14.063,3.8445500000000004,3.8408300000000004,1.5,1.5
05.08.2021 01:13:16.139,3.84456,3.84082,1.5,1.5
05.08.2021 01:13:26.916,3.84456,3.84082,1.5,1.5
05.08.2021 01:13:31.137,3.8445500000000004,3.8408300000000004,1.5,1.5
05.08.2021 01:13:31.337,3.84456,3.84082,1.5,1.5
05.08.2021 01:13:34.155,3.84456,3.84082,1.5,1.5
05.08.2021 01:13:37.366,3.84456,3.84082,1.5,1.5
05.08.2021 01:14:02.911,3.84456,3.8408300000000004,1.5,1.5
05.08.2021 01:14:10.194,3.8445500000000004,3.8408300000000004,1.5,1.5
05.08.2021 01:14:14.710,3.84456,3.84082,1.5,1.5
05.08.2021 01:14:14.811,3.84456,3.84082,1.5,1.5
05.08.2021 01:14:19.016,3.84456,3.84105,1.5,1
05.08.2021 01:14:19.244,3.84456,3.84082,1.5,1.5
05.08.2021 01:14:32.270,3.8445500000000004,3.8408300000000004,1.5,1.5
05.08.2021 01:14:35.949,3.84479,3.84082,1.5,1.5
05.08.2021 01:14:41.206,3.84479,3.84082,1.5,1.5
05.08.2021 01:14:41.409,3.8447800000000005,3.8408300000000004,1.5,1.5
05.08.2021 01:14:44.020,3.84479,3.84082,1.5,1.5
05.08.2021 01:14:45.054,3.84479,3.84082,1.5,1.5
05.08.2021 01:14:49.681,3.84479,3.84112,1.5,1.5
05.08.2021 01:14:50.121,3.84479,3.8411300000000006,1.5,1.5
05.08.2021 01:14:56.173,3.8451300000000006,3.84112,1.5,1.5
05.08.2021 01:14:57.506,3.8450300000000004,3.84112,1.5,1.5
05.08.2021 01:14:57.817,3.84502,3.8411300000000006,1.5,1.5
05.08.2021 01:14:58.430,3.84526,3.8413800000000005,1.5,1
05.08.2021 01:14:58.632,3.8452100000000002,3.84142,1.5,1
05.08.2021 01:15:05.163,3.8452100000000002,3.8414800000000007,1.5,1.5
05.08.2021 01:15:06.103,3.8452,3.8414300000000003,1.5,1.5
05.08.2021 01:15:06.780,3.8452100000000002,3.84142,1.5,1.5
05.08.2021 01:15:07.090,3.8452100000000002,3.84142,1.5,1.5
05.08.2021 01:15:07.293,3.8452100000000002,3.84142,1.5,1.5
05.08.2021 01:15:15.746,3.8452,3.8414300000000003,1.5,1.5
05.08.2021 01:15:15.947,3.8452100000000002,3.84142,1.5,1.5
05.08.2021 01:15:18.276,3.84531,3.84142,1.5,1.5
05.08.2021 01:15:18.479,3.84531,3.84142,1.5,1.5
05.08.2021 01:15:19.020,3.84531,3.84142,1.5,1.5
05.08.2021 01:15:27.432,3.84531,3.8414800000000007,1.5,1.5
05.08.2021 01:15:30.450,3.8453000000000004,3.8416900000000003,1.5,1
05.08.2021 01:15:41.776,3.84531,3.8416800000000006,1.5,1
05.08.2021 01:15:41.995,3.84531,3.8415800000000004,1.5,1
05.08.2021 01:15:59.016,3.8452699999999997,3.84157,1.5,1
05.08.2021 01:16:03.830,3.8453000000000004,3.84166,1.5,1
05.08.2021 01:16:06.219,3.84531,3.84165,1.5,1
05.08.2021 01:16:11.566,3.84531,3.8414400000000004,1.5,1
05.08.2021 01:16:25.061,3.8452800000000003,3.8414,1.5,1
05.08.2021 01:16:31.944,3.8452699999999997,3.84141,1.5,1
05.08.2021 01:16:36.668,3.8452800000000003,3.8414,1.5,1
05.08.2021 01:16:36.998,3.8452800000000003,3.8414,1.5,1
05.08.2021 01:16:37.199,3.8452800000000003,3.8414,1.5,1
05.08.2021 01:16:37.661,3.8452800000000003,3.8414,1.5,1
05.08.2021 01:16:37.863,3.8452800000000003,3.8414,1.5,1
05.08.2021 01:16:38.387,3.8452699999999997,3.84141,1.5,1
05.08.2021 01:16:40.466,3.8452800000000003,3.8414,1.5,1
05.08.2021 01:16:43.648,3.8452800000000003,3.8414,1.5,1
05.08.2021 01:16:48.450,3.8452800000000003,3.8414,1.5,1
05.08.2021 01:16:57.272,3.8452699999999997,3.8415500000000002,1.5,1
05.08.2021 01:16:57.479,3.8452699999999997,3.8414,1.5,1
05.08.2021 01:17:04.365,3.8452800000000003,3.8413900000000005,1.5,1
05.08.2021 01:17:04.732,3.8452699999999997,3.8414,1.5,1
05.08.2021 01:17:52.264,3.8452800000000003,3.84157,1.5,1
05.08.2021 01:17:52.479,3.8452699999999997,3.8414300000000003,1.5,1
05.08.2021 01:17:59.380,3.8452699999999997,3.8414300000000003,1.5,1
05.08.2021 01:17:59.538,3.8452800000000003,3.84142,1.5,1
05.08.2021 01:18:04.327,3.84511,3.8412800000000007,1.5,1.62
05.08.2021 01:18:05.491,3.8452800000000003,3.8413800000000005,1.5,1.5
05.08.2021 01:18:18.960,3.8451500000000003,3.8413900000000005,1.5,1.5
05.08.2021 01:18:21.910,3.84516,3.8413000000000004,1.5,1
05.08.2021 01:18:27.516,3.84516,3.8413000000000004,1.5,1
05.08.2021 01:18:36.401,3.8449300000000006,3.8412800000000007,1.5,1.5
05.08.2021 01:18:40.822,3.8449300000000006,3.8412800000000007,1.5,1.5
05.08.2021 01:18:40.979,3.8449300000000006,3.8412800000000007,1.5,1.5
05.08.2021 01:18:50.275,3.8449300000000006,3.8412800000000007,1.5,1.5
05.08.2021 01:19:01.811,3.8449199999999997,3.8412900000000003,1.5,1.5
05.08.2021 01:19:26.756,3.8449199999999997,3.84114,1.5,1.5
05.08.2021 01:19:31.491,3.8449500000000003,3.84114,1.5,1.5
05.08.2021 01:19:41.247,3.8447400000000003,3.8411900000000005,1.5,1.5
05.08.2021 01:19:41.552,3.84439,3.84077,1.5,1
05.08.2021 01:19:41.775,3.8442400000000005,3.8406800000000003,1.5,1.5
05.08.2021 01:19:42.327,3.8445300000000007,3.8406400000000005,1.5,1
05.08.2021 01:19:42.947,3.8445400000000003,3.8406300000000004,1.5,1
05.08.2021 01:19:43.147,3.8445300000000007,3.8406400000000005,1.5,1
05.08.2021 01:19:44.263,3.8443800000000006,3.8406300000000004,1.5,1
05.08.2021 01:19:44.426,3.8443800000000006,3.8406300000000004,1.5,1
05.08.2021 01:19:49.466,3.8443800000000006,3.8406300000000004,1.5,1
05.08.2021 01:19:49.651,3.8443800000000006,3.8406300000000004,1.5,1
05.08.2021 01:20:03.209,3.8443800000000006,3.8406300000000004,1.5,1
05.08.2021 01:20:11.199,3.8444800000000003,3.8405,1.5,1
05.08.2021 01:20:13.244,3.84447,3.8407199999999997,1.5,1
05.08.2021 01:20:13.418,3.8444800000000003,3.84071,1.5,1
05.08.2021 01:20:18.972,3.8443500000000004,3.84071,1.5,1
05.08.2021 01:20:24.727,3.8443500000000004,3.84071,1.5,1
05.08.2021 01:20:32.566,3.8443400000000003,3.8407199999999997,1.5,1
05.08.2021 01:20:32.767,3.8443500000000004,3.84071,1.5,1
05.08.2021 01:20:34.950,3.8443500000000004,3.84071,1.5,1
05.08.2021 01:20:37.714,3.8443500000000004,3.84071,1.5,1
05.08.2021 01:21:20.133,3.8443500000000004,3.8400800000000004,1.5,1.5
05.08.2021 01:21:44.950,3.8443500000000004,3.8400800000000004,1.5,1.5
05.08.2021 01:21:47.802,3.8443400000000003,3.8400900000000004,1.5,1.5
05.08.2021 01:21:54.272,3.8443500000000004,3.8400800000000004,1.5,1.5
05.08.2021 01:22:08.598,3.8443500000000004,3.8400800000000004,1.5,1.5
05.08.2021 01:22:20.734,3.8443500000000004,3.8405400000000003,1.5,1
05.08.2021 01:22:23.339,3.8443500000000004,3.8405400000000003,1.5,1
05.08.2021 01:22:24.616,3.8443400000000003,3.8405500000000004,1.5,1
05.08.2021 01:22:24.862,3.8443400000000003,3.84066,1.5,1
05.08.2021 01:22:25.017,3.8443500000000004,3.84065,1.5,1
05.08.2021 01:22:35.877,3.8443500000000004,3.84065,1.5,1
05.08.2021 01:22:36.087,3.8443400000000003,3.84066,1.5,1
05.08.2021 01:22:46.135,3.8443500000000004,3.8406900000000004,1.5,1
05.08.2021 01:22:53.812,3.8443400000000003,3.8407,1.5,1
05.08.2021 01:23:16.834,3.8443500000000004,3.8406900000000004,1.5,1
05.08.2021 01:23:18.846,3.8443400000000003,3.8407,1.5,1
05.08.2021 01:23:42.249,3.8443500000000004,3.8406900000000004,1.5,1
05.08.2021 01:23:55.738,3.8443500000000004,3.8400800000000004,1.5,1.5
05.08.2021 01:23:55.939,3.8443500000000004,3.8400800000000004,1.5,1.5
05.08.2021 01:23:58.396,3.8443500000000004,3.8400800000000004,1.5,1.5
05.08.2021 01:24:11.767,3.8443500000000004,3.84057,1.5,1
05.08.2021 01:24:16.710,3.84446,3.8405300000000007,1.5,1
05.08.2021 01:24:20.609,3.84446,3.8405300000000007,1.5,1
05.08.2021 01:24:33.561,3.84446,3.8405300000000007,1.5,1
05.08.2021 01:24:53.201,3.8442400000000005,3.8403199999999997,1.5,1.5
05.08.2021 01:24:57.712,3.8442400000000005,3.8403199999999997,1.5,1.5
05.08.2021 01:25:02.432,3.8442300000000005,3.8403300000000007,1.5,1.5
05.08.2021 01:25:06.928,3.8442400000000005,3.8403199999999997,1.5,1.5
05.08.2021 01:25:07.088,3.8442400000000005,3.8403199999999997,1.5,1.5
05.08.2021 01:25:12.284,3.8442400000000005,3.8403199999999997,1.5,1.5
05.08.2021 01:25:12.438,3.8442400000000005,3.8403199999999997,1.5,1.5
05.08.2021 01:25:14.330,3.8442400000000005,3.84051,1.5,1.5
05.08.2021 01:25:17.259,3.8443800000000006,3.8403199999999997,1.5,1.5
05.08.2021 01:25:28.439,3.8442800000000004,3.84071,1.5,1
05.08.2021 01:25:44.239,3.8442800000000004,3.84071,1.5,1
05.08.2021 01:25:45.933,3.8442900000000004,3.8407,1.5,1
05.08.2021 01:25:47.154,3.8442800000000004,3.84071,1.5,1
05.08.2021 01:25:48.465,3.8442800000000004,3.84071,1.5,1
05.08.2021 01:25:48.668,3.8442900000000004,3.8407,1.5,1
05.08.2021 01:25:48.899,3.8442800000000004,3.84071,1.5,1
05.08.2021 01:25:49.101,3.8442800000000004,3.84071,1.5,1
05.08.2021 01:25:52.233,3.8442900000000004,3.8407,1.5,1
05.08.2021 01:25:53.869,3.8442900000000004,3.8407,1.5,1
05.08.2021 01:25:55.312,3.8442900000000004,3.84057,1.5,1
05.08.2021 01:25:57.890,3.8442900000000004,3.84057,1.5,1
05.08.2021 01:26:07.841,3.8443800000000006,3.8405400000000003,1.5,1
05.08.2021 01:26:19.337,3.84437,3.8405500000000004,1.5,1
05.08.2021 01:26:23.027,3.8443800000000006,3.8405400000000003,1.5,1
05.08.2021 01:26:24.825,3.84437,3.8405500000000004,1.5,1
05.08.2021 01:26:38.072,3.84442,3.8403199999999997,1.5,1.5
05.08.2021 01:28:13.305,3.8443,3.8405800000000005,1.5,1.5
05.08.2021 01:28:14.064,3.8443,3.8407,1.5,1
05.08.2021 01:28:40.609,3.8443,3.8407,1.5,1
05.08.2021 01:28:43.738,3.8443,3.84067,1.5,1
05.08.2021 01:28:47.771,3.8443,3.84059,1.5,1
05.08.2021 01:28:52.511,3.8443,3.84059,1.5,1
05.08.2021 01:29:01.414,3.8442900000000004,3.8406300000000004,1.5,1
05.08.2021 01:29:07.084,3.8443,3.84062,1.5,1
05.08.2021 01:29:08.268,3.8443,3.84062,1.5,1
05.08.2021 01:29:08.778,3.8442900000000004,3.8406300000000004,1.5,1
05.08.2021 01:29:10.140,3.8442900000000004,3.8406300000000004,1.5,1
05.08.2021 01:29:11.744,3.8443,3.84062,1.5,1
05.08.2021 01:29:15.045,3.8443,3.84062,1.5,1
05.08.2021 01:29:21.244,3.8443,3.84062,1.5,1
05.08.2021 01:29:42.581,3.8449400000000002,3.8408800000000003,1.5,1.5
05.08.2021 01:29:43.485,3.8449400000000002,3.8408800000000003,1.5,1.5
05.08.2021 01:30:21.453,3.84477,3.8408900000000004,1,1.5
05.08.2021 01:30:21.656,3.8447800000000005,3.8408800000000003,1,1.5
05.08.2021 01:30:34.898,3.8447800000000005,3.8408800000000003,1,1.5
05.08.2021 01:30:35.590,3.84477,3.8408900000000004,1,1.5
05.08.2021 01:30:36.651,3.84477,3.8408900000000004,1,1.5
05.08.2021 01:30:50.528,3.8449300000000006,3.84111,1.5,1
05.08.2021 01:30:51.787,3.8449300000000006,3.84099,1.5,1.5
05.08.2021 01:31:01.740,3.8449400000000002,3.8409800000000005,1.5,1.5
05.08.2021 01:31:01.940,3.8449400000000002,3.8409800000000005,1.5,1.5
05.08.2021 01:31:03.714,3.8449400000000002,3.8409800000000005,1.5,1.5
05.08.2021 01:31:04.578,3.8449300000000006,3.84099,1.5,1.5
05.08.2021 01:31:26.554,3.8449400000000002,3.84105,1.5,1
05.08.2021 01:31:27.615,3.8449300000000006,3.84106,1.5,1
05.08.2021 01:31:35.939,3.8449300000000006,3.8410400000000005,1.5,1
05.08.2021 01:31:36.096,3.8449400000000002,3.84082,1.5,1.5
05.08.2021 01:31:36.806,3.8449400000000002,3.84082,1.5,1.5
05.08.2021 01:31:40.428,3.8449400000000002,3.84082,1.5,1.5
05.08.2021 01:31:50.922,3.84471,3.8407800000000005,1,1.5
05.08.2021 01:31:55.925,3.8446800000000003,3.84077,1.5,1
05.08.2021 01:31:56.177,3.8447300000000006,3.8408800000000003,1.5,1.5
05.08.2021 01:31:56.227,3.8448,3.8408800000000003,1,1.5
05.08.2021 01:31:56.387,3.84497,3.8408800000000003,1.5,1.62
05.08.2021 01:32:00.138,3.84497,3.8408800000000003,1.5,1.62
05.08.2021 01:32:00.414,3.8447199999999997,3.8408800000000003,1.5,1.5
05.08.2021 01:32:00.578,3.8446400000000005,3.84085,1,1
05.08.2021 01:32:09.955,3.8447800000000005,3.84079,1,1
05.08.2021 01:32:12.963,3.8447800000000005,3.8408400000000005,1.5,1
05.08.2021 01:32:15.375,3.84479,3.8408800000000003,1.5,1.5
05.08.2021 01:32:16.811,3.84477,3.8408900000000004,1.5,1.5
05.08.2021 01:32:27.443,3.84481,3.8410800000000003,1.5,1.5
05.08.2021 01:32:27.598,3.84481,3.8410800000000003,1.5,1.5
05.08.2021 01:32:27.999,3.84481,3.8410800000000003,1.5,1.5
05.08.2021 01:32:28.710,3.84481,3.84105,1.5,1
05.08.2021 01:32:29.115,3.84481,3.8410800000000003,1.5,1.62
05.08.2021 01:32:32.641,3.84479,3.84106,1.5,1
05.08.2021 01:32:32.836,3.8447199999999997,3.84082,1,1.5
05.08.2021 01:32:33.373,3.84487,3.8410800000000003,1.5,1.5
05.08.2021 01:32:33.561,3.8449400000000002,3.8411900000000005,1.5,1.5
05.08.2021 01:32:34.079,3.84496,3.8411800000000005,1,1.5
05.08.2021 01:32:47.279,3.84476,3.8412800000000007,1.5,1.5
05.08.2021 01:32:54.714,3.84477,3.8410900000000003,1.5,1.5
05.08.2021 01:33:02.142,3.8445400000000003,3.84082,1.5,1.5
05.08.2021 01:33:04.150,3.8445400000000003,3.84082,1.5,1.5
05.08.2021 01:33:13.399,3.8445400000000003,3.84082,1.5,1.5
05.08.2021 01:33:28.519,3.84397,3.8407400000000003,1,1
05.08.2021 01:33:29.573,3.8440800000000004,3.8407300000000006,1.5,1
05.08.2021 01:33:29.991,3.8440800000000004,3.84067,1.5,1
05.08.2021 01:33:30.206,3.8440800000000004,3.8406300000000004,1.5,1
05.08.2021 01:33:30.392,3.84407,3.8406400000000005,1.5,1
05.08.2021 01:33:30.614,3.84391,3.8403199999999997,1.5,1.5
05.08.2021 01:33:30.822,3.84367,3.8397800000000006,1,1.5
05.08.2021 01:33:31.019,3.8434300000000006,3.8397800000000006,1,1.5
05.08.2021 01:33:31.220,3.8436300000000005,3.83982,1,1.5
05.08.2021 01:33:31.920,3.8437699999999997,3.8398300000000005,1,1.5
05.08.2021 01:33:33.387,3.8437800000000006,3.83982,1,1.5
05.08.2021 01:33:48.392,3.84372,3.84002,1.5,1
05.08.2021 01:33:48.594,3.84371,3.8400300000000005,1.5,1.5
05.08.2021 01:33:59.787,3.8437699999999997,3.84002,1.5,1.5
05.08.2021 01:33:59.985,3.8437699999999997,3.84002,1.5,1.5
05.08.2021 01:34:06.644,3.8437699999999997,3.84002,1.5,1.5
05.08.2021 01:34:06.846,3.84376,3.8400300000000005,1.62,1.5
05.08.2021 01:34:16.283,3.8436900000000005,3.8397300000000003,1,1.5
05.08.2021 01:34:16.973,3.84344,3.8395400000000004,1,1.5
05.08.2021 01:34:18.072,3.8430400000000002,3.83942,1.5,1.5
05.08.2021 01:34:18.223,3.8429300000000004,3.83942,1.5,1.5
05.08.2021 01:34:18.607,3.84276,3.8390300000000006,1.5,1
05.08.2021 01:34:18.820,3.8427300000000004,3.8389300000000004,1.5,1
05.08.2021 01:34:19.021,3.84275,3.8389300000000004,1.5,1
05.08.2021 01:34:20.838,3.8427400000000005,3.839,1.5,1
05.08.2021 01:34:21.604,3.84275,3.8389900000000003,1.5,1
05.08.2021 01:34:23.665,3.84275,3.8389900000000003,1.5,1
05.08.2021 01:34:23.868,3.84275,3.8388199999999997,1.5,1.5
05.08.2021 01:34:32.143,3.84275,3.83901,1.5,1
05.08.2021 01:34:32.346,3.84275,3.83901,1.5,1
05.08.2021 01:34:32.550,3.84275,3.8388199999999997,1.5,1.5
05.08.2021 01:34:41.774,3.8428800000000005,3.8388199999999997,2,1.5
05.08.2021 01:34:44.951,3.84287,3.8388300000000006,1.5,1.5
05.08.2021 01:34:46.347,3.8428800000000005,3.8388199999999997,1.5,1.5
05.08.2021 01:34:46.588,3.84287,3.8388300000000006,2,1.5
05.08.2021 01:34:47.392,3.8428800000000005,3.8390300000000006,2,1
05.08.2021 01:34:47.550,3.8428800000000005,3.8390300000000006,2,1
05.08.2021 01:34:51.392,3.84287,3.8388300000000006,1.5,1.5
05.08.2021 01:34:51.548,3.8428800000000005,3.8388199999999997,1.5,1.5
05.08.2021 01:34:55.003,3.84287,3.8388300000000006,1.5,1.5
05.08.2021 01:34:55.191,3.84287,3.8388300000000006,1.5,1.5
05.08.2021 01:34:59.695,3.84287,3.8390400000000002,2,1.5
05.08.2021 01:34:59.947,3.8428800000000005,3.8388199999999997,1.5,1.5
05.08.2021 01:35:02.877,3.84287,3.8388300000000006,1.5,1.5
05.08.2021 01:35:07.344,3.8428800000000005,3.8388199999999997,2,1.5
05.08.2021 01:35:08.634,3.84287,3.8388300000000006,2,1.5
05.08.2021 01:35:13.443,3.84281,3.8388300000000006,1.5,1.5
05.08.2021 01:35:17.441,3.8428199999999997,3.8388199999999997,1.5,1.5
05.08.2021 01:35:24.029,3.8428199999999997,3.8388199999999997,1.5,1.5
05.08.2021 01:35:24.884,3.8430500000000003,3.8391100000000002,1.5,1
05.08.2021 01:35:25.085,3.8430500000000003,3.8392800000000005,1.5,1
05.08.2021 01:35:26.496,3.8431699999999998,3.8392900000000005,1.5,1
05.08.2021 01:35:27.143,3.8431800000000003,3.8394800000000004,1.5,1
05.08.2021 01:35:30.251,3.84326,3.8393300000000004,1.5,1
05.08.2021 01:35:30.798,3.8432500000000003,3.8392800000000005,1.5,1
05.08.2021 01:35:31.026,3.84326,3.83927,1.5,1
05.08.2021 01:35:31.234,3.84326,3.83932,1.5,1
05.08.2021 01:35:31.722,3.8432900000000005,3.8393300000000004,1.5,1
05.08.2021 01:35:31.967,3.8433,3.83932,1.5,1
05.08.2021 01:35:32.466,3.8433,3.83932,1.5,1
05.08.2021 01:35:32.567,3.8433,3.8394000000000004,1.5,1
05.08.2021 01:35:32.768,3.8432900000000005,3.8392800000000005,1,1
05.08.2021 01:35:51.998,3.8432900000000005,3.8392800000000005,1,1
05.08.2021 01:35:54.951,3.8432900000000005,3.8392800000000005,1,1
05.08.2021 01:36:02.477,3.8433,3.83942,1.5,1.5
05.08.2021 01:36:04.943,3.8433,3.83942,1.5,1.5
05.08.2021 01:36:05.144,3.8435699999999997,3.8399800000000006,1.5,1
05.08.2021 01:36:05.346,3.84356,3.8396900000000005,1.5,1
05.08.2021 01:36:06.479,3.8435699999999997,3.8396800000000004,1.5,1
05.08.2021 01:36:06.681,3.8436800000000004,3.84004,1.5,1
05.08.2021 01:36:06.911,3.8440800000000004,3.8400300000000005,1.5,1
05.08.2021 01:36:07.095,3.8440800000000004,3.8398800000000004,1.5,1.62
05.08.2021 01:36:08.114,3.8440800000000004,3.8403400000000003,1.5,1
05.08.2021 01:36:08.265,3.84407,3.84036,1.5,1
05.08.2021 01:36:33.512,3.84436,3.8402900000000004,1.5,1
05.08.2021 01:36:34.650,3.84436,3.8402900000000004,1.5,1
05.08.2021 01:36:37.036,3.84436,3.8402900000000004,1.5,1
05.08.2021 01:36:50.995,3.84436,3.8403,1.5,1
05.08.2021 01:36:51.151,3.84436,3.84057,1.5,1
05.08.2021 01:36:51.904,3.84436,3.8405199999999997,1.5,1
05.08.2021 01:36:52.623,3.84436,3.8406300000000004,1.5,1
05.08.2021 01:36:56.534,3.8443300000000007,3.84051,1.5,1
05.08.2021 01:37:06.333,3.84439,3.84061,1.5,1
05.08.2021 01:37:06.510,3.84446,3.84061,1.5,1
05.08.2021 01:37:10.923,3.8446000000000002,3.8406800000000003,1.5,1.5
05.08.2021 01:37:17.594,3.84465,3.8408,1.5,1
05.08.2021 01:37:24.880,3.84465,3.84087,1.5,1
05.08.2021 01:37:25.092,3.84465,3.8408800000000003,1.5,1.5
05.08.2021 01:37:32.119,3.8446400000000005,3.8409400000000002,1.5,1
05.08.2021 01:37:32.720,3.84465,3.8409400000000002,1.5,1
05.08.2021 01:37:32.920,3.84465,3.8409400000000002,1.5,1
05.08.2021 01:37:40.018,3.84465,3.8408300000000004,1.5,1
05.08.2021 01:37:42.922,3.84487,3.84091,1.5,1
05.08.2021 01:37:45.907,3.8448800000000003,3.8409800000000005,1.5,1.5
05.08.2021 01:37:46.158,3.84486,3.84096,1.5,1
05.08.2021 01:37:55.464,3.8447,3.84091,1,1
05.08.2021 01:37:59.981,3.84471,3.8407800000000005,1,1.5
05.08.2021 01:38:02.280,3.8445300000000007,3.84079,1.5,1
05.08.2021 01:38:06.002,3.8445400000000003,3.8407800000000005,1.5,1
05.08.2021 01:38:06.224,3.8445400000000003,3.8407800000000005,1.5,1
05.08.2021 01:38:08.686,3.8445400000000003,3.8407800000000005,1.5,1
05.08.2021 01:38:09.890,3.8445300000000007,3.84079,1.5,1
05.08.2021 01:38:15.086,3.8445400000000003,3.8407800000000005,2,1
05.08.2021 01:38:19.044,3.84441,3.84062,1.5,1
05.08.2021 01:38:19.245,3.8443800000000006,3.8406900000000004,1.5,1.5
05.08.2021 01:38:23.533,3.84441,3.8406900000000004,2,1.5
05.08.2021 01:38:23.736,3.84441,3.84062,2,1
05.08.2021 01:38:24.977,3.84437,3.8406300000000004,1.5,1
05.08.2021 01:38:27.464,3.8443500000000004,3.8404800000000003,1.5,1.5
05.08.2021 01:38:30.938,3.8443400000000003,3.8404900000000004,1.5,1.5
05.08.2021 01:38:33.535,3.8443,3.8404900000000004,1.5,1.5
05.08.2021 01:38:34.274,3.8442300000000005,3.8404900000000004,1,1.5
05.08.2021 01:38:34.474,3.8442300000000005,3.8404900000000004,1,1.5
05.08.2021 01:38:36.215,3.84437,3.8404900000000004,1.5,1.5
05.08.2021 01:38:36.372,3.84437,3.8404900000000004,1.5,1.5
05.08.2021 01:38:38.106,3.8441800000000006,3.8404800000000003,1,1.5
05.08.2021 01:38:49.989,3.8442300000000005,3.8405199999999997,1.5,1
05.08.2021 01:39:01.622,3.8442400000000005,3.84056,1.5,1
05.08.2021 01:39:07.666,3.8442400000000005,3.8405,1.5,1
05.08.2021 01:39:10.266,3.8442400000000005,3.8405,1.5,1
05.08.2021 01:39:13.691,3.8443400000000003,3.8405,1.5,1
05.08.2021 01:39:17.949,3.8443300000000007,3.8397,1,1.5
05.08.2021 01:39:18.053,3.8443300000000007,3.84051,1.5,1
05.08.2021 01:39:34.302,3.8444300000000005,3.84065,1.5,1
05.08.2021 01:39:46.137,3.8444400000000005,3.84067,1.5,1
05.08.2021 01:39:46.388,3.8444300000000005,3.8407300000000006,1.5,1.5
05.08.2021 01:40:24.644,3.8444400000000005,3.84066,1.5,1
05.08.2021 01:41:09.494,3.84419,3.8405400000000003,1.5,1
05.08.2021 01:41:09.660,3.84404,3.8405,1.5,1
05.08.2021 01:41:35.993,3.8440300000000005,3.8404400000000005,2,1.5
05.08.2021 01:41:36.240,3.8439400000000004,3.8404300000000005,1.5,1.5
05.08.2021 01:41:58.688,3.8438300000000005,3.8403300000000007,1.5,1.5
05.08.2021 01:42:22.918,3.84375,3.8403199999999997,1.5,1.5
05.08.2021 01:42:42.386,3.8436500000000002,3.84002,2,1.5
05.08.2021 01:42:49.164,3.84362,3.84002,1.5,1.5
05.08.2021 01:42:49.321,3.84361,3.8400300000000005,1.5,1.5
05.08.2021 01:42:50.594,3.84362,3.84002,1.5,1.5
05.08.2021 01:42:50.910,3.84361,3.8400300000000005,1.5,1.5
05.08.2021 01:42:51.336,3.8436500000000002,3.8399800000000006,1.5,1.5
05.08.2021 01:43:02.416,3.84387,3.84025,1.5,1.5
05.08.2021 01:43:07.675,3.84381,3.84002,1.5,1.5
05.08.2021 01:43:11.953,3.8438000000000003,3.8400300000000005,1.5,1.5
05.08.2021 01:43:18.315,3.8436900000000005,3.84002,1.5,1.5
05.08.2021 01:43:24.046,3.8439800000000006,3.84002,1.5,1.5
05.08.2021 01:43:28.249,3.84361,3.8400300000000005,1.5,1.5
05.08.2021 01:43:31.215,3.84342,3.8400300000000005,1.5,1.5
05.08.2021 01:43:32.600,3.8439,3.84002,1.5,1.5
05.08.2021 01:43:33.031,3.8438900000000005,3.8400300000000005,1.5,1.5
05.08.2021 01:43:46.518,3.8435300000000003,3.84002,1.5,1.5
05.08.2021 01:44:01.507,3.8435,3.84002,1.5,1.5
05.08.2021 01:44:04.106,3.8434900000000005,3.8400300000000005,1.5,1.5
05.08.2021 01:44:06.688,3.84366,3.8400300000000005,1.5,1
05.08.2021 01:44:15.337,3.8439400000000004,3.84027,1.5,1
05.08.2021 01:44:15.560,3.8439400000000004,3.84002,1.5,1.5
05.08.2021 01:44:29.632,3.84385,3.8403,1.5,1
05.08.2021 01:44:29.821,3.84386,3.8402000000000003,1.5,1.5
05.08.2021 01:44:44.568,3.84362,3.8402000000000003,1.5,1.5
05.08.2021 01:45:26.549,3.8437699999999997,3.8400300000000005,1.5,1.5
05.08.2021 01:45:26.717,3.8437800000000006,3.84002,1.5,1.5
05.08.2021 01:46:11.013,3.84396,3.8400900000000004,1.5,1
05.08.2021 01:46:24.156,3.8438800000000004,3.84002,1.5,1.5
05.08.2021 01:46:34.954,3.84381,3.84002,1.5,1.5
05.08.2021 01:46:35.658,3.84381,3.84002,1.5,1.5
05.08.2021 01:47:09.383,3.8437699999999997,3.8400300000000005,1.5,1.5
05.08.2021 01:47:13.953,3.84366,3.84002,1.5,1.5
05.08.2021 01:47:17.207,3.8436000000000003,3.84002,1.5,1.5
05.08.2021 01:47:27.205,3.84366,3.8401300000000003,1.5,1.5
05.08.2021 01:47:49.757,3.8436900000000005,3.8400300000000005,2,1.5
05.08.2021 01:47:52.952,3.8436900000000005,3.8400300000000005,2,1.5
05.08.2021 01:47:55.609,3.8436900000000005,3.8400300000000005,2,1.5
05.08.2021 01:47:55.808,3.8436900000000005,3.8400300000000005,2,1.5
05.08.2021 01:47:56.008,3.8437,3.84002,2,1.5
05.08.2021 01:48:00.454,3.8437,3.84002,2,1.5
05.08.2021 01:48:08.466,3.8437,3.84002,2,1.5
05.08.2021 01:48:24.837,3.8437,3.84002,2,1.5
05.08.2021 01:49:01.519,3.8435699999999997,3.84002,1.5,1.5
05.08.2021 01:50:07.596,3.84366,3.84005,1.5,1
05.08.2021 01:50:09.340,3.8436500000000002,3.8400300000000005,1.5,1.5
05.08.2021 01:50:09.539,3.84366,3.84002,1.5,1.5
05.08.2021 01:50:10.577,3.8436500000000002,3.8400300000000005,1.5,1.5
05.08.2021 01:50:13.175,3.8437,3.84002,1.5,1.5
05.08.2021 01:50:16.746,3.8437,3.84002,1.5,1.5
05.08.2021 01:50:16.997,3.84347,3.8399,1.5,1
05.08.2021 01:50:19.796,3.84347,3.8399,1.5,1
05.08.2021 01:50:20.907,3.84347,3.8399,1.5,1
05.08.2021 01:50:35.369,3.84347,3.8399,1.5,1
05.08.2021 01:50:35.586,3.8434000000000004,3.83972,1.5,1.5
05.08.2021 01:50:50.152,3.84327,3.83972,1.5,1.5
05.08.2021 01:50:52.308,3.8433100000000002,3.83972,1.5,1.5
05.08.2021 01:51:06.064,3.8434900000000005,3.83972,1.5,1.5
05.08.2021 01:51:06.268,3.84346,3.83972,1.5,1.5
05.08.2021 01:51:10.013,3.84351,3.83985,1.5,1
05.08.2021 01:51:10.187,3.84351,3.83987,1.5,1
05.08.2021 01:51:10.550,3.84351,3.8399,1.5,1
05.08.2021 01:51:10.716,3.84351,3.8399,1.5,1
05.08.2021 01:51:14.055,3.84351,3.8399,1.5,1
05.08.2021 01:51:14.889,3.84351,3.8399,1.5,1
05.08.2021 01:51:15.040,3.84351,3.8397699999999997,1.5,1
05.08.2021 01:51:15.241,3.84362,3.83991,1.5,1
05.08.2021 01:51:22.324,3.84362,3.84002,1.5,1.5
05.08.2021 01:51:22.525,3.84362,3.84002,1.5,1.5
05.08.2021 01:51:28.092,3.84362,3.84002,1.5,1.5
05.08.2021 01:51:28.250,3.84361,3.8400300000000005,1.5,1.5
05.08.2021 01:51:41.181,3.8436500000000002,3.84002,1.5,1.5
05.08.2021 01:51:41.363,3.8436500000000002,3.84002,1.5,1.5
05.08.2021 01:51:41.783,3.84362,3.84002,1.5,1.5
05.08.2021 01:51:43.006,3.84362,3.84002,1.5,1.5
05.08.2021 01:51:47.240,3.8437800000000006,3.84002,1.5,1.5
05.08.2021 01:51:50.540,3.8437800000000006,3.8400300000000005,1.5,1.5
05.08.2021 01:51:51.057,3.8437800000000006,3.8399300000000003,1.5,1.5
05.08.2021 01:51:55.249,3.8436800000000004,3.8399300000000003,1.5,1.5
05.08.2021 01:51:57.873,3.84371,3.8398900000000005,1.5,1
05.08.2021 01:52:32.794,3.84371,3.8406800000000003,1.5,1.5
05.08.2021 01:52:32.970,3.8437900000000003,3.8404800000000003,1.5,1.5
05.08.2021 01:52:33.154,3.8437800000000006,3.8404900000000004,1.5,1.5
05.08.2021 01:52:34.906,3.8437800000000006,3.8404900000000004,1,1.5
05.08.2021 01:52:35.122,3.8437800000000006,3.8400300000000005,1.5,1.5
05.08.2021 01:52:35.309,3.84371,3.84002,1.5,1.5
05.08.2021 01:52:36.271,3.8437400000000004,3.84002,1.5,1.5
05.08.2021 01:52:37.150,3.84371,3.8406800000000003,1.5,1.5
05.08.2021 01:52:37.312,3.84371,3.8405800000000005,1,1.5
05.08.2021 01:52:37.754,3.8437,3.84079,1,1
05.08.2021 01:52:37.804,3.84371,3.8403199999999997,1,1.5
05.08.2021 01:52:38.981,3.84376,3.84059,1.5,1.5
05.08.2021 01:52:39.184,3.8437900000000003,3.8402900000000004,1.5,1
05.08.2021 01:52:39.395,3.8437800000000006,3.84019,1.5,1.5
05.08.2021 01:52:40.405,3.8437800000000006,3.8400900000000004,1.5,1.5
05.08.2021 01:52:41.297,3.8437,3.84059,1.5,1.5
05.08.2021 01:52:41.456,3.8437,3.84059,1,1.5
05.08.2021 01:52:43.491,3.84371,3.8402600000000002,1.5,1
05.08.2021 01:52:43.658,3.84376,3.8400300000000005,1.5,1.5
05.08.2021 01:52:44.634,3.8437699999999997,3.84002,1.5,1.5
05.08.2021 01:52:45.526,3.84371,3.8405800000000005,1.5,1.5
05.08.2021 01:52:45.580,3.8437,3.84059,1,1.5
05.08.2021 01:52:45.631,3.8437800000000006,3.84042,1,1.5
05.08.2021 01:52:46.082,3.8437900000000003,3.8407800000000005,1,1
05.08.2021 01:52:46.132,3.8437900000000003,3.84041,1,1.5
05.08.2021 01:52:46.183,3.8437900000000003,3.8408800000000003,1,1
05.08.2021 01:52:46.233,3.8437900000000003,3.8405800000000005,1,1.5
05.08.2021 01:52:46.284,3.8437900000000003,3.8408800000000003,1,1
05.08.2021 01:52:46.349,3.8437900000000003,3.8406800000000003,1,1.5
05.08.2021 01:52:46.399,3.8437900000000003,3.8408800000000003,1,1
05.08.2021 01:52:46.662,3.8437699999999997,3.8408800000000003,1,1
05.08.2021 01:52:46.713,3.84391,3.8408800000000003,1.5,1
05.08.2021 01:52:46.853,3.84391,3.8406800000000003,1.5,1.5
05.08.2021 01:52:47.591,3.84385,3.8406800000000003,1.5,1.5
05.08.2021 01:52:47.796,3.84381,3.8402300000000005,1.5,1
05.08.2021 01:52:48.039,3.8438000000000003,3.8400300000000005,1.5,1.5
05.08.2021 01:52:49.587,3.84387,3.8402300000000005,1.5,1
05.08.2021 01:52:50.274,3.8439,3.84059,1.5,1.5
05.08.2021 01:52:51.592,3.8438800000000004,3.8403300000000007,1.5,1.5
05.08.2021 01:52:51.643,3.84392,3.8403199999999997,1.5,1.5
05.08.2021 01:52:53.624,3.84392,3.8407800000000005,1.5,1
05.08.2021 01:52:53.674,3.84396,3.8406900000000004,1.5,1.5
