Gmt time,Ask,Bid,AskVolume,BidVolume
12.08.2021 00:00:00.018,3.90295,3.89777,1.5,1
12.08.2021 00:00:00.068,3.90296,3.8977800000000005,1.5,1
12.08.2021 00:00:00.270,3.90296,3.89765,1.5,1
12.08.2021 00:00:00.432,3.90296,3.8978900000000003,1.5,1
12.08.2021 00:00:01.027,3.90327,3.8978800000000007,1,1
12.08.2021 00:00:01.217,3.90296,3.8978699999999997,1.5,1.5
12.08.2021 00:00:01.457,3.90295,3.8979900000000005,1.5,1
12.08.2021 00:00:01.611,3.90296,3.8979800000000004,1.5,1
12.08.2021 00:00:03.306,3.90295,3.8977000000000004,1.5,1.5
12.08.2021 00:00:03.506,3.90295,3.8978699999999997,1.5,1
12.08.2021 00:00:05.760,3.90296,3.8978699999999997,1.5,1
12.08.2021 00:00:09.983,3.9028400000000003,3.8979800000000004,1.5,1
12.08.2021 00:00:10.033,3.9028400000000003,3.8979800000000004,1.5,1
12.08.2021 00:00:10.255,3.9028400000000003,3.8979800000000004,1.5,1
12.08.2021 00:00:11.132,3.9028400000000003,3.8979800000000004,1.5,1
12.08.2021 00:00:11.182,3.9026300000000003,3.898,1.5,1
12.08.2021 00:00:11.456,3.9026300000000003,3.89797,1.5,1
12.08.2021 00:00:12.866,3.90261,3.8978699999999997,1,1
12.08.2021 00:00:12.967,3.90261,3.8979000000000004,1,1
12.08.2021 00:00:13.067,3.9026199999999998,3.8978900000000003,1.5,1
12.08.2021 00:00:13.649,3.9026199999999998,3.8979500000000002,1.5,1
12.08.2021 00:00:13.895,3.9026199999999998,3.89811,1.5,1
12.08.2021 00:00:15.528,3.903,3.89812,1.5,1
12.08.2021 00:00:15.725,3.90301,3.89832,1.5,1
12.08.2021 00:00:19.618,3.90301,3.8985600000000002,1.5,1
12.08.2021 00:00:19.669,3.9028300000000007,3.8985600000000002,1,1
12.08.2021 00:00:19.719,3.9032500000000003,3.8985600000000002,1.5,1
12.08.2021 00:00:19.820,3.9030500000000004,3.89847,1.5,1
12.08.2021 00:00:20.023,3.90306,3.89846,1.5,1
12.08.2021 00:00:20.248,3.9029300000000005,3.89846,1.5,1
12.08.2021 00:00:20.513,3.90307,3.89846,1.5,1
12.08.2021 00:00:20.717,3.90306,3.8981000000000003,1.5,1.5
12.08.2021 00:00:20.923,3.90307,3.89825,1.5,1.5
12.08.2021 00:00:21.070,3.90306,3.8985300000000005,1.5,1
12.08.2021 00:00:21.270,3.90307,3.8982699999999997,1.5,1
12.08.2021 00:00:21.535,3.90307,3.8983900000000005,1.5,1
12.08.2021 00:00:21.787,3.9030199999999997,3.89835,1.5,1
12.08.2021 00:00:21.940,3.9032400000000003,3.89835,1,1
12.08.2021 00:00:22.278,3.90306,3.8981500000000002,1.5,1.5
12.08.2021 00:00:22.379,3.90307,3.89805,1.5,1
12.08.2021 00:00:22.580,3.90307,3.89826,1.5,1
12.08.2021 00:00:22.735,3.9030800000000005,3.89817,1.5,1
12.08.2021 00:00:22.987,3.9032,3.89832,1.5,1
12.08.2021 00:00:23.390,3.90315,3.89805,1.5,1
12.08.2021 00:00:23.564,3.9031400000000005,3.89851,1.5,1
12.08.2021 00:00:23.765,3.9029800000000003,3.89851,1.5,1
12.08.2021 00:00:23.981,3.90309,3.89851,1.5,1
12.08.2021 00:00:24.213,3.9029000000000003,3.8985000000000003,1.5,1
12.08.2021 00:00:24.433,3.90292,3.8981500000000002,1.5,1
12.08.2021 00:00:24.634,3.9029300000000005,3.89835,1.5,1.5
12.08.2021 00:00:24.837,3.9030300000000007,3.8984800000000006,1.5,1
12.08.2021 00:00:25.012,3.9030300000000007,3.8984800000000006,1.5,1
12.08.2021 00:00:25.215,3.903,3.8984800000000006,1.5,1
12.08.2021 00:00:26.083,3.9030300000000007,3.8981900000000005,1.5,1
12.08.2021 00:00:26.284,3.9031000000000002,3.8985300000000005,1.5,1
12.08.2021 00:00:26.440,3.9031000000000002,3.8985300000000005,1.5,1
12.08.2021 00:00:26.853,3.9029400000000005,3.89854,1.5,1
12.08.2021 00:00:27.301,3.9029400000000005,3.89831,1.5,1
12.08.2021 00:00:27.498,3.9031000000000002,3.89831,1.5,1
12.08.2021 00:00:27.700,3.90306,3.8986,1.5,1
12.08.2021 00:00:27.901,3.9030300000000007,3.89854,1,1
12.08.2021 00:00:27.954,3.90317,3.89854,1.5,1
12.08.2021 00:00:28.536,3.90307,3.8981000000000003,1.5,1
12.08.2021 00:00:28.690,3.90307,3.89831,1.5,1
12.08.2021 00:00:28.894,3.90306,3.89855,1.5,1
12.08.2021 00:00:29.141,3.90307,3.8985600000000002,1.5,1
12.08.2021 00:00:29.319,3.9030199999999997,3.89831,1.5,1
12.08.2021 00:00:29.520,3.9030400000000003,3.89854,1.5,1
12.08.2021 00:00:29.908,3.9030199999999997,3.8985600000000002,1.5,1
12.08.2021 00:00:30.088,3.9027400000000005,3.89861,1.5,1
12.08.2021 00:00:30.290,3.9027400000000005,3.89852,1.5,1
12.08.2021 00:00:30.692,3.90291,3.8986300000000003,1.5,1
12.08.2021 00:00:30.893,3.9028300000000007,3.8985900000000004,1.5,1
12.08.2021 00:00:31.055,3.90297,3.8985900000000004,1.5,1
12.08.2021 00:00:31.258,3.9028,3.8986,1.5,1
12.08.2021 00:00:31.606,3.90286,3.8985900000000004,1.5,1
12.08.2021 00:00:31.965,3.9028400000000003,3.8985600000000002,1.5,1
12.08.2021 00:00:32.119,3.90287,3.89831,1.5,1
12.08.2021 00:00:32.320,3.9028800000000006,3.89851,1.5,1
12.08.2021 00:00:48.440,3.9028199999999997,3.8984400000000003,1.5,1
12.08.2021 00:00:48.621,3.9028199999999997,3.8984400000000003,1.5,1
12.08.2021 00:00:48.872,3.9028199999999997,3.8984400000000003,1.5,1
12.08.2021 00:00:49.948,3.9028199999999997,3.89835,1.5,1.5
12.08.2021 00:00:50.436,3.9028199999999997,3.89835,1.5,1.5
12.08.2021 00:00:51.040,3.9027800000000004,3.8984,1,1.5
12.08.2021 00:00:51.352,3.9028199999999997,3.8986300000000003,1.5,1
12.08.2021 00:00:51.930,3.90267,3.89851,1,1
12.08.2021 00:00:52.031,3.90272,3.8986,1,1
12.08.2021 00:00:52.254,3.9027000000000003,3.89831,1,1
12.08.2021 00:00:52.457,3.9027400000000005,3.8985900000000004,1,1
12.08.2021 00:00:52.507,3.9027300000000005,3.8986,1,1
12.08.2021 00:00:52.708,3.90269,3.89852,1,1
12.08.2021 00:00:54.126,3.90272,3.8986800000000006,1,1
12.08.2021 00:00:54.280,3.90272,3.8986800000000006,1,1
12.08.2021 00:00:59.993,3.90252,3.8984900000000002,1,1
12.08.2021 00:01:00.166,3.90252,3.8984900000000002,1,1
12.08.2021 00:01:52.263,3.9023300000000005,3.89845,1.5,1
12.08.2021 00:01:52.704,3.90232,3.8982900000000003,1,1
12.08.2021 00:02:03.300,3.90211,3.89817,1.5,1
12.08.2021 00:02:03.541,3.90211,3.89817,1.5,1
12.08.2021 00:02:03.906,3.90211,3.89817,1.5,1
12.08.2021 00:02:04.020,3.90211,3.89817,1.5,1
12.08.2021 00:02:05.352,3.90211,3.89817,1.5,1
12.08.2021 00:02:12.288,3.90211,3.89817,1.5,1
12.08.2021 00:02:14.415,3.90211,3.89817,1.5,1
12.08.2021 00:02:18.388,3.90211,3.89817,1.5,1
12.08.2021 00:02:25.592,3.90211,3.8982400000000004,1.5,1
12.08.2021 00:02:47.787,3.9020800000000007,3.89785,1,1.5
12.08.2021 00:03:06.041,3.9020800000000007,3.89785,1,1.5
12.08.2021 00:03:07.416,3.90211,3.8979500000000002,1.5,1.5
12.08.2021 00:03:07.640,3.9021000000000003,3.8982300000000003,1.5,1
12.08.2021 00:03:07.827,3.90211,3.8982900000000003,1.5,1
12.08.2021 00:03:36.249,3.9022800000000006,3.89846,1.5,1
12.08.2021 00:03:36.587,3.9022400000000004,3.8987400000000005,1,1
12.08.2021 00:03:46.360,3.90225,3.8987300000000005,1,1
12.08.2021 00:03:50.687,3.9022400000000004,3.8987400000000005,1,1
12.08.2021 00:03:57.609,3.90225,3.8987300000000005,1,1
12.08.2021 00:04:02.732,3.9023800000000004,3.89886,1,1
12.08.2021 00:04:03.239,3.90232,3.8988,1,1
12.08.2021 00:04:03.361,3.90231,3.89881,1,1
12.08.2021 00:04:03.462,3.9023800000000004,3.89886,1,1
12.08.2021 00:04:04.974,3.9024800000000006,3.8991300000000004,1.5,1
12.08.2021 00:04:05.757,3.9024800000000006,3.8991300000000004,1.5,1
12.08.2021 00:04:07.753,3.9024800000000006,3.8991300000000004,1.5,1
12.08.2021 00:04:13.684,3.9024800000000006,3.8991300000000004,1.5,1
12.08.2021 00:04:30.468,3.90275,3.8992500000000003,1.5,1
12.08.2021 00:04:30.796,3.9027400000000005,3.89926,1.5,1
12.08.2021 00:04:46.388,3.9026199999999998,3.89912,1,1
12.08.2021 00:04:48.232,3.9026300000000003,3.89911,1,1
12.08.2021 00:04:48.434,3.9025300000000005,3.8990300000000007,1,1
12.08.2021 00:04:56.674,3.90254,3.8990199999999997,1,1
12.08.2021 00:05:16.081,3.9025000000000003,3.8990300000000007,1.5,1
12.08.2021 00:05:18.274,3.90236,3.8988500000000004,1,1
12.08.2021 00:05:18.538,3.90226,3.89877,1,1
12.08.2021 00:05:18.960,3.90221,3.89869,1,1
12.08.2021 00:05:19.174,3.90221,3.89869,1,1
12.08.2021 00:05:22.972,3.90221,3.89869,1,1
12.08.2021 00:05:25.389,3.9023000000000003,3.8988300000000007,1.5,1
12.08.2021 00:05:26.884,3.90231,3.8988199999999997,1.5,1
12.08.2021 00:05:27.086,3.90231,3.8988199999999997,1.5,1
12.08.2021 00:05:39.410,3.90231,3.8988199999999997,1.5,1
12.08.2021 00:05:49.657,3.9022,3.8986800000000006,1,1
12.08.2021 00:05:57.021,3.90222,3.8987300000000005,1,1
12.08.2021 00:05:59.235,3.90222,3.8987300000000005,1,1
12.08.2021 00:06:32.532,3.9020400000000004,3.89867,1.5,1
12.08.2021 00:06:37.382,3.90205,3.8986,1.5,1
12.08.2021 00:06:37.582,3.90205,3.8985300000000005,1.5,1
12.08.2021 00:06:59.723,3.9020400000000004,3.89854,1.5,1
12.08.2021 00:07:05.043,3.90205,3.8985300000000005,1.5,1
12.08.2021 00:07:09.758,3.9019500000000003,3.8984199999999998,1.62,1
12.08.2021 00:07:14.118,3.9019500000000003,3.8984199999999998,1.62,1
12.08.2021 00:07:14.396,3.9019500000000003,3.8984199999999998,1.62,1
12.08.2021 00:07:14.597,3.90196,3.89841,1.62,1
12.08.2021 00:07:40.805,3.90196,3.89851,1.5,1
12.08.2021 00:07:40.993,3.90196,3.89851,1.5,1
12.08.2021 00:08:15.356,3.9019500000000003,3.89852,1.5,1
12.08.2021 00:08:25.051,3.90196,3.89851,1.5,1
12.08.2021 00:08:25.252,3.9019500000000003,3.89841,1,1
12.08.2021 00:09:13.582,3.9019500000000003,3.8984400000000003,1.5,1
12.08.2021 00:09:14.143,3.90196,3.8984300000000003,1.5,1
12.08.2021 00:09:42.462,3.9018100000000002,3.89837,1.5,1
12.08.2021 00:09:43.158,3.9018100000000002,3.89837,1.5,1
12.08.2021 00:09:46.859,3.9018,3.89831,1.5,1
12.08.2021 00:10:27.939,3.9018,3.8983800000000004,1.5,1
12.08.2021 00:10:29.509,3.90177,3.8982300000000003,1,1
12.08.2021 00:11:16.653,3.90177,3.8982300000000003,1,1
12.08.2021 00:11:30.967,3.9017800000000005,3.8982400000000004,1,1
12.08.2021 00:11:40.288,3.9016300000000004,3.89817,1.5,1
12.08.2021 00:11:40.389,3.9016100000000002,3.89811,1,1
12.08.2021 00:11:43.887,3.90156,3.8980400000000004,1,1
12.08.2021 00:11:50.995,3.9015500000000003,3.89805,1,1
12.08.2021 00:12:01.793,3.90156,3.8980400000000004,1,1
12.08.2021 00:12:14.118,3.90156,3.8980400000000004,1,1
12.08.2021 00:12:14.320,3.90162,3.8981000000000003,1,1
12.08.2021 00:12:15.437,3.90162,3.8981000000000003,1,1
12.08.2021 00:15:02.538,3.90162,3.89625,1.5,1.5
12.08.2021 00:15:06.716,3.90162,3.89814,1.5,1
12.08.2021 00:15:20.136,3.90162,3.8982,1.5,1
12.08.2021 00:15:24.346,3.90162,3.89812,1.62,1
12.08.2021 00:15:33.797,3.9015500000000003,3.89805,1,1
12.08.2021 00:15:40.188,3.9015500000000003,3.89805,1,1
12.08.2021 00:15:50.262,3.90156,3.8980400000000004,1,1
12.08.2021 00:15:50.460,3.9015500000000003,3.89805,1,1
12.08.2021 00:15:50.696,3.90156,3.8980400000000004,1,1
12.08.2021 00:16:42.744,3.90177,3.89607,1.5,1.5
12.08.2021 00:16:44.213,3.90177,3.89607,1.5,1.5
12.08.2021 00:16:44.813,3.90177,3.89607,1.5,1.5
12.08.2021 00:16:50.061,3.90177,3.89607,1.5,1.5
12.08.2021 00:16:59.889,3.90177,3.89607,1.5,1.5
12.08.2021 00:17:00.753,3.90176,3.8960800000000004,1.5,1.5
12.08.2021 00:17:04.364,3.9016300000000004,3.8981000000000003,1,1
12.08.2021 00:17:11.811,3.9016400000000004,3.8980900000000003,1,1
12.08.2021 00:17:12.013,3.9016400000000004,3.8980900000000003,1,1
12.08.2021 00:17:16.586,3.9016400000000004,3.8980900000000003,1,1
12.08.2021 00:17:19.692,3.90172,3.8982,1,1
12.08.2021 00:17:20.093,3.90157,3.8980699999999997,1,1
12.08.2021 00:17:22.290,3.9015800000000005,3.89806,1,1
12.08.2021 00:17:33.261,3.9014900000000003,3.89806,1.5,1
12.08.2021 00:17:33.461,3.90122,3.8978900000000003,1.5,1.5
12.08.2021 00:17:36.467,3.90121,3.8979000000000004,1.5,1.5
12.08.2021 00:17:36.669,3.90122,3.89796,1.5,1
12.08.2021 00:18:23.646,3.9014900000000003,3.8981000000000003,1.5,1
12.08.2021 00:18:24.107,3.9014800000000003,3.89816,1.5,1
12.08.2021 00:18:28.279,3.9014800000000003,3.89816,1.5,1
12.08.2021 00:18:47.318,3.9014900000000003,3.89831,1.5,1
12.08.2021 00:18:47.520,3.9014800000000003,3.89832,1.5,1
12.08.2021 00:19:03.188,3.9016900000000003,3.89831,1.5,1
12.08.2021 00:20:14.093,3.9016900000000003,3.8962800000000004,1.5,1.5
12.08.2021 00:20:19.352,3.9016800000000003,3.8962900000000005,1.5,1.5
12.08.2021 00:21:04.947,3.9016900000000003,3.8962800000000004,1.5,1.5
12.08.2021 00:21:08.746,3.9016800000000003,3.8983900000000005,1.5,1
12.08.2021 00:21:10.970,3.9016900000000003,3.89855,1.5,1
12.08.2021 00:21:12.894,3.9016900000000003,3.89855,1.5,1
12.08.2021 00:21:13.124,3.90194,3.89867,1.5,1
12.08.2021 00:22:39.574,3.90194,3.8965199999999998,1.5,1.5
12.08.2021 00:22:44.370,3.9019500000000003,3.89651,1.5,1.5
12.08.2021 00:22:44.570,3.9019500000000003,3.89651,1.5,1.5
12.08.2021 00:23:29.292,3.9019500000000003,3.89857,1.5,1
12.08.2021 00:23:51.648,3.90194,3.8986400000000003,1.5,1
12.08.2021 00:25:32.907,3.9019500000000003,3.8987600000000002,1.5,1
12.08.2021 00:25:46.237,3.9021500000000002,3.8988500000000004,1.5,1
12.08.2021 00:26:02.200,3.9021500000000002,3.8988500000000004,1.5,1
12.08.2021 00:26:02.401,3.9021500000000002,3.8988500000000004,1.5,1
12.08.2021 00:26:13.972,3.9021500000000002,3.8988500000000004,1.5,1
12.08.2021 00:26:14.648,3.9021500000000002,3.8988500000000004,1.5,1
12.08.2021 00:26:14.848,3.9021500000000002,3.89871,1.5,1.5
12.08.2021 00:27:19.494,3.9021500000000002,3.8986400000000003,1.5,1
12.08.2021 00:27:22.189,3.9021500000000002,3.8986400000000003,1.5,1
12.08.2021 00:27:25.843,3.9021500000000002,3.8986400000000003,1.5,1
12.08.2021 00:28:04.404,3.9021500000000002,3.89871,1.5,1
12.08.2021 00:28:05.079,3.9021500000000002,3.8988500000000004,1.5,1
12.08.2021 00:28:12.264,3.9021500000000002,3.89875,1.5,1
12.08.2021 00:28:13.158,3.9021500000000002,3.89875,1.5,1
12.08.2021 00:29:41.989,3.90212,3.89869,1.5,1
12.08.2021 00:29:42.220,3.90211,3.8988300000000007,1.5,1
12.08.2021 00:29:50.846,3.90212,3.8988199999999997,1.5,1
12.08.2021 00:30:00.309,3.90212,3.8988199999999997,1.5,1
12.08.2021 00:30:01.950,3.90212,3.8988199999999997,1.5,1
12.08.2021 00:30:18.862,3.90217,3.8988199999999997,1.5,1
12.08.2021 00:30:43.489,3.90217,3.89725,1.5,1.5
12.08.2021 00:30:43.913,3.90217,3.8987600000000002,1.5,1
12.08.2021 00:30:45.845,3.90217,3.8987600000000002,1.5,1
12.08.2021 00:30:49.759,3.90217,3.8987600000000002,1.5,1
12.08.2021 00:31:21.333,3.90214,3.8986199999999998,1,1
12.08.2021 00:32:00.254,3.90206,3.8986500000000004,1.5,1
12.08.2021 00:32:10.950,3.90205,3.89866,1.5,1
12.08.2021 00:32:42.190,3.90205,3.89866,1.5,1
12.08.2021 00:32:48.160,3.90206,3.8986500000000004,1.5,1
12.08.2021 00:32:49.119,3.90205,3.8986400000000003,1.5,1
12.08.2021 00:33:13.472,3.90206,3.8986300000000003,1.5,1
12.08.2021 00:33:15.571,3.90206,3.8986300000000003,1.5,1
12.08.2021 00:33:23.829,3.90206,3.8985600000000002,1.5,1
12.08.2021 00:33:51.567,3.90206,3.8985600000000002,1.5,1
12.08.2021 00:34:13.831,3.90205,3.89857,1.5,1
12.08.2021 00:34:14.032,3.90206,3.8985600000000002,1.5,1
12.08.2021 00:34:32.916,3.90206,3.8986500000000004,1.5,1
12.08.2021 00:34:44.343,3.90206,3.8986500000000004,1.5,1
12.08.2021 00:34:44.543,3.90206,3.8985800000000004,1.5,1
12.08.2021 00:35:02.399,3.90206,3.8985800000000004,1.5,1
12.08.2021 00:35:06.602,3.90206,3.8986500000000004,1.5,1
12.08.2021 00:35:33.541,3.90205,3.89872,1.5,1
12.08.2021 00:35:38.550,3.90205,3.89872,1.5,1
12.08.2021 00:35:45.260,3.90206,3.89871,1.5,1
12.08.2021 00:35:59.970,3.90206,3.8988199999999997,1.5,1
12.08.2021 00:37:52.050,3.9022300000000003,3.89891,1.5,1
12.08.2021 00:37:52.207,3.90222,3.89892,1.5,1
12.08.2021 00:37:52.408,3.9022300000000003,3.89891,1.5,1
12.08.2021 00:38:24.417,3.9022300000000003,3.8989800000000003,1.5,1
12.08.2021 00:38:24.622,3.9022300000000003,3.8989800000000003,1.5,1
12.08.2021 00:39:14.799,3.90222,3.8989900000000004,1.5,1
12.08.2021 00:39:51.134,3.90222,3.89719,1.5,1.5
12.08.2021 00:40:04.234,3.9022300000000003,3.8971800000000005,1.5,1.5
12.08.2021 00:40:11.369,3.90222,3.89719,1.5,1.5
12.08.2021 00:40:37.860,3.9022300000000003,3.8971800000000005,1.5,1.5
12.08.2021 00:40:39.833,3.9022300000000003,3.8971800000000005,1.5,1.5
12.08.2021 00:41:57.866,3.90212,3.8990199999999997,1.5,1
12.08.2021 00:42:03.308,3.90212,3.8990199999999997,1.5,1
12.08.2021 00:42:06.704,3.9023000000000003,3.8991300000000004,1.5,1
12.08.2021 00:42:30.775,3.9024300000000003,3.8992,1.5,1
12.08.2021 00:42:33.309,3.9026800000000006,3.8993,1.5,1
12.08.2021 00:42:34.581,3.9026800000000006,3.8993,1.5,1
12.08.2021 00:42:34.812,3.9026800000000006,3.89916,1.5,1
12.08.2021 00:42:34.866,3.9026800000000006,3.89916,1.5,1
12.08.2021 00:42:59.046,3.9026800000000006,3.89916,1.5,1
12.08.2021 00:42:59.482,3.9026800000000006,3.8992300000000006,1.5,1
12.08.2021 00:43:01.984,3.9026800000000006,3.8992800000000005,1.5,1
12.08.2021 00:43:02.402,3.9026800000000006,3.8992199999999997,1.5,1
12.08.2021 00:43:20.193,3.9026800000000006,3.8992199999999997,1.5,1
12.08.2021 00:43:25.096,3.9026800000000006,3.89929,1.5,1
12.08.2021 00:43:59.905,3.9026800000000006,3.89929,1.5,1
12.08.2021 00:44:05.122,3.9026800000000006,3.89931,1.5,1
12.08.2021 00:44:07.183,3.90267,3.89932,1.5,1
12.08.2021 00:44:08.688,3.90267,3.8992199999999997,1.5,1
12.08.2021 00:44:34.148,3.9026800000000006,3.89921,1.5,1
12.08.2021 00:44:34.376,3.90267,3.89935,1.5,1
12.08.2021 00:44:43.183,3.90267,3.89935,1.5,1
12.08.2021 00:44:43.384,3.9026800000000006,3.89927,1.5,1
12.08.2021 00:45:00.764,3.9026800000000006,3.8993400000000005,1.5,1
12.08.2021 00:46:01.815,3.9026800000000006,3.8976,1.5,1.5
12.08.2021 00:46:02.018,3.9026800000000006,3.89942,1.5,1
12.08.2021 00:46:04.749,3.9026800000000006,3.89942,1.5,1
12.08.2021 00:46:04.952,3.9026800000000006,3.89949,1.5,1
12.08.2021 00:46:05.707,3.9026800000000006,3.89949,1.5,1
12.08.2021 00:46:54.744,3.9031400000000005,3.89967,1.5,1
12.08.2021 00:46:54.902,3.9031400000000005,3.89967,1.5,1
12.08.2021 00:46:55.103,3.9031300000000004,3.8996800000000005,1.5,1
12.08.2021 00:47:03.130,3.9031300000000004,3.89981,1.5,1
12.08.2021 00:47:13.781,3.9031400000000005,3.8998800000000005,1.5,1
12.08.2021 00:47:30.702,3.9031300000000004,3.8998900000000005,1.5,1
12.08.2021 00:47:30.814,3.9033400000000005,3.9000000000000004,1.5,1
12.08.2021 00:47:50.247,3.9033300000000004,3.90007,1.5,1
12.08.2021 00:47:50.449,3.9035699999999998,3.9001900000000003,1.5,1
12.08.2021 00:47:53.290,3.9035800000000003,3.9001800000000006,1.5,1
12.08.2021 00:47:59.550,3.9035699999999998,3.9001900000000003,1.5,1
12.08.2021 00:48:01.057,3.9035699999999998,3.9001900000000003,1.5,1
12.08.2021 00:48:06.721,3.9035800000000003,3.9002000000000003,1.5,1
12.08.2021 00:48:08.020,3.9035699999999998,3.90021,1.5,1
12.08.2021 00:48:11.086,3.9035699999999998,3.90021,1.5,1
12.08.2021 00:48:34.903,3.9035800000000003,3.9001400000000004,1.5,1
12.08.2021 00:48:35.082,3.9035800000000003,3.90006,1.5,1
12.08.2021 00:48:38.366,3.9035400000000005,3.9000000000000004,1,1
12.08.2021 00:48:39.052,3.9033400000000005,3.8998800000000005,1.5,1
12.08.2021 00:48:40.559,3.9033400000000005,3.8998800000000005,1.5,1
12.08.2021 00:48:40.848,3.9033400000000005,3.8998800000000005,1.5,1
12.08.2021 00:48:50.026,3.9033400000000005,3.8998800000000005,1.5,1
12.08.2021 00:48:50.617,3.9033400000000005,3.8998800000000005,1.5,1
12.08.2021 00:49:00.234,3.9033300000000004,3.8998900000000005,1.5,1
12.08.2021 00:49:01.125,3.9033400000000005,3.8999699999999997,1.5,1
12.08.2021 00:49:03.968,3.9033400000000005,3.8999699999999997,1.5,1
12.08.2021 00:49:04.170,3.9033300000000004,3.8999,1.5,1
12.08.2021 00:49:13.572,3.9033300000000004,3.8999,1.5,1
12.08.2021 00:49:20.690,3.9033400000000005,3.89996,1.5,1
12.08.2021 00:49:31.986,3.9033400000000005,3.89996,1.5,1
12.08.2021 00:49:33.796,3.9033300000000004,3.89991,1.5,1
12.08.2021 00:49:36.722,3.9033300000000004,3.89991,1.5,1
12.08.2021 00:49:58.341,3.9033400000000005,3.8998300000000006,1.5,1
12.08.2021 00:50:08.365,3.90311,3.8997900000000003,1.5,1
12.08.2021 00:50:21.952,3.9031000000000002,3.89986,1.5,1
12.08.2021 00:50:22.154,3.9031000000000002,3.89976,1.5,1
12.08.2021 00:50:26.300,3.90311,3.89981,1.5,1
12.08.2021 00:50:38.376,3.9031000000000002,3.89982,1.5,1
12.08.2021 00:52:07.564,3.9031000000000002,3.8997800000000007,1.5,1
12.08.2021 00:52:15.452,3.90311,3.8997699999999997,1.5,1
12.08.2021 00:53:44.403,3.90311,3.8979900000000005,1.5,1.5
12.08.2021 00:53:44.640,3.90309,3.89955,1,1
12.08.2021 00:53:50.187,3.9030800000000005,3.89956,1,1
12.08.2021 00:53:50.391,3.90291,3.8993800000000003,1.5,1
12.08.2021 00:53:53.691,3.9029000000000003,3.8993900000000004,1.5,1
12.08.2021 00:54:04.994,3.9029000000000003,3.8987300000000005,1,1.5
12.08.2021 00:54:05.095,3.9028800000000006,3.8988500000000004,1,1
12.08.2021 00:54:05.195,3.90289,3.89875,1,1
12.08.2021 00:54:05.449,3.9030199999999997,3.89875,1,1
12.08.2021 00:54:05.500,3.90301,3.8989400000000005,1,1
12.08.2021 00:54:06.236,3.90301,3.8987900000000004,1,1
12.08.2021 00:54:06.406,3.9030199999999997,3.8982300000000003,1,1.5
12.08.2021 00:54:07.381,3.90301,3.8988400000000003,1,1
12.08.2021 00:54:07.482,3.90295,3.8984199999999998,1,1.5
12.08.2021 00:54:07.670,3.90295,3.8984199999999998,1,1.5
12.08.2021 00:54:08.233,3.9029400000000005,3.8984300000000003,1,1.5
12.08.2021 00:54:26.910,3.90295,3.8984199999999998,1,1.5
12.08.2021 00:54:27.128,3.9029400000000005,3.89834,1,1
12.08.2021 00:54:29.130,3.90295,3.8982300000000003,1,1.5
12.08.2021 00:54:29.180,3.9026500000000004,3.8981800000000004,1,1.62
12.08.2021 00:54:33.418,3.9026500000000004,3.89822,1,1.5
12.08.2021 00:54:34.483,3.9026400000000003,3.8982400000000004,1,1.5
12.08.2021 00:54:37.071,3.9026500000000004,3.89826,1,1.5
12.08.2021 00:54:49.650,3.9026500000000004,3.89822,1,1.5
12.08.2021 00:54:59.256,3.9026500000000004,3.89822,1,1.5
12.08.2021 00:54:59.918,3.9026400000000003,3.8982300000000003,1,1.5
12.08.2021 00:55:00.530,3.9026500000000004,3.89822,1,1.5
12.08.2021 00:55:00.848,3.9026500000000004,3.89822,1,1.5
12.08.2021 00:55:10.478,3.9029800000000003,3.89812,1,1.5
12.08.2021 00:55:11.540,3.9030800000000005,3.89812,1,1.5
12.08.2021 00:55:11.591,3.9029000000000003,3.89812,1,1.5
12.08.2021 00:55:13.476,3.9031300000000004,3.8981300000000005,1,1.5
12.08.2021 00:55:14.793,3.9033,3.89832,1,1.5
12.08.2021 00:55:14.966,3.9033,3.89822,1,1.5
12.08.2021 00:55:18.938,3.9033,3.89794,1,1
12.08.2021 00:55:19.513,3.9033,3.89822,1,1.5
12.08.2021 00:55:19.564,3.9033900000000004,3.8982300000000003,1,1.5
12.08.2021 00:55:19.685,3.9034,3.89822,1.5,1.5
12.08.2021 00:55:20.561,3.9034,3.8981300000000005,1.5,1.5
12.08.2021 00:55:20.718,3.9034,3.8981300000000005,1.5,1.5
12.08.2021 00:55:21.043,3.9034,3.8981300000000005,1.5,1.5
12.08.2021 00:55:27.192,3.9033900000000004,3.89814,1.5,1.5
12.08.2021 00:55:27.532,3.9034,3.8981300000000005,1.5,1.5
12.08.2021 00:55:32.738,3.9034,3.8985800000000004,1.5,1
12.08.2021 00:55:32.839,3.9028199999999997,3.8988400000000003,1,1.5
12.08.2021 00:55:32.969,3.9027900000000004,3.8988500000000004,1.5,1.5
12.08.2021 00:55:33.490,3.9028,3.8988400000000003,1.5,1
12.08.2021 00:55:33.644,3.9028,3.899,1.5,1
12.08.2021 00:55:33.746,3.9027600000000002,3.89886,1.5,1
12.08.2021 00:55:34.804,3.90277,3.89907,1.5,1
12.08.2021 00:55:35.162,3.90261,3.89906,1,1
12.08.2021 00:57:05.150,3.90236,3.8967800000000006,1.5,1.5
12.08.2021 00:57:05.302,3.90236,3.8989300000000005,1.5,1
12.08.2021 00:58:11.846,3.90236,3.8989300000000005,1.5,1
12.08.2021 00:58:12.051,3.90236,3.8990300000000007,1.5,1
12.08.2021 00:58:14.451,3.90236,3.8990300000000007,1.5,1
12.08.2021 00:58:19.468,3.90236,3.89909,1.5,1
12.08.2021 00:58:28.272,3.9026500000000004,3.8992400000000003,1.5,1
12.08.2021 00:59:15.779,3.9026500000000004,3.8992400000000003,1.5,1
12.08.2021 00:59:15.960,3.9026500000000004,3.8993400000000005,1.5,1
12.08.2021 00:59:16.956,3.9026400000000003,3.89935,1.5,1
12.08.2021 00:59:30.322,3.9026500000000004,3.8993400000000005,1.5,1
12.08.2021 00:59:43.510,3.9026400000000003,3.89935,1.5,1
12.08.2021 00:59:43.913,3.9029000000000003,3.89941,1.5,1
12.08.2021 00:59:44.692,3.90291,3.8994,1.5,1
12.08.2021 00:59:46.663,3.90291,3.8994,1.5,1
12.08.2021 00:59:49.667,3.90291,3.89955,1.5,1
12.08.2021 00:59:50.547,3.90291,3.89955,1.5,1
12.08.2021 00:59:52.743,3.90291,3.89947,1.5,1
12.08.2021 01:00:00.352,3.90291,3.8992800000000005,1.5,1.5
12.08.2021 01:00:09.037,3.90291,3.8990199999999997,1.5,1.5
12.08.2021 01:00:11.981,3.9029000000000003,3.8990300000000007,1.5,1.5
12.08.2021 01:00:23.704,3.90269,3.8992400000000003,1.5,1
12.08.2021 01:00:36.064,3.90269,3.8992400000000003,1.5,1
12.08.2021 01:00:36.265,3.90267,3.89915,1,1
12.08.2021 01:01:10.280,3.9026,3.8991000000000002,1,1
12.08.2021 01:01:10.394,3.90267,3.89915,1.5,1
12.08.2021 01:01:12.116,3.90267,3.89915,1.5,1
12.08.2021 01:01:18.192,3.90267,3.89921,1.5,1
12.08.2021 01:01:25.067,3.9026800000000006,3.8992800000000005,1.5,1
12.08.2021 01:01:25.647,3.9027900000000004,3.89927,1,1
12.08.2021 01:01:28.652,3.90267,3.8994,1.5,1
12.08.2021 01:01:28.853,3.90266,3.89955,1.5,1
12.08.2021 01:01:38.266,3.90311,3.8996900000000005,1.5,1
12.08.2021 01:01:38.466,3.9031000000000002,3.89964,1.5,1
12.08.2021 01:01:38.668,3.90311,3.8996300000000006,1.5,1
12.08.2021 01:01:38.867,3.90311,3.8996300000000006,1.5,1
12.08.2021 01:01:42.074,3.90311,3.89956,1.5,1
12.08.2021 01:01:42.276,3.90311,3.89956,1.5,1
12.08.2021 01:01:44.703,3.90311,3.89956,1.5,1
12.08.2021 01:01:49.192,3.9031000000000002,3.8997300000000004,1.5,1
12.08.2021 01:01:50.614,3.90311,3.89972,1.5,1
12.08.2021 01:01:51.330,3.90311,3.89972,1.5,1
12.08.2021 01:02:03.348,3.90329,3.89987,1.5,1
12.08.2021 01:02:08.161,3.9032800000000005,3.8999699999999997,1.5,1
12.08.2021 01:02:08.505,3.9032800000000005,3.8999699999999997,1.5,1
12.08.2021 01:02:19.975,3.90329,3.89996,1.5,1
12.08.2021 01:02:39.498,3.90352,3.89996,1.5,1
12.08.2021 01:02:43.798,3.90352,3.89996,1.5,1
12.08.2021 01:03:03.599,3.90352,3.89996,1.5,1
12.08.2021 01:03:03.828,3.90337,3.8998500000000003,1,1
12.08.2021 01:03:04.000,3.90335,3.89984,1.5,1
12.08.2021 01:03:10.137,3.90335,3.89984,1.5,1
12.08.2021 01:03:15.192,3.90335,3.8999,1.5,1
12.08.2021 01:03:39.925,3.90335,3.8999,1.5,1
12.08.2021 01:03:43.957,3.90335,3.8999,1.5,1
12.08.2021 01:04:03.184,3.90335,3.8999699999999997,1.5,1
12.08.2021 01:04:04.953,3.90335,3.89987,1.5,1
12.08.2021 01:04:05.114,3.9033300000000004,3.8997800000000007,1,1
12.08.2021 01:04:07.325,3.9033300000000004,3.8997800000000007,1,1
12.08.2021 01:04:10.246,3.9033300000000004,3.8997800000000007,1,1
12.08.2021 01:04:25.741,3.9033300000000004,3.8997800000000007,1,1
12.08.2021 01:04:25.944,3.90311,3.8995800000000003,1.62,1
12.08.2021 01:04:26.144,3.90312,3.8995699999999998,1.62,1
12.08.2021 01:04:26.345,3.9030500000000004,3.8995100000000003,1,1
12.08.2021 01:04:26.891,3.90311,3.89967,1.5,1
12.08.2021 01:04:28.070,3.90312,3.89966,1.5,1
12.08.2021 01:04:32.627,3.90312,3.89966,1.5,1
12.08.2021 01:05:11.067,3.90312,3.89961,1.5,1
12.08.2021 01:05:14.700,3.90312,3.89961,1.5,1
12.08.2021 01:05:14.935,3.90311,3.8997400000000004,1.5,1
12.08.2021 01:05:18.029,3.90311,3.8997400000000004,1.5,1
12.08.2021 01:05:18.229,3.90312,3.89987,1.5,1
12.08.2021 01:05:40.714,3.90312,3.89976,1.5,1
12.08.2021 01:06:07.309,3.90311,3.8997699999999997,1.5,1
12.08.2021 01:06:41.425,3.90312,3.89987,1.5,1
12.08.2021 01:06:41.627,3.90312,3.8999300000000003,1.5,1
12.08.2021 01:06:41.827,3.90312,3.8999300000000003,1.5,1
12.08.2021 01:06:57.467,3.90311,3.8998000000000004,1.5,1
12.08.2021 01:06:58.237,3.90311,3.8998000000000004,1.5,1
12.08.2021 01:07:00.762,3.90311,3.8997300000000004,1.5,1
12.08.2021 01:07:01.991,3.90311,3.89966,1.5,1
12.08.2021 01:08:00.074,3.9028199999999997,3.8996000000000004,1.5,1
12.08.2021 01:08:00.276,3.9028199999999997,3.8997,1,1
12.08.2021 01:08:31.778,3.9028199999999997,3.8997,1,1
12.08.2021 01:08:31.953,3.9030800000000005,3.8997699999999997,1.5,1
12.08.2021 01:08:32.004,3.9030800000000005,3.89986,1.5,1
12.08.2021 01:08:33.874,3.90332,3.9000300000000006,1.5,1
12.08.2021 01:08:34.767,3.90331,3.90004,1.5,1
12.08.2021 01:08:42.692,3.90332,3.9000300000000006,1.5,1
12.08.2021 01:08:49.264,3.90332,3.9000300000000006,1.5,1
12.08.2021 01:08:50.006,3.90331,3.90004,1.5,1
12.08.2021 01:08:51.893,3.90332,3.8999300000000003,1.5,1
12.08.2021 01:09:00.805,3.90331,3.9000300000000006,1.5,1
12.08.2021 01:09:02.344,3.90332,3.90002,1.5,1
12.08.2021 01:09:02.701,3.90332,3.90002,1.5,1
12.08.2021 01:09:03.058,3.90331,3.9000300000000006,1.5,1
12.08.2021 01:09:03.260,3.90332,3.90002,1.5,1
12.08.2021 01:09:07.128,3.90332,3.90002,1.5,1
12.08.2021 01:09:07.330,3.90332,3.8999400000000004,1.5,1
12.08.2021 01:09:38.618,3.90332,3.8999400000000004,1.5,1
12.08.2021 01:09:40.138,3.90331,3.90002,1.5,1
12.08.2021 01:09:42.062,3.90332,3.90001,1.5,1
12.08.2021 01:09:42.262,3.90331,3.90002,1.5,1
12.08.2021 01:09:59.699,3.90332,3.90001,1.5,1
12.08.2021 01:09:59.900,3.90332,3.89992,1.5,1
12.08.2021 01:10:14.317,3.90309,3.8998000000000004,1.5,1
12.08.2021 01:10:16.192,3.90309,3.8997400000000004,1.5,1
12.08.2021 01:10:18.177,3.9030800000000005,3.89975,1.5,1
12.08.2021 01:10:19.324,3.90309,3.8997400000000004,1.5,1
12.08.2021 01:10:39.951,3.90309,3.89986,1.5,1
12.08.2021 01:12:27.832,3.90309,3.89995,1.5,1
12.08.2021 01:12:27.999,3.90329,3.9000300000000006,1.5,1
12.08.2021 01:12:28.201,3.90329,3.9000300000000006,1.5,1
12.08.2021 01:12:39.153,3.90329,3.9001800000000006,1.5,1
12.08.2021 01:12:52.192,3.90355,3.9001800000000006,1.5,1
12.08.2021 01:12:54.665,3.90355,3.9001800000000006,1.5,1
12.08.2021 01:12:59.736,3.9035400000000005,3.9002300000000005,1.5,1
12.08.2021 01:13:06.402,3.9035400000000005,3.9002800000000004,1.5,1
12.08.2021 01:13:11.990,3.90355,3.90027,1.5,1
12.08.2021 01:13:30.889,3.90355,3.90027,1.5,1
12.08.2021 01:13:39.192,3.90355,3.90021,1.5,1
12.08.2021 01:13:46.692,3.90355,3.9001400000000004,1.5,1
12.08.2021 01:13:50.694,3.9035400000000005,3.90015,1.5,1
12.08.2021 01:13:50.897,3.90355,3.9001400000000004,1.5,1
12.08.2021 01:13:51.096,3.90355,3.9001400000000004,1.5,1
12.08.2021 01:14:03.196,3.90355,3.90012,1.5,1
12.08.2021 01:14:13.356,3.9035400000000005,3.9001300000000003,1.5,1
12.08.2021 01:14:28.293,3.9035400000000005,3.9001900000000003,1.5,1
12.08.2021 01:14:29.156,3.9035400000000005,3.9001900000000003,1.5,1
12.08.2021 01:14:34.556,3.9035400000000005,3.9001900000000003,1.5,1
12.08.2021 01:14:35.928,3.90355,3.90012,1.5,1
12.08.2021 01:14:38.103,3.90355,3.90012,1.5,1
12.08.2021 01:15:03.019,3.90355,3.9001300000000003,1.5,1
12.08.2021 01:15:03.970,3.90355,3.9001300000000003,1.5,1
12.08.2021 01:15:10.390,3.9035400000000005,3.9001400000000004,1.5,1
12.08.2021 01:15:16.659,3.90355,3.9001800000000006,1.5,1
12.08.2021 01:15:21.171,3.90355,3.90026,1.5,1
12.08.2021 01:15:22.208,3.90355,3.90026,1.5,1
12.08.2021 01:15:22.405,3.90355,3.90036,1.5,1
12.08.2021 01:15:54.573,3.90355,3.9003,1.5,1
12.08.2021 01:15:55.897,3.90355,3.9002300000000005,1.5,1
12.08.2021 01:16:01.718,3.90355,3.9002300000000005,1.5,1
12.08.2021 01:16:26.183,3.90355,3.9001400000000004,1.5,1
12.08.2021 01:17:02.931,3.90355,3.9001400000000004,1.5,1
12.08.2021 01:17:30.303,3.9035400000000005,3.9002000000000003,1.5,1
12.08.2021 01:17:32.135,3.9035400000000005,3.9002000000000003,1.5,1
12.08.2021 01:17:42.394,3.90355,3.9001900000000003,1.5,1
12.08.2021 01:17:58.170,3.90355,3.9001900000000003,1.5,1
12.08.2021 01:18:06.015,3.90355,3.9001900000000003,1.5,1
12.08.2021 01:18:06.215,3.9035400000000005,3.90031,1.5,1
12.08.2021 01:18:06.415,3.9035400000000005,3.90037,1.5,1
12.08.2021 01:19:06.100,3.90355,3.90036,1.5,1
12.08.2021 01:19:06.300,3.90355,3.9003,1.5,1
12.08.2021 01:20:16.511,3.90355,3.90024,1.5,1
12.08.2021 01:20:24.692,3.90355,3.90024,1.5,1
12.08.2021 01:20:31.887,3.90355,3.89825,1.5,1.5
12.08.2021 01:20:32.085,3.90355,3.9003400000000004,1.5,1
12.08.2021 01:20:32.691,3.90355,3.9003400000000004,1.5,1
12.08.2021 01:20:38.475,3.90355,3.9003400000000004,1.5,1
12.08.2021 01:20:38.678,3.90355,3.9003400000000004,1.5,1
12.08.2021 01:20:40.125,3.90355,3.90026,1.5,1
12.08.2021 01:20:43.024,3.90355,3.90026,1.5,1
12.08.2021 01:20:43.795,3.90355,3.90032,1.5,1
12.08.2021 01:20:47.209,3.90355,3.90032,1.5,1
12.08.2021 01:20:47.376,3.90355,3.90032,1.5,1
12.08.2021 01:21:01.608,3.9035400000000005,3.90026,1.5,1
12.08.2021 01:21:06.014,3.9035400000000005,3.90026,1.5,1
12.08.2021 01:21:06.705,3.90355,3.90025,1.5,1
12.08.2021 01:21:14.931,3.90355,3.90025,1.5,1
12.08.2021 01:21:37.335,3.9035400000000005,3.90026,1.5,1
12.08.2021 01:21:43.263,3.9035400000000005,3.90026,1.5,1
12.08.2021 01:22:03.033,3.90335,3.90011,1.5,1
12.08.2021 01:22:05.189,3.90335,3.9000500000000002,1.5,1
12.08.2021 01:22:06.548,3.90335,3.8999900000000003,1.5,1
12.08.2021 01:22:21.557,3.90335,3.8999900000000003,1.5,1
12.08.2021 01:22:22.530,3.90335,3.8999900000000003,1.5,1
12.08.2021 01:22:29.997,3.90335,3.9000500000000002,1.5,1
12.08.2021 01:22:30.199,3.90335,3.9000500000000002,1.5,1
12.08.2021 01:22:31.805,3.90335,3.8999900000000003,1.5,1
12.08.2021 01:22:32.543,3.90335,3.89992,1.5,1
12.08.2021 01:22:32.744,3.90335,3.90001,1.5,1
12.08.2021 01:22:33.037,3.90335,3.90001,1.5,1
12.08.2021 01:23:00.332,3.9033400000000005,3.9000900000000005,1.5,1
12.08.2021 01:23:01.940,3.9033400000000005,3.8999400000000004,1.5,1
12.08.2021 01:23:19.456,3.9033400000000005,3.8999400000000004,1.5,1
12.08.2021 01:23:19.666,3.90309,3.89975,1.5,1.5
12.08.2021 01:24:08.293,3.9030800000000005,3.8997400000000004,1.5,1
12.08.2021 01:24:16.606,3.90309,3.8997300000000004,1.5,1
12.08.2021 01:24:25.996,3.90309,3.8977800000000005,1.5,1.5
12.08.2021 01:24:29.660,3.9030800000000005,3.8977900000000005,1.5,1.5
12.08.2021 01:24:34.213,3.90309,3.8977800000000005,1.5,1.5
12.08.2021 01:24:45.360,3.90309,3.8977800000000005,1.5,1.5
12.08.2021 01:24:50.990,3.90309,3.8977800000000005,1.5,1.5
12.08.2021 01:25:02.024,3.9030800000000005,3.8977900000000005,1.5,1.5
12.08.2021 01:25:02.224,3.90309,3.8977800000000005,1.5,1.5
12.08.2021 01:25:06.260,3.9030800000000005,3.8977900000000005,1.5,1.5
12.08.2021 01:25:22.004,3.9030800000000005,3.89962,1.5,1
12.08.2021 01:25:24.153,3.9028199999999997,3.8996000000000004,1.5,1
12.08.2021 01:25:24.355,3.90281,3.89961,1.5,1
12.08.2021 01:25:32.951,3.90281,3.89961,1.5,1
12.08.2021 01:25:43.253,3.90281,3.8997,1,1
12.08.2021 01:25:44.041,3.90281,3.89976,1,1
12.08.2021 01:25:47.438,3.9028199999999997,3.89975,1.5,1
12.08.2021 01:26:00.928,3.9028199999999997,3.89975,1,1
12.08.2021 01:26:02.302,3.9028199999999997,3.89975,1.5,1
12.08.2021 01:26:04.815,3.90281,3.89976,1,1
12.08.2021 01:26:06.017,3.9028199999999997,3.89975,1,1
12.08.2021 01:26:15.586,3.9028199999999997,3.89975,1,1
12.08.2021 01:26:15.787,3.9028199999999997,3.89975,1.5,1
12.08.2021 01:27:09.153,3.90281,3.8975300000000006,1,1.5
12.08.2021 01:27:09.353,3.9028199999999997,3.89752,1,1.5
12.08.2021 01:27:09.578,3.9030500000000004,3.8977800000000005,1.5,1.5
12.08.2021 01:27:09.766,3.9030500000000004,3.89987,1.5,1
12.08.2021 01:27:13.348,3.9030400000000003,3.89995,1.12,1
12.08.2021 01:27:14.190,3.9030500000000004,3.8999400000000004,1.5,1
12.08.2021 01:27:14.391,3.9030500000000004,3.8999400000000004,1.12,1
12.08.2021 01:27:29.709,3.9030500000000004,3.8999400000000004,1.5,1
12.08.2021 01:29:05.358,3.9030500000000004,3.8977800000000005,1.12,1.5
12.08.2021 01:29:09.411,3.9030500000000004,3.8977800000000005,1.12,1.5
12.08.2021 01:29:09.949,3.9030400000000003,3.9000300000000006,1.12,1
12.08.2021 01:30:01.531,3.90329,3.90002,1.5,1
12.08.2021 01:30:01.895,3.90329,3.90002,1.5,1
12.08.2021 01:30:17.770,3.90329,3.90002,1.5,1
12.08.2021 01:30:21.155,3.90329,3.90002,1.5,1
12.08.2021 01:30:21.359,3.9032800000000005,3.9000300000000006,1.5,1
12.08.2021 01:30:21.578,3.90329,3.89995,1.5,1
12.08.2021 01:30:21.761,3.9032800000000005,3.89996,1.5,1
12.08.2021 01:30:55.077,3.90329,3.8998800000000005,1.5,1
12.08.2021 01:30:56.693,3.90329,3.8998800000000005,1.5,1
12.08.2021 01:30:58.432,3.90329,3.8998800000000005,1.5,1
12.08.2021 01:31:09.060,3.90329,3.89995,1.5,1
12.08.2021 01:31:15.434,3.90329,3.90002,1.5,1
12.08.2021 01:31:18.157,3.90329,3.90002,1.5,1
12.08.2021 01:31:43.394,3.90329,3.89995,1.5,1
12.08.2021 01:31:43.596,3.9032800000000005,3.89996,1.5,1
12.08.2021 01:31:54.963,3.9032800000000005,3.8999,1.5,1
12.08.2021 01:31:55.165,3.90329,3.9000000000000004,1.5,1
12.08.2021 01:32:14.705,3.90329,3.8999400000000004,1.5,1
12.08.2021 01:33:05.432,3.90329,3.89987,1.5,1
12.08.2021 01:33:05.836,3.9030500000000004,3.89972,1.5,1
12.08.2021 01:33:10.076,3.9030500000000004,3.8998300000000006,1.5,1
12.08.2021 01:33:18.187,3.9030500000000004,3.8998300000000006,1.5,1
12.08.2021 01:33:32.256,3.9030500000000004,3.8998300000000006,1.5,1
12.08.2021 01:34:03.969,3.9030500000000004,3.8998300000000006,1.5,1
12.08.2021 01:34:04.122,3.9030500000000004,3.8998300000000006,1.5,1
12.08.2021 01:34:42.893,3.9030400000000003,3.8997699999999997,1.5,1
12.08.2021 01:35:00.094,3.9030500000000004,3.89964,1.5,1
12.08.2021 01:35:00.296,3.9030500000000004,3.89964,1.5,1
12.08.2021 01:35:06.192,3.9030400000000003,3.8996500000000003,1.5,1
12.08.2021 01:35:13.692,3.9030500000000004,3.89964,1.5,1
12.08.2021 01:35:15.103,3.9030500000000004,3.89964,1.5,1
12.08.2021 01:35:23.874,3.9027400000000005,3.8995100000000003,1.5,1
12.08.2021 01:35:24.266,3.90275,3.8994300000000006,1.5,1
12.08.2021 01:35:24.754,3.90275,3.8994300000000006,1.5,1
12.08.2021 01:35:27.851,3.90275,3.8994300000000006,1.5,1
12.08.2021 01:35:28.550,3.90275,3.8994300000000006,1.5,1
12.08.2021 01:35:28.755,3.9027400000000005,3.8994400000000002,1.5,1
12.08.2021 01:35:34.143,3.9027400000000005,3.89931,1.5,1
12.08.2021 01:35:34.548,3.90252,3.8992400000000003,1.5,1
12.08.2021 01:35:37.193,3.90252,3.8992400000000003,1.5,1
12.08.2021 01:35:43.403,3.90252,3.8992400000000003,1.5,1
12.08.2021 01:35:43.628,3.90251,3.8992500000000003,1.5,1
12.08.2021 01:35:52.693,3.90251,3.89932,1.5,1
12.08.2021 01:35:56.446,3.90252,3.89931,1.5,1
12.08.2021 01:36:08.114,3.90251,3.8994400000000002,1,1
12.08.2021 01:36:11.464,3.9027400000000005,3.89952,1.5,1
12.08.2021 01:36:25.330,3.90275,3.8995100000000003,1.5,1
12.08.2021 01:36:25.533,3.9027400000000005,3.89952,1.5,1
12.08.2021 01:36:38.450,3.90275,3.8994500000000003,1.5,1
12.08.2021 01:36:41.449,3.9027400000000005,3.89946,1.5,1
12.08.2021 01:36:45.561,3.9027400000000005,3.89946,1.5,1
12.08.2021 01:37:01.301,3.90275,3.8994400000000002,1.5,1
12.08.2021 01:37:10.674,3.90275,3.8994400000000002,1.5,1
12.08.2021 01:37:10.876,3.9027400000000005,3.8994500000000003,1.5,1
12.08.2021 01:38:52.355,3.90275,3.8994500000000003,1.5,1
12.08.2021 01:39:05.148,3.90275,3.8994500000000003,1.5,1
12.08.2021 01:41:13.520,3.90275,3.8974900000000003,1.5,1.5
12.08.2021 01:41:35.859,3.9027400000000005,3.8995300000000004,1.5,1
12.08.2021 01:41:38.957,3.90275,3.89952,1.5,1
12.08.2021 01:42:01.568,3.9030199999999997,3.8995900000000003,1.5,1
12.08.2021 01:42:01.769,3.90301,3.8997800000000007,1.5,1
12.08.2021 01:42:02.170,3.90301,3.89984,1.5,1
12.08.2021 01:42:03.864,3.9030199999999997,3.8998300000000006,1.5,1
12.08.2021 01:42:10.846,3.9032500000000003,3.9000000000000004,1.5,1
12.08.2021 01:42:11.248,3.9032400000000003,3.90001,1.5,1
12.08.2021 01:42:15.380,3.9032500000000003,3.9000000000000004,1.5,1
12.08.2021 01:42:16.393,3.9032500000000003,3.9000000000000004,1.5,1
12.08.2021 01:42:22.500,3.9032500000000003,3.89991,1.5,1
12.08.2021 01:42:46.580,3.9032500000000003,3.8998500000000003,1.5,1
12.08.2021 01:42:54.194,3.9032500000000003,3.89975,1.5,1
12.08.2021 01:43:05.400,3.9032500000000003,3.89975,1.5,1
12.08.2021 01:43:09.692,3.9032500000000003,3.89975,1.5,1
12.08.2021 01:43:15.407,3.9032400000000003,3.8998500000000003,1.5,1
12.08.2021 01:43:17.490,3.9032500000000003,3.89984,1.5,1
12.08.2021 01:43:18.381,3.9032500000000003,3.8999699999999997,1.5,1
12.08.2021 01:43:27.518,3.9032500000000003,3.9000300000000006,1.5,1
12.08.2021 01:43:29.998,3.9032400000000003,3.90004,1.5,1
12.08.2021 01:43:36.536,3.9032500000000003,3.89996,1.5,1
12.08.2021 01:44:02.988,3.9032500000000003,3.8998900000000005,1.5,1
12.08.2021 01:44:03.190,3.9032500000000003,3.89996,1.5,1
12.08.2021 01:44:16.924,3.9032500000000003,3.89996,1.5,1
12.08.2021 01:44:17.124,3.9032500000000003,3.8998900000000005,1.5,1
12.08.2021 01:44:26.024,3.9032500000000003,3.8998900000000005,1.5,1
12.08.2021 01:44:34.083,3.9032500000000003,3.8999699999999997,1.5,1
12.08.2021 01:45:32.147,3.9032500000000003,3.8999900000000003,1.5,1
12.08.2021 01:45:45.255,3.9032500000000003,3.89992,1.5,1
12.08.2021 01:49:30.967,3.9030199999999997,3.89976,1.5,1
12.08.2021 01:49:31.162,3.9030199999999997,3.89976,1.5,1
12.08.2021 01:49:39.837,3.90301,3.8997699999999997,1.5,1
12.08.2021 01:50:39.839,3.9030199999999997,3.8995699999999998,1.5,1
12.08.2021 01:50:40.468,3.9027400000000005,3.8995800000000003,1.5,1
12.08.2021 01:50:49.691,3.9027400000000005,3.8995800000000003,1.5,1
12.08.2021 01:50:50.618,3.9027400000000005,3.8995100000000003,1.5,1
12.08.2021 01:51:17.673,3.90275,3.89941,1.5,1
12.08.2021 01:51:18.045,3.90275,3.89941,1.5,1
12.08.2021 01:51:18.350,3.9027400000000005,3.89942,1.5,1
12.08.2021 01:51:46.389,3.90275,3.8993800000000003,1.5,1
12.08.2021 01:52:10.502,3.90275,3.8993800000000003,1.5,1
12.08.2021 01:52:10.907,3.9027400000000005,3.8994400000000002,1.5,1
12.08.2021 01:52:26.755,3.90275,3.8994300000000006,1.5,1
12.08.2021 01:52:29.850,3.90275,3.8994300000000006,1.5,1
12.08.2021 01:52:34.830,3.90275,3.8994300000000006,1.5,1
12.08.2021 01:52:42.072,3.90275,3.8995100000000003,1.5,1
12.08.2021 01:52:42.193,3.90255,3.8996500000000003,1,1
12.08.2021 01:52:42.244,3.90275,3.8996500000000003,1.5,1
12.08.2021 01:52:42.294,3.9027400000000005,3.89966,1.12,1
12.08.2021 01:52:42.846,3.90275,3.8995800000000003,1.5,1
12.08.2021 01:52:43.226,3.90254,3.8995900000000003,1,1
12.08.2021 01:52:54.693,3.90255,3.8995800000000003,1,1
12.08.2021 01:53:38.287,3.90269,3.8995100000000003,1.5,1
12.08.2021 01:53:38.490,3.9026800000000006,3.89967,1,1
12.08.2021 01:54:03.576,3.9029800000000003,3.89966,1.5,1
12.08.2021 01:54:52.664,3.90297,3.89972,1.5,1
12.08.2021 01:54:52.864,3.90297,3.8998300000000006,1.5,1
12.08.2021 01:55:28.068,3.9030800000000005,3.90002,1.5,1
12.08.2021 01:55:39.814,3.90307,3.9000300000000006,1,1
12.08.2021 01:55:39.997,3.9030800000000005,3.90002,1.5,1
12.08.2021 01:55:43.369,3.9030800000000005,3.89987,1.5,1
12.08.2021 01:55:43.725,3.9030800000000005,3.9000300000000006,1,1
12.08.2021 01:55:49.404,3.9030800000000005,3.9000300000000006,1.5,1
12.08.2021 01:55:53.203,3.9030800000000005,3.8998800000000005,1.5,1.5
12.08.2021 01:55:53.728,3.90307,3.89976,1.5,1
12.08.2021 01:55:54.132,3.9030800000000005,3.89975,1.5,1
12.08.2021 01:55:58.748,3.903,3.8995,1,1
12.08.2021 01:56:00.869,3.90295,3.8994300000000006,1,1
12.08.2021 01:56:02.248,3.90295,3.8994300000000006,1,1
12.08.2021 01:56:04.303,3.9030300000000007,3.8994800000000005,1,1
12.08.2021 01:56:04.505,3.90296,3.89941,1,1
12.08.2021 01:56:04.666,3.90296,3.89941,1,1
12.08.2021 01:56:12.031,3.9029900000000004,3.8994500000000003,1,1
12.08.2021 01:56:14.988,3.90286,3.8994500000000003,1.5,1
12.08.2021 01:56:15.190,3.90286,3.8995300000000004,1.5,1
12.08.2021 01:56:17.846,3.9028500000000004,3.8995400000000005,1.5,1
12.08.2021 01:56:20.952,3.90286,3.89946,1.5,1
12.08.2021 01:56:33.096,3.90286,3.8995400000000005,1.5,1
12.08.2021 01:56:35.049,3.90286,3.8995400000000005,1.5,1
12.08.2021 01:56:48.755,3.90286,3.8995400000000005,1.5,1
12.08.2021 01:56:54.353,3.9028500000000004,3.89986,1,1
12.08.2021 01:56:54.541,3.90286,3.8997,1.5,1
12.08.2021 01:57:27.351,3.90286,3.89964,1.5,1
12.08.2021 01:57:27.552,3.90286,3.89964,1.5,1
12.08.2021 01:57:37.789,3.9028500000000004,3.8995800000000003,1.5,1
12.08.2021 01:57:39.914,3.9028500000000004,3.8995800000000003,1.5,1
12.08.2021 01:57:55.973,3.90286,3.8995,1.5,1
12.08.2021 01:57:58.578,3.9028500000000004,3.8995100000000003,1.5,1
12.08.2021 01:57:58.787,3.9028500000000004,3.89967,1.5,1
12.08.2021 01:59:22.710,3.9030400000000003,3.89967,1.5,1
12.08.2021 01:59:22.912,3.9030500000000004,3.8995300000000004,1.5,1
12.08.2021 01:59:32.786,3.90281,3.8995400000000005,1.5,1
12.08.2021 01:59:36.721,3.90281,3.8995400000000005,1.5,1
12.08.2021 01:59:41.707,3.9028199999999997,3.8995300000000004,1.5,1
12.08.2021 01:59:44.463,3.90281,3.8995400000000005,1.5,1
12.08.2021 01:59:44.665,3.9028199999999997,3.8995300000000004,1.5,1
12.08.2021 01:59:47.075,3.9028199999999997,3.8995300000000004,1.5,1
12.08.2021 01:59:47.360,3.9028199999999997,3.8995300000000004,1.5,1
12.08.2021 01:59:49.708,3.90281,3.8995400000000005,1.5,1
12.08.2021 01:59:49.893,3.90281,3.89964,1.5,1
12.08.2021 01:59:54.974,3.9028199999999997,3.8996300000000006,1.5,1
12.08.2021 01:59:55.177,3.9028199999999997,3.8996300000000006,1.5,1
12.08.2021 01:59:55.375,3.9028199999999997,3.8996300000000006,1.5,1
12.08.2021 01:59:55.707,3.90281,3.89964,1.5,1
12.08.2021 01:59:56.755,3.9028199999999997,3.8996300000000006,1.5,1
12.08.2021 02:00:00.097,3.90281,3.89964,1.5,1
12.08.2021 02:00:00.519,3.9028199999999997,3.8996300000000006,1.5,1
12.08.2021 02:00:00.746,3.9028199999999997,3.8995300000000004,1.5,1
12.08.2021 02:00:00.924,3.9028199999999997,3.8995300000000004,1.5,1
12.08.2021 02:00:01.491,3.9028199999999997,3.8995300000000004,1.5,1
12.08.2021 02:00:01.690,3.9028199999999997,3.8995300000000004,1.5,1
12.08.2021 02:00:02.466,3.90281,3.8996000000000004,1.5,1
12.08.2021 02:00:02.871,3.90281,3.89967,1.5,1
12.08.2021 02:00:15.102,3.9030400000000003,3.8997400000000004,1.5,1
12.08.2021 02:00:15.302,3.9030400000000003,3.8997400000000004,1.5,1
12.08.2021 02:00:15.504,3.9030500000000004,3.8997300000000004,1.5,1
12.08.2021 02:00:20.365,3.9030400000000003,3.8997400000000004,1.5,1
12.08.2021 02:00:20.567,3.9030500000000004,3.8997300000000004,1.5,1
12.08.2021 02:00:23.300,3.9030400000000003,3.8997400000000004,1.5,1
12.08.2021 02:00:23.436,3.9030500000000004,3.8997300000000004,1.5,1
12.08.2021 02:00:23.575,3.9030500000000004,3.8997300000000004,1.5,1
12.08.2021 02:00:25.983,3.9030500000000004,3.8997300000000004,1.5,1
12.08.2021 02:00:26.181,3.9030500000000004,3.8997300000000004,1.5,1
12.08.2021 02:00:35.405,3.9030500000000004,3.8997300000000004,1.5,1
12.08.2021 02:01:12.845,3.90315,3.8996000000000004,1,1
12.08.2021 02:01:17.127,3.9031400000000005,3.89961,1,1
12.08.2021 02:02:06.840,3.9032400000000003,3.8997900000000003,1.5,1
12.08.2021 02:02:07.007,3.9032400000000003,3.89972,1.5,1
12.08.2021 02:02:07.209,3.9032400000000003,3.89972,1.5,1
12.08.2021 02:02:30.498,3.9032400000000003,3.8997100000000002,1.5,1
12.08.2021 02:02:46.504,3.9031900000000004,3.89964,1,1
12.08.2021 02:02:47.458,3.9031900000000004,3.89964,1,1
12.08.2021 02:02:50.611,3.9031900000000004,3.89964,1,1
12.08.2021 02:03:03.915,3.9032300000000006,3.8997300000000004,1.5,1
12.08.2021 02:03:03.965,3.9032300000000006,3.8997300000000004,1.5,1
12.08.2021 02:03:04.369,3.9032400000000003,3.89981,1.5,1
12.08.2021 02:03:33.384,3.9032400000000003,3.89987,1.5,1
12.08.2021 02:03:34.195,3.9032300000000006,3.8998800000000005,1.5,1
12.08.2021 02:03:44.876,3.9032300000000006,3.8998800000000005,1.5,1
12.08.2021 02:04:13.786,3.9035100000000003,3.90001,1,1
12.08.2021 02:05:08.977,3.90352,3.9000000000000004,1,1
12.08.2021 02:05:09.077,3.9035300000000004,3.9000800000000004,1.5,1
12.08.2021 02:05:09.232,3.9035400000000005,3.90007,1.5,1
12.08.2021 02:05:10.408,3.9035300000000004,3.9000800000000004,1.5,1
12.08.2021 02:05:39.943,3.9035400000000005,3.90007,1.5,1
12.08.2021 02:05:40.339,3.9035300000000004,3.9000800000000004,1.5,1
12.08.2021 02:05:40.976,3.9035300000000004,3.9000800000000004,1.5,1
12.08.2021 02:05:54.696,3.9035400000000005,3.90015,1.5,1
12.08.2021 02:05:59.262,3.9035300000000004,3.90016,1.5,1
12.08.2021 02:05:59.463,3.9035400000000005,3.9000500000000002,1.5,1
12.08.2021 02:06:00.753,3.9035400000000005,3.9000500000000002,1.5,1
12.08.2021 02:06:01.165,3.9035400000000005,3.9001300000000003,1.5,1
12.08.2021 02:06:01.319,3.9035300000000004,3.9001400000000004,1.5,1
12.08.2021 02:06:54.360,3.9035400000000005,3.90024,1.5,1
12.08.2021 02:06:54.517,3.9035300000000004,3.90025,1.5,1
12.08.2021 02:06:56.525,3.9035300000000004,3.9001900000000003,1.5,1
12.08.2021 02:06:57.398,3.9035400000000005,3.9001800000000006,1.5,1
12.08.2021 02:07:23.972,3.9035400000000005,3.90011,1.5,1
12.08.2021 02:07:24.092,3.9035400000000005,3.90011,1.5,1
12.08.2021 02:07:28.674,3.9035400000000005,3.9001400000000004,1.5,1
12.08.2021 02:07:48.743,3.9035400000000005,3.9001400000000004,1.5,1
12.08.2021 02:07:48.970,3.9038300000000006,3.90031,1.5,1
12.08.2021 02:07:49.779,3.90384,3.90045,1.5,1
12.08.2021 02:07:49.880,3.90384,3.90045,1.5,1
12.08.2021 02:07:54.958,3.90384,3.9005199999999998,1.5,1
12.08.2021 02:07:59.696,3.90384,3.9005199999999998,1.5,1
12.08.2021 02:08:22.432,3.90384,3.9005199999999998,1.5,1
12.08.2021 02:08:24.316,3.9041300000000003,3.9005900000000002,1.5,1
12.08.2021 02:08:25.385,3.9041300000000003,3.90067,1.5,1
12.08.2021 02:08:37.634,3.9041300000000003,3.90067,1.5,1
12.08.2021 02:08:38.692,3.9041300000000003,3.90061,1.5,1
12.08.2021 02:09:07.822,3.9041699999999997,3.9006800000000004,1.5,1.5
12.08.2021 02:09:07.980,3.9041699999999997,3.90067,1.5,1
12.08.2021 02:09:10.805,3.9041300000000003,3.90061,1,1
12.08.2021 02:09:15.974,3.9040500000000002,3.9005199999999998,1,1
12.08.2021 02:09:17.740,3.9040500000000002,3.9005199999999998,1,1
12.08.2021 02:09:18.038,3.90406,3.90051,1,1
12.08.2021 02:09:22.521,3.9041800000000006,3.90065,1.62,1
12.08.2021 02:09:23.134,3.90412,3.90057,1,1
12.08.2021 02:09:24.346,3.9041800000000006,3.9006300000000005,1,1
12.08.2021 02:10:01.463,3.90422,3.9006900000000004,1.5,1
12.08.2021 02:10:06.725,3.90406,3.9005199999999998,1,1
12.08.2021 02:10:07.272,3.90406,3.9005199999999998,1,1
12.08.2021 02:10:11.616,3.9040500000000002,3.9005300000000003,1,1
12.08.2021 02:10:22.463,3.90406,3.9005199999999998,1,1
12.08.2021 02:10:23.277,3.9040500000000002,3.9005300000000003,1,1
12.08.2021 02:10:29.614,3.90406,3.9005199999999998,1,1
12.08.2021 02:10:32.354,3.90412,3.9005900000000002,1,1
12.08.2021 02:10:33.405,3.9042000000000003,3.90065,1,1
12.08.2021 02:10:33.961,3.9041800000000006,3.9006300000000005,1,1
12.08.2021 02:10:34.162,3.9041800000000006,3.9006300000000005,1,1
12.08.2021 02:11:00.160,3.9041800000000006,3.9006400000000006,1,1
12.08.2021 02:11:00.562,3.9041699999999997,3.90065,1,1
12.08.2021 02:11:53.697,3.90422,3.90071,1.5,1
12.08.2021 02:11:58.620,3.90422,3.90071,1.5,1
12.08.2021 02:12:08.333,3.9043900000000002,3.90085,1,1
12.08.2021 02:12:41.018,3.9044900000000005,3.90097,1.5,1
12.08.2021 02:12:41.141,3.9044900000000005,3.90097,1.5,1
12.08.2021 02:12:41.342,3.9044800000000004,3.90106,1.5,1
12.08.2021 02:12:48.195,3.9044900000000005,3.90105,1.5,1
12.08.2021 02:12:48.423,3.9044900000000005,3.90099,1.5,1
12.08.2021 02:12:53.785,3.9044800000000004,3.9010000000000002,1.5,1
12.08.2021 02:13:09.446,3.9044900000000005,3.90105,1.5,1
12.08.2021 02:13:09.648,3.9044800000000004,3.90106,1.5,1
12.08.2021 02:13:10.400,3.9044900000000005,3.90105,1.5,1
12.08.2021 02:13:19.196,3.9044900000000005,3.90105,1.5,1
12.08.2021 02:13:29.908,3.9045900000000002,3.90106,1,1
12.08.2021 02:13:30.066,3.9046000000000003,3.90105,1,1
12.08.2021 02:13:34.343,3.90471,3.90117,1,1
12.08.2021 02:14:13.094,3.9047,3.9011800000000005,1,1
12.08.2021 02:14:14.098,3.9047,3.9011800000000005,1,1
12.08.2021 02:14:29.878,3.90471,3.90117,1,1
12.08.2021 02:14:32.132,3.90471,3.90117,1,1
12.08.2021 02:14:37.398,3.9047500000000004,3.90126,1.5,1
12.08.2021 02:14:45.197,3.9047500000000004,3.90126,1.5,1
12.08.2021 02:14:46.398,3.90476,3.90125,1.5,1
12.08.2021 02:14:48.197,3.90476,3.90125,1.5,1
12.08.2021 02:14:56.647,3.9047500000000004,3.90126,1.5,1
12.08.2021 02:14:59.025,3.9047500000000004,3.90126,1.5,1
12.08.2021 02:14:59.178,3.90476,3.90125,1.5,1
12.08.2021 02:15:09.299,3.9047,3.9011800000000005,1,1
12.08.2021 02:15:31.896,3.90457,3.9010400000000005,1,1
12.08.2021 02:15:32.097,3.90456,3.90105,1,1
12.08.2021 02:15:40.098,3.90467,3.90117,1,1
12.08.2021 02:15:49.533,3.9046800000000004,3.90116,1,1
12.08.2021 02:15:51.663,3.9047199999999997,3.9012300000000004,1.5,1
12.08.2021 02:15:56.459,3.9046800000000004,3.9011800000000005,1,1
12.08.2021 02:16:03.197,3.9046900000000004,3.90117,1,1
12.08.2021 02:16:12.408,3.9046900000000004,3.90117,1,1
12.08.2021 02:16:13.065,3.90471,3.90125,1.5,1
12.08.2021 02:16:14.595,3.9047199999999997,3.9012400000000005,1.5,1
12.08.2021 02:16:22.330,3.9047199999999997,3.9012400000000005,1.5,1
12.08.2021 02:16:23.029,3.9047199999999997,3.9013800000000005,1.5,1
12.08.2021 02:16:37.116,3.9049,3.9013800000000005,1,1
12.08.2021 02:17:03.034,3.9049,3.9013800000000005,1,1
12.08.2021 02:17:06.563,3.9048300000000005,3.90131,1,1
12.08.2021 02:17:11.613,3.90467,3.9007400000000003,1,1
12.08.2021 02:17:11.815,3.90462,3.90065,1.5,1
12.08.2021 02:17:12.024,3.90462,3.90065,1.5,1
12.08.2021 02:17:12.412,3.90462,3.90065,1.5,1
12.08.2021 02:17:12.513,3.9046300000000005,3.9005400000000003,1.5,1
12.08.2021 02:17:12.563,3.9046300000000005,3.9006400000000006,1.5,1
12.08.2021 02:17:12.988,3.9046300000000005,3.9006400000000006,1.5,1
12.08.2021 02:17:13.039,3.9046300000000005,3.9006400000000006,1.5,1
12.08.2021 02:17:13.196,3.9046300000000005,3.9006400000000006,1.5,1
12.08.2021 02:17:13.422,3.9046300000000005,3.9006400000000006,1.5,1
12.08.2021 02:17:13.831,3.9046300000000005,3.9005400000000003,1.5,1
12.08.2021 02:17:13.983,3.9046300000000005,3.9006400000000006,1.5,1
12.08.2021 02:17:14.234,3.9046300000000005,3.9007400000000003,1.5,1
12.08.2021 02:17:14.428,3.9046300000000005,3.9005400000000003,1.5,1
12.08.2021 02:17:14.589,3.9046300000000005,3.9005400000000003,1.5,1
12.08.2021 02:17:14.790,3.9046300000000005,3.9005400000000003,1.5,1
12.08.2021 02:17:14.992,3.9046300000000005,3.9005400000000003,1.5,1
12.08.2021 02:17:16.319,3.9044900000000005,3.9005400000000003,1,1
12.08.2021 02:17:16.520,3.9046300000000005,3.9005400000000003,1.5,1
12.08.2021 02:17:16.621,3.9046300000000005,3.9005400000000003,1.5,1
12.08.2021 02:17:16.781,3.9046300000000005,3.9005400000000003,1.5,1
12.08.2021 02:17:17.032,3.90462,3.9005500000000004,1.5,1
12.08.2021 02:17:17.183,3.9046300000000005,3.90044,1.5,1
12.08.2021 02:17:17.386,3.9044900000000005,3.9005400000000003,1,1
12.08.2021 02:17:17.494,3.9046300000000005,3.9005400000000003,1.5,1
12.08.2021 02:17:17.781,3.90446,3.9005500000000004,1,1
12.08.2021 02:17:22.587,3.90447,3.9005500000000004,1,1
12.08.2021 02:17:35.643,3.9043800000000006,3.9006900000000004,1.5,1.5
12.08.2021 02:17:43.616,3.9043900000000002,3.89911,1.5,1.6
12.08.2021 02:18:02.349,3.9043400000000004,3.8993,1.5,1.6
12.08.2021 02:18:31.225,3.9043300000000003,3.9010000000000002,1.5,1
12.08.2021 02:18:35.806,3.9043400000000004,3.90085,1.5,1
12.08.2021 02:18:36.693,3.90411,3.90085,1.5,1
12.08.2021 02:18:36.856,3.90411,3.90065,1.5,1
12.08.2021 02:18:58.948,3.90411,3.90065,1.5,1
12.08.2021 02:18:59.148,3.90411,3.90065,1.5,1
12.08.2021 02:19:16.407,3.90387,3.9006600000000002,1.5,1
12.08.2021 02:19:16.607,3.9038800000000005,3.9005199999999998,1.5,1
12.08.2021 02:19:45.131,3.9038800000000005,3.9005199999999998,1.5,1
12.08.2021 02:19:50.453,3.9038800000000005,3.9005199999999998,1.5,1
12.08.2021 02:19:56.661,3.90364,3.9003400000000004,1.5,1
12.08.2021 02:19:56.860,3.90364,3.9003400000000004,1.5,1
12.08.2021 02:20:01.611,3.90364,3.9003400000000004,1.5,1
12.08.2021 02:20:39.741,3.90364,3.9003400000000004,1.5,1
12.08.2021 02:20:56.697,3.90364,3.8986,1.5,1.5
12.08.2021 02:21:39.534,3.90364,3.8986,1.5,1.5
12.08.2021 02:21:40.363,3.9036300000000006,3.89861,1.5,1.5
12.08.2021 02:21:45.335,3.90364,3.8986,1.5,1.5
12.08.2021 02:21:47.020,3.90364,3.9001900000000003,1.5,1
12.08.2021 02:25:09.222,3.90364,3.8986,1.5,1.5
12.08.2021 02:25:16.136,3.90364,3.8986,1.5,1.5
12.08.2021 02:25:25.148,3.9036300000000006,3.89861,1.5,1.5
12.08.2021 02:25:25.350,3.90341,3.9000500000000002,1.5,1
12.08.2021 02:25:27.300,3.9034,3.90006,1.5,1
12.08.2021 02:25:28.859,3.90341,3.9000500000000002,1.5,1
12.08.2021 02:25:29.838,3.90341,3.9000500000000002,1.5,1
12.08.2021 02:27:21.710,3.90337,3.8980400000000004,1.5,1.5
12.08.2021 02:27:29.695,3.90337,3.8980400000000004,1.5,1.5
12.08.2021 02:28:39.625,3.9031300000000004,3.89992,1.5,1
12.08.2021 02:28:39.741,3.9031300000000004,3.8999800000000007,1.5,1
12.08.2021 02:29:13.858,3.9031300000000004,3.8999800000000007,1.5,1
12.08.2021 02:29:33.041,3.90312,3.8999900000000003,1.5,1
12.08.2021 02:30:03.033,3.9031300000000004,3.89777,1.5,1.5
12.08.2021 02:30:04.205,3.90312,3.8977800000000005,1.5,1.5
12.08.2021 02:30:05.211,3.9031300000000004,3.89992,1.5,1
12.08.2021 02:30:05.368,3.9031300000000004,3.89992,1.5,1
12.08.2021 02:30:11.146,3.9031300000000004,3.89984,1.5,1
12.08.2021 02:30:23.721,3.90312,3.8998500000000003,1.5,1
12.08.2021 02:30:34.965,3.9031300000000004,3.89984,1.5,1
12.08.2021 02:30:42.219,3.9031300000000004,3.89984,1.5,1
12.08.2021 02:30:45.707,3.90312,3.8998500000000003,1.5,1
12.08.2021 02:31:14.154,3.9031300000000004,3.89777,1.5,1.5
12.08.2021 02:31:19.988,3.90312,3.8977800000000005,1.5,1.5
12.08.2021 02:31:23.100,3.9031300000000004,3.89777,1.5,1.5
12.08.2021 02:31:44.997,3.9031300000000004,3.8997100000000002,1.5,1
12.08.2021 02:31:52.044,3.9031300000000004,3.8997100000000002,1.5,1
12.08.2021 02:32:05.086,3.9031300000000004,3.8997699999999997,1.5,1
12.08.2021 02:32:05.287,3.90289,3.89972,1.5,1
12.08.2021 02:33:32.937,3.9029000000000003,3.89956,1.5,1
12.08.2021 02:33:33.118,3.9027400000000005,3.89956,1.5,1
12.08.2021 02:33:42.879,3.9027400000000005,3.89956,1.5,1
12.08.2021 02:34:12.119,3.9027400000000005,3.89956,1.5,1
12.08.2021 02:34:12.321,3.9027300000000005,3.8995699999999998,1.5,1
12.08.2021 02:34:35.652,3.9027400000000005,3.89737,1.5,1.5
12.08.2021 02:34:35.703,3.9027400000000005,3.89937,1.5,1
12.08.2021 02:34:36.195,3.9027300000000005,3.8993800000000003,1.5,1
12.08.2021 02:34:36.397,3.9027300000000005,3.8993800000000003,1.5,1
12.08.2021 02:35:01.849,3.9027400000000005,3.8994400000000002,1.5,1
12.08.2021 02:35:30.502,3.9027300000000005,3.89935,1.5,1
12.08.2021 02:35:48.698,3.9027300000000005,3.89935,1.5,1
12.08.2021 02:35:56.698,3.9027400000000005,3.8993400000000005,1.5,1
12.08.2021 02:36:04.995,3.9027400000000005,3.8993400000000005,1.5,1
12.08.2021 02:36:06.440,3.9027300000000005,3.89935,1.5,1
12.08.2021 02:36:15.051,3.9027300000000005,3.89935,1.5,1
12.08.2021 02:36:17.824,3.9027300000000005,3.89935,1.5,1
12.08.2021 02:36:37.891,3.9027300000000005,3.89947,1.5,1
12.08.2021 02:36:48.570,3.9027400000000005,3.89946,1.5,1
12.08.2021 02:36:48.778,3.9027300000000005,3.89932,1.5,1.5
12.08.2021 02:37:06.193,3.9027400000000005,3.89931,1.5,1.5
12.08.2021 02:37:25.707,3.9027400000000005,3.89931,1.5,1.5
12.08.2021 02:37:25.808,3.90247,3.8992199999999997,1.5,1
12.08.2021 02:37:26.078,3.90246,3.8992300000000006,1.5,1
12.08.2021 02:38:38.212,3.90247,3.89916,1.5,1
12.08.2021 02:38:44.147,3.90247,3.89916,1.5,1
12.08.2021 02:38:59.496,3.90247,3.89711,1.5,1.5
12.08.2021 02:39:02.332,3.90247,3.89711,1.5,1.5
12.08.2021 02:39:12.185,3.90246,3.8971199999999997,1.5,1.5
12.08.2021 02:39:12.385,3.90247,3.8990800000000005,1.5,1
12.08.2021 02:39:12.588,3.90246,3.8990199999999997,1.5,1
12.08.2021 02:39:18.258,3.9022400000000004,3.89901,1.5,1
12.08.2021 02:39:25.088,3.9022400000000004,3.8991400000000005,1,1
12.08.2021 02:40:56.123,3.9022400000000004,3.8968800000000003,1.5,1.5
12.08.2021 02:40:56.324,3.9022400000000004,3.8990400000000003,1.5,1
12.08.2021 02:41:00.698,3.9022300000000003,3.8990500000000003,1.5,1
12.08.2021 02:41:01.050,3.9022400000000004,3.8990400000000003,1.5,1
12.08.2021 02:41:11.165,3.9022400000000004,3.8990400000000003,1.5,1
12.08.2021 02:41:16.199,3.9022400000000004,3.8990400000000003,1.5,1
12.08.2021 02:41:24.199,3.9022400000000004,3.8990400000000003,1.5,1
12.08.2021 02:41:25.902,3.9022400000000004,3.8990400000000003,1.5,1
12.08.2021 02:41:30.290,3.9022400000000004,3.8990400000000003,1.5,1
12.08.2021 02:41:38.759,3.9022400000000004,3.8990400000000003,1.5,1
12.08.2021 02:41:39.193,3.9022400000000004,3.8990400000000003,1.5,1
12.08.2021 02:41:53.638,3.9022400000000004,3.8990400000000003,1.5,1
12.08.2021 02:41:53.839,3.9022400000000004,3.8990400000000003,1.5,1
12.08.2021 02:42:12.149,3.9022300000000003,3.8990500000000003,1.5,1
12.08.2021 02:42:14.024,3.9022400000000004,3.8990400000000003,1.5,1
12.08.2021 02:42:15.965,3.9022400000000004,3.8990400000000003,1.5,1
12.08.2021 02:42:16.188,3.9022300000000003,3.8990500000000003,1.5,1
12.08.2021 02:42:16.390,3.9022300000000003,3.8990500000000003,1.5,1
12.08.2021 02:42:16.593,3.9022400000000004,3.8990400000000003,1.5,1
12.08.2021 02:42:18.113,3.9022300000000003,3.8990500000000003,1.5,1
12.08.2021 02:42:25.066,3.9022400000000004,3.8990400000000003,1.5,1
12.08.2021 02:43:24.498,3.9022400000000004,3.8968800000000003,1.5,1.5
12.08.2021 02:43:24.730,3.9022400000000004,3.8991300000000004,1,1
12.08.2021 02:43:51.268,3.90247,3.8991300000000004,1.5,1
12.08.2021 02:45:45.158,3.90246,3.89915,1.5,1
12.08.2021 02:45:52.489,3.90247,3.8990199999999997,1.5,1
12.08.2021 02:45:57.199,3.90247,3.8990199999999997,1.5,1
12.08.2021 02:45:57.506,3.90247,3.8990199999999997,1.5,1
12.08.2021 02:45:57.925,3.90247,3.8991300000000004,1.5,1
12.08.2021 02:46:19.953,3.90246,3.8991400000000005,1.5,1
12.08.2021 02:46:20.747,3.90247,3.8991300000000004,1.5,1
12.08.2021 02:46:20.855,3.90246,3.8991400000000005,1.5,1
12.08.2021 02:46:21.180,3.90247,3.8991300000000004,1.5,1
12.08.2021 02:46:40.385,3.90247,3.8990500000000003,1.5,1
12.08.2021 02:47:02.483,3.9021900000000005,3.8989000000000003,1.5,1
12.08.2021 02:47:35.593,3.9021900000000005,3.8989000000000003,1.5,1
12.08.2021 02:47:54.199,3.9022,3.8988199999999997,1.5,1
12.08.2021 02:48:15.409,3.9022,3.8988199999999997,1.5,1
12.08.2021 02:48:15.609,3.90197,3.89875,1.5,1
12.08.2021 02:48:26.898,3.90197,3.89875,1.5,1
12.08.2021 02:48:44.492,3.90196,3.8987600000000002,1.5,1
12.08.2021 02:49:04.587,3.90197,3.89871,1.5,1
12.08.2021 02:49:52.409,3.90197,3.8987800000000004,1.5,1
12.08.2021 02:50:04.664,3.90197,3.89869,1.5,1
12.08.2021 02:50:08.885,3.90196,3.8987000000000003,1.5,1
12.08.2021 02:50:09.590,3.90197,3.89869,1.5,1
12.08.2021 02:50:13.211,3.90196,3.89871,1.5,1
12.08.2021 02:50:13.412,3.90197,3.8987600000000002,1.5,1
12.08.2021 02:50:38.935,3.90197,3.8987600000000002,1.5,1
12.08.2021 02:50:43.791,3.90197,3.8987600000000002,1.5,1
12.08.2021 02:50:57.669,3.90197,3.8987600000000002,1.5,1
12.08.2021 02:51:47.665,3.90197,3.8988,1.5,1
12.08.2021 02:52:19.515,3.90197,3.8987300000000005,1.5,1
12.08.2021 02:52:48.226,3.90197,3.8987300000000005,1.5,1
12.08.2021 02:53:03.292,3.90196,3.8988300000000007,1.5,1
12.08.2021 02:53:23.057,3.90196,3.8988300000000007,1.5,1
12.08.2021 02:53:43.804,3.90196,3.8988300000000007,1,1
12.08.2021 02:53:43.855,3.9022400000000004,3.8988199999999997,1.5,1
12.08.2021 02:54:24.992,3.9022400000000004,3.89891,1.5,1
12.08.2021 02:54:25.042,3.9022400000000004,3.89891,1.5,1
12.08.2021 02:54:26.238,3.9022400000000004,3.8990400000000003,1.5,1
12.08.2021 02:55:08.104,3.9022400000000004,3.8990400000000003,1.5,1
12.08.2021 02:55:08.306,3.9022400000000004,3.8990400000000003,1.5,1
12.08.2021 02:55:20.031,3.9022300000000003,3.8989300000000005,1.5,1
12.08.2021 02:55:26.818,3.9022400000000004,3.89892,1.5,1
12.08.2021 02:55:26.978,3.9022400000000004,3.89892,1.5,1
12.08.2021 02:55:29.149,3.9022400000000004,3.89892,1.5,1
12.08.2021 02:56:21.197,3.9022400000000004,3.899,1.5,1
12.08.2021 02:56:40.260,3.9022300000000003,3.89917,1,1
12.08.2021 02:56:40.461,3.9022300000000003,3.89917,1.5,1
12.08.2021 02:57:04.369,3.9022300000000003,3.8991000000000002,1,1
12.08.2021 02:57:04.665,3.90247,3.8991900000000004,1.5,1
12.08.2021 02:57:07.900,3.90247,3.89912,1.5,1
12.08.2021 02:57:15.700,3.90247,3.89912,1.5,1
12.08.2021 02:58:02.437,3.90247,3.89912,1.5,1
12.08.2021 02:58:02.640,3.90247,3.89912,1.5,1
12.08.2021 02:58:39.574,3.90246,3.8991900000000004,1.5,1
12.08.2021 02:58:39.776,3.90247,3.8992500000000003,1.5,1
12.08.2021 02:58:40.112,3.90247,3.8992500000000003,1.5,1
12.08.2021 02:58:40.317,3.90246,3.8993300000000004,1.5,1
12.08.2021 02:58:40.829,3.9027300000000005,3.89947,1.5,1
12.08.2021 02:58:52.673,3.9027300000000005,3.8995300000000004,1.5,1
12.08.2021 02:59:00.388,3.9027400000000005,3.8996000000000004,1,1
12.08.2021 02:59:00.561,3.90296,3.89961,1.5,1
12.08.2021 02:59:00.611,3.90296,3.89961,1.5,1
12.08.2021 02:59:01.116,3.90296,3.8997,1.5,1
12.08.2021 02:59:01.280,3.90297,3.89975,1.5,1
12.08.2021 02:59:04.869,3.90296,3.89976,1.5,1
12.08.2021 02:59:06.151,3.90296,3.89976,1.5,1
12.08.2021 02:59:10.594,3.90296,3.89976,1.5,1
12.08.2021 02:59:35.117,3.90296,3.8995699999999998,1.5,1
12.08.2021 02:59:35.572,3.90297,3.89956,1.5,1
12.08.2021 02:59:35.800,3.90297,3.8995,1.5,1
12.08.2021 02:59:37.021,3.90297,3.8995,1.5,1
12.08.2021 02:59:37.792,3.90297,3.8996000000000004,1.5,1
12.08.2021 02:59:50.393,3.90297,3.8995300000000004,1.5,1
12.08.2021 03:00:00.402,3.90297,3.8993800000000003,1.5,1.5
12.08.2021 03:00:01.224,3.90297,3.8993800000000003,1.5,1.5
12.08.2021 03:00:01.432,3.90297,3.8993800000000003,1.5,1.5
12.08.2021 03:00:01.626,3.90269,3.89929,1.5,1.5
12.08.2021 03:00:13.415,3.9027000000000003,3.8993,1.5,1
12.08.2021 03:00:14.390,3.9027000000000003,3.8993,1.5,1
12.08.2021 03:00:28.317,3.9023300000000005,3.8991400000000005,1.5,1
12.08.2021 03:00:38.700,3.90234,3.89906,1.5,1
12.08.2021 03:00:44.170,3.90234,3.89906,1.5,1
12.08.2021 03:00:51.340,3.90234,3.89906,1.5,1
12.08.2021 03:00:57.285,3.90234,3.8989800000000003,1.5,1
12.08.2021 03:00:57.488,3.9023300000000005,3.8989900000000004,1.5,1
12.08.2021 03:00:57.688,3.90234,3.89891,1.5,1
12.08.2021 03:01:00.385,3.9021000000000003,3.89891,1,1
12.08.2021 03:01:01.563,3.9021000000000003,3.89891,1,1
12.08.2021 03:01:01.933,3.9021000000000003,3.89891,1,1
12.08.2021 03:01:02.073,3.902,3.8988400000000003,1,1
12.08.2021 03:01:02.183,3.902,3.89875,1.5,1
12.08.2021 03:01:02.461,3.902,3.89875,1,1
12.08.2021 03:01:10.137,3.9019900000000005,3.8987600000000002,1.5,1
12.08.2021 03:01:23.017,3.902,3.8985600000000002,1.5,1
12.08.2021 03:01:25.199,3.902,3.8985600000000002,1.5,1
12.08.2021 03:01:27.889,3.902,3.8986400000000003,1.5,1
12.08.2021 03:01:28.112,3.9019900000000005,3.8986500000000004,1.5,1
12.08.2021 03:01:34.740,3.9019900000000005,3.8985800000000004,1.5,1
12.08.2021 03:01:41.072,3.9019900000000005,3.8985800000000004,1.5,1
12.08.2021 03:02:18.549,3.9019900000000005,3.8985800000000004,1.5,1
12.08.2021 03:02:18.750,3.9019900000000005,3.8987000000000003,1.5,1
12.08.2021 03:02:42.016,3.9019900000000005,3.8988400000000003,1,1
12.08.2021 03:02:56.289,3.902,3.8988300000000007,1.5,1
12.08.2021 03:02:56.481,3.9019900000000005,3.8987800000000004,1,1
12.08.2021 03:02:56.681,3.902,3.89877,1.5,1
12.08.2021 03:03:06.177,3.902,3.89877,1,1
12.08.2021 03:03:12.396,3.902,3.89881,1,1
12.08.2021 03:03:12.598,3.9019900000000005,3.8988199999999997,1.5,1
12.08.2021 03:03:13.573,3.9019900000000005,3.8988199999999997,1,1
12.08.2021 03:03:31.434,3.902,3.89875,1.5,1
12.08.2021 03:03:42.338,3.9019900000000005,3.8987600000000002,1,1
12.08.2021 03:03:42.541,3.902,3.8988300000000007,1,1
12.08.2021 03:03:42.917,3.902,3.8987600000000002,1.5,1
12.08.2021 03:04:27.519,3.9019900000000005,3.89869,1.5,1
12.08.2021 03:04:27.674,3.902,3.8986,1.5,1
12.08.2021 03:04:27.876,3.9019900000000005,3.89861,1.5,1
12.08.2021 03:04:46.518,3.9019900000000005,3.89861,1.5,1
12.08.2021 03:04:51.542,3.902,3.8986,1.5,1
12.08.2021 03:04:52.119,3.902,3.89872,1.5,1
12.08.2021 03:05:02.193,3.9019900000000005,3.8987300000000005,1.5,1
12.08.2021 03:05:40.579,3.902,3.8986400000000003,1.5,1
12.08.2021 03:05:40.781,3.9019900000000005,3.8986500000000004,1.5,1
12.08.2021 03:05:51.325,3.9019900000000005,3.89871,1.5,1
12.08.2021 03:06:46.832,3.9020900000000003,3.89891,1.5,1
12.08.2021 03:07:00.701,3.9021000000000003,3.8989000000000003,1,1
12.08.2021 03:07:03.092,3.9021000000000003,3.8989000000000003,1,1
12.08.2021 03:07:06.900,3.9020900000000003,3.89901,1,1
12.08.2021 03:07:41.370,3.90237,3.89907,1.5,1
12.08.2021 03:07:47.456,3.90236,3.8989900000000004,1.5,1
12.08.2021 03:07:48.254,3.90236,3.8989900000000004,1.5,1
12.08.2021 03:07:57.873,3.90236,3.89906,1.5,1
12.08.2021 03:07:58.323,3.90237,3.8990500000000003,1.5,1
12.08.2021 03:08:03.355,3.90237,3.89912,1.5,1
12.08.2021 03:08:10.700,3.90236,3.8991300000000004,1.5,1
12.08.2021 03:08:30.426,3.90237,3.8992300000000006,1.5,1
12.08.2021 03:08:31.588,3.90237,3.8992300000000006,1.5,1
12.08.2021 03:08:57.901,3.90236,3.8993,1.5,1
12.08.2021 03:09:05.902,3.9026,3.89929,1.5,1
12.08.2021 03:09:10.129,3.9025900000000004,3.8993,1.5,1
12.08.2021 03:09:10.308,3.9025900000000004,3.8993,1.5,1
12.08.2021 03:09:25.707,3.9026,3.89929,1.5,1
12.08.2021 03:09:36.668,3.9025900000000004,3.89725,1.5,1.5
12.08.2021 03:09:36.868,3.9026,3.89911,1.5,1
12.08.2021 03:09:52.216,3.9026,3.89911,1.5,1
12.08.2021 03:09:52.736,3.9025900000000004,3.89926,1.5,1
12.08.2021 03:10:08.846,3.9026,3.8992500000000003,1.5,1
12.08.2021 03:10:09.047,3.9025900000000004,3.8994,1.5,1
12.08.2021 03:10:22.905,3.9026,3.8994500000000003,1.5,1
12.08.2021 03:10:38.308,3.9027300000000005,3.89929,1.5,1
12.08.2021 03:10:39.229,3.9027300000000005,3.89929,1.5,1
12.08.2021 03:10:52.052,3.90272,3.8993,1.5,1
12.08.2021 03:10:54.836,3.9027300000000005,3.89929,1.5,1
12.08.2021 03:11:15.282,3.9027300000000005,3.89929,1.5,1
12.08.2021 03:11:25.707,3.90272,3.8993,1.5,1
12.08.2021 03:12:18.808,3.9025300000000005,3.8970000000000002,1.5,1.5
12.08.2021 03:12:19.009,3.9025300000000005,3.8994,1.5,1
12.08.2021 03:12:26.671,3.90275,3.89956,1.5,1
12.08.2021 03:12:42.130,3.9027600000000002,3.89955,1.5,1
12.08.2021 03:12:48.871,3.90275,3.89956,1.5,1
12.08.2021 03:12:49.416,3.9027600000000002,3.8994800000000005,1.5,1
12.08.2021 03:12:54.343,3.9027600000000002,3.8994800000000005,1.5,1
12.08.2021 03:12:59.702,3.90275,3.89949,1.5,1
12.08.2021 03:13:08.033,3.9027600000000002,3.8994800000000005,1.5,1
12.08.2021 03:14:13.653,3.9027600000000002,3.89726,1.5,1.5
12.08.2021 03:14:13.853,3.90275,3.89727,1.5,1.5
12.08.2021 03:14:14.170,3.9027600000000002,3.89726,1.5,1.5
12.08.2021 03:14:26.687,3.90275,3.8994800000000005,1.5,1
12.08.2021 03:14:26.890,3.90275,3.8994800000000005,1.5,1
12.08.2021 03:14:40.315,3.9027600000000002,3.89947,1.5,1
12.08.2021 03:14:48.702,3.90275,3.89955,1.5,1
12.08.2021 03:14:48.903,3.9027600000000002,3.89947,1.5,1
12.08.2021 03:14:57.901,3.9027600000000002,3.89947,1.5,1
12.08.2021 03:15:02.430,3.9027600000000002,3.8995300000000004,1.5,1
12.08.2021 03:15:02.584,3.9027600000000002,3.8995900000000003,1.5,1
12.08.2021 03:15:04.242,3.9027600000000002,3.8995900000000003,1.5,1
12.08.2021 03:15:23.569,3.9027600000000002,3.8995900000000003,1.5,1
12.08.2021 03:16:14.474,3.9027600000000002,3.89726,1.5,1.5
12.08.2021 03:16:14.676,3.90275,3.89972,1.5,1
12.08.2021 03:16:42.742,3.9027600000000002,3.8996500000000003,1.5,1
12.08.2021 03:16:46.760,3.9027600000000002,3.8996500000000003,1.5,1
12.08.2021 03:17:14.004,3.9027600000000002,3.8997100000000002,1.5,1
12.08.2021 03:17:34.010,3.9027600000000002,3.89962,1.5,1
12.08.2021 03:17:34.210,3.9027600000000002,3.89955,1.5,1
12.08.2021 03:17:36.325,3.9027600000000002,3.89949,1.5,1
12.08.2021 03:18:02.558,3.9027600000000002,3.89949,1.5,1
12.08.2021 03:18:26.525,3.9025000000000003,3.89942,1.5,1
12.08.2021 03:18:26.720,3.9025000000000003,3.89942,1.5,1
12.08.2021 03:18:40.824,3.9025000000000003,3.8993300000000004,1.5,1
12.08.2021 03:18:50.305,3.9025000000000003,3.8994,1.5,1
12.08.2021 03:18:50.663,3.9024900000000002,3.89941,1,1
12.08.2021 03:18:55.558,3.9025000000000003,3.89946,1,1
12.08.2021 03:19:05.643,3.9024900000000002,3.89947,1,1
12.08.2021 03:19:13.701,3.9025000000000003,3.89946,1.5,1
12.08.2021 03:21:50.980,3.9024800000000006,3.89697,1,1.5
12.08.2021 03:21:51.181,3.9024800000000006,3.8995300000000004,1,1
12.08.2021 03:22:03.558,3.90271,3.8995300000000004,1.5,1
12.08.2021 03:23:04.932,3.90271,3.8995900000000003,1,1
12.08.2021 03:23:10.487,3.90271,3.89721,1.5,1.5
12.08.2021 03:23:30.564,3.9027000000000003,3.89722,1.5,1.5
12.08.2021 03:23:30.766,3.9027000000000003,3.89722,1.5,1.5
12.08.2021 03:23:30.968,3.90271,3.89721,1.5,1.5
12.08.2021 03:23:33.046,3.90271,3.89721,1.5,1.5
12.08.2021 03:23:38.192,3.90271,3.89721,1.5,1.5
12.08.2021 03:23:54.702,3.9027000000000003,3.89947,1.5,1
12.08.2021 03:23:55.918,3.90271,3.89946,1.5,1
12.08.2021 03:24:02.482,3.90271,3.89946,1.5,1
12.08.2021 03:24:15.520,3.9027000000000003,3.89947,1.5,1
12.08.2021 03:24:18.203,3.9027000000000003,3.89947,1.5,1
12.08.2021 03:24:25.823,3.90271,3.89946,1.5,1
12.08.2021 03:24:37.027,3.90271,3.89946,1.5,1
12.08.2021 03:24:57.202,3.9027000000000003,3.89722,1.5,1.5
12.08.2021 03:25:04.740,3.90271,3.89721,1.5,1.5
12.08.2021 03:25:06.534,3.90271,3.89721,1.5,1.5
12.08.2021 03:25:14.825,3.9027000000000003,3.89722,1.5,1.5
12.08.2021 03:25:17.011,3.90271,3.89721,1.5,1.5
12.08.2021 03:25:34.134,3.90271,3.89721,1.5,1.5
12.08.2021 03:25:42.365,3.90271,3.89721,1.5,1.5
12.08.2021 03:25:42.565,3.90254,3.8993400000000005,1.5,1
12.08.2021 03:25:51.826,3.90254,3.89927,1.5,1
12.08.2021 03:26:09.574,3.90255,3.89926,1.5,1
12.08.2021 03:26:09.778,3.9022800000000006,3.89916,1.5,1
12.08.2021 03:26:09.978,3.9022800000000006,3.89916,1.5,1
12.08.2021 03:26:15.159,3.9022800000000006,3.89916,1.5,1
12.08.2021 03:26:15.362,3.9022699999999997,3.89911,1.5,1
12.08.2021 03:26:50.733,3.9022800000000006,3.8991000000000002,1.5,1
12.08.2021 03:26:51.190,3.9022800000000006,3.8992199999999997,1,1
12.08.2021 03:27:51.000,3.9022800000000006,3.8993400000000005,1,1
12.08.2021 03:27:52.844,3.9025800000000004,3.8993400000000005,1.5,1
12.08.2021 03:28:04.202,3.9025800000000004,3.89941,1.5,1
12.08.2021 03:28:12.202,3.9025800000000004,3.89941,1.5,1
12.08.2021 03:28:18.336,3.9025800000000004,3.89935,1.5,1
12.08.2021 03:28:19.010,3.9025800000000004,3.89935,1.5,1
12.08.2021 03:28:22.373,3.90257,3.89935,1.5,1
12.08.2021 03:28:35.538,3.90257,3.89935,1.5,1
12.08.2021 03:28:41.914,3.9025800000000004,3.89927,1.5,1
12.08.2021 03:29:05.361,3.90232,3.89915,1.5,1
12.08.2021 03:29:48.473,3.90232,3.89909,1.5,1
12.08.2021 03:30:00.437,3.90232,3.8991800000000003,1.5,1
12.08.2021 03:30:01.012,3.90232,3.8991800000000003,1.5,1
12.08.2021 03:30:05.172,3.90231,3.89912,1.5,1
12.08.2021 03:30:05.500,3.90232,3.89911,1.5,1
12.08.2021 03:33:28.700,3.90235,3.89706,1.5,1.5
12.08.2021 03:33:28.916,3.90236,3.8990800000000005,1.5,1
12.08.2021 03:33:41.124,3.90236,3.8990199999999997,1.5,1
12.08.2021 03:34:37.162,3.9021500000000002,3.89909,1.5,1
12.08.2021 03:35:23.814,3.9021500000000002,3.89909,1,1
12.08.2021 03:35:24.017,3.90216,3.8990800000000005,1.5,1
12.08.2021 03:36:05.279,3.9023800000000004,3.89915,1.5,1
12.08.2021 03:36:07.904,3.9023900000000005,3.8992300000000006,1.5,1
12.08.2021 03:36:38.407,3.9023900000000005,3.8992300000000006,1.5,1
12.08.2021 03:36:50.175,3.9023900000000005,3.89917,1.5,1
12.08.2021 03:37:07.066,3.9023900000000005,3.89911,1.5,1
12.08.2021 03:37:07.266,3.9023800000000004,3.8990500000000003,1.5,1
12.08.2021 03:37:36.015,3.9023800000000004,3.8989800000000003,1.5,1
12.08.2021 03:38:06.720,3.9020900000000003,3.8989300000000005,1.5,1
12.08.2021 03:38:19.265,3.9020800000000007,3.8989400000000005,1.5,1
12.08.2021 03:38:30.870,3.9020900000000003,3.8989300000000005,1.5,1
12.08.2021 03:38:34.018,3.9020800000000007,3.89886,1.5,1
12.08.2021 03:38:36.405,3.9020900000000003,3.8988500000000004,1.5,1
12.08.2021 03:39:03.191,3.9020900000000003,3.89891,1.5,1
12.08.2021 03:39:03.684,3.9020800000000007,3.89892,1.5,1
12.08.2021 03:39:07.208,3.9020900000000003,3.89891,1.5,1
12.08.2021 03:39:18.215,3.9020900000000003,3.89891,1.5,1
12.08.2021 03:39:18.419,3.9020900000000003,3.89891,1.5,1
12.08.2021 03:39:18.620,3.9020900000000003,3.89891,1.5,1
12.08.2021 03:39:24.175,3.9020800000000007,3.89892,1.5,1
12.08.2021 03:39:26.291,3.9020900000000003,3.89891,1.5,1
12.08.2021 03:39:27.104,3.9020900000000003,3.89891,1.5,1
12.08.2021 03:39:32.406,3.9020900000000003,3.8988500000000004,1.5,1
12.08.2021 03:39:32.731,3.9020800000000007,3.89886,1.5,1
12.08.2021 03:39:32.930,3.9020900000000003,3.8988500000000004,1.5,1
12.08.2021 03:39:50.546,3.9020900000000003,3.8987800000000004,1.5,1
12.08.2021 03:39:50.670,3.9020900000000003,3.8987800000000004,1.5,1
12.08.2021 03:39:53.397,3.9020900000000003,3.8987800000000004,1.5,1
12.08.2021 03:39:59.951,3.9020800000000007,3.89886,1.5,1
12.08.2021 03:40:02.816,3.9020900000000003,3.8988500000000004,1.5,1
12.08.2021 03:40:03.877,3.9020900000000003,3.8988500000000004,1.5,1
12.08.2021 03:40:06.083,3.9020900000000003,3.8988500000000004,1.5,1
12.08.2021 03:40:23.067,3.9020900000000003,3.8988500000000004,1.5,1
12.08.2021 03:40:27.447,3.9020900000000003,3.8989300000000005,1.5,1
12.08.2021 03:40:33.203,3.9020800000000007,3.8989400000000005,1.5,1
12.08.2021 03:40:41.378,3.9020900000000003,3.8989300000000005,1.5,1
12.08.2021 03:41:12.493,3.9020900000000003,3.8989300000000005,1.5,1
12.08.2021 03:41:32.887,3.9020800000000007,3.89895,1.5,1
12.08.2021 03:41:47.463,3.9020900000000003,3.8989400000000005,1.5,1
12.08.2021 03:41:48.621,3.9020800000000007,3.89895,1.5,1
12.08.2021 03:41:49.241,3.9020900000000003,3.8989400000000005,1.5,1
12.08.2021 03:42:55.126,3.9020800000000007,3.89679,1.5,1.5
12.08.2021 03:43:11.955,3.9020800000000007,3.89679,1.5,1.5
12.08.2021 03:43:14.045,3.9020900000000003,3.8967800000000006,1.5,1.5
12.08.2021 03:43:17.604,3.9020900000000003,3.8967800000000006,1.5,1.5
12.08.2021 03:43:34.465,3.9020900000000003,3.8967800000000006,1.5,1.5
12.08.2021 03:43:37.274,3.9020800000000007,3.89886,1.5,1
12.08.2021 03:43:37.475,3.9020900000000003,3.8988500000000004,1.5,1
12.08.2021 03:43:37.730,3.9020800000000007,3.89886,1.5,1
12.08.2021 03:43:42.825,3.9020900000000003,3.89891,1.5,1
12.08.2021 03:44:10.908,3.9020800000000007,3.89892,1.5,1
12.08.2021 03:44:55.257,3.9020900000000003,3.8990300000000007,1,1
12.08.2021 03:44:58.013,3.90235,3.89911,1.5,1
12.08.2021 03:45:40.940,3.90236,3.89929,1.5,1
12.08.2021 03:47:29.632,3.90236,3.89705,1.5,1.5
12.08.2021 03:47:29.841,3.90235,3.8992400000000003,1.5,1
12.08.2021 03:47:30.349,3.90236,3.8992300000000006,1.5,1
12.08.2021 03:47:30.551,3.90236,3.8991400000000005,1.5,1
12.08.2021 03:47:34.203,3.90236,3.8991400000000005,1.5,1
12.08.2021 03:47:42.204,3.90235,3.89915,1.5,1
12.08.2021 03:48:25.505,3.90236,3.8991400000000005,1.5,1
12.08.2021 03:48:28.060,3.90235,3.89915,1.5,1
12.08.2021 03:48:33.824,3.90235,3.89706,1.5,1.5
12.08.2021 03:48:43.229,3.90236,3.89705,1.5,1.5
12.08.2021 03:48:43.429,3.90236,3.8992400000000003,1.5,1
12.08.2021 03:48:46.235,3.90235,3.8992500000000003,1.5,1
12.08.2021 03:48:56.207,3.90235,3.8992500000000003,1.5,1
12.08.2021 03:48:59.674,3.90235,3.8992500000000003,1.5,1
12.08.2021 03:49:03.475,3.90236,3.8991300000000004,1.5,1
12.08.2021 03:49:04.168,3.90235,3.8991400000000005,1.5,1
12.08.2021 03:49:05.899,3.90212,3.8991400000000005,1,1
12.08.2021 03:49:11.991,3.9021300000000005,3.8991300000000004,1,1
12.08.2021 03:49:12.194,3.90212,3.8991400000000005,1,1
12.08.2021 03:50:52.657,3.90212,3.89679,1,1.5
12.08.2021 03:50:56.889,3.9021300000000005,3.8967800000000006,1,1.5
12.08.2021 03:51:44.411,3.9021300000000005,3.899,1.5,1
12.08.2021 03:51:44.563,3.9021300000000005,3.899,1,1
12.08.2021 03:51:57.684,3.90212,3.89901,1.5,1
12.08.2021 03:51:57.887,3.90212,3.89901,1,1
12.08.2021 03:51:59.703,3.90212,3.89901,1,1
12.08.2021 03:52:15.955,3.9018900000000003,3.8989300000000005,1,1
12.08.2021 03:52:16.006,3.9018900000000003,3.8988500000000004,1,1
12.08.2021 03:52:16.177,3.9018800000000007,3.8988,1.5,1
12.08.2021 03:52:16.377,3.9018900000000003,3.8987900000000004,1,1
12.08.2021 03:52:19.876,3.9018900000000003,3.89869,1.5,1
12.08.2021 03:52:20.075,3.9018900000000003,3.8986199999999998,1.5,1
12.08.2021 03:52:23.089,3.9018900000000003,3.89872,1.5,1
12.08.2021 03:52:25.380,3.9018900000000003,3.89872,1.5,1
12.08.2021 03:52:36.634,3.9018900000000003,3.89866,1.5,1
12.08.2021 03:52:38.922,3.9018800000000007,3.8987400000000005,1.5,1
12.08.2021 03:52:59.843,3.9018900000000003,3.8987300000000005,1.5,1
12.08.2021 03:53:01.136,3.9018900000000003,3.8987300000000005,1.5,1
12.08.2021 03:53:03.971,3.9018800000000007,3.8986199999999998,1.5,1
12.08.2021 03:53:06.850,3.9018800000000007,3.8986199999999998,1.5,1
12.08.2021 03:53:07.050,3.9018900000000003,3.89871,1.5,1
12.08.2021 03:53:09.703,3.9018900000000003,3.89871,1.5,1
12.08.2021 03:53:11.776,3.9018900000000003,3.89871,1.5,1
12.08.2021 03:53:14.570,3.9018900000000003,3.89871,1.5,1
12.08.2021 03:53:20.998,3.9018900000000003,3.8986400000000003,1.5,1
12.08.2021 03:53:33.294,3.9018900000000003,3.8986400000000003,1.5,1
12.08.2021 03:54:13.910,3.9018800000000007,3.8986500000000004,1.5,1
12.08.2021 03:54:16.731,3.9018900000000003,3.8986400000000003,1.5,1
12.08.2021 03:54:17.097,3.9018800000000007,3.8986500000000004,1.5,1
12.08.2021 03:54:36.132,3.9016800000000003,3.8984,1.5,1
12.08.2021 03:55:39.826,3.90165,3.8982400000000004,1.5,1
12.08.2021 03:55:40.028,3.90165,3.8984,1.5,1
12.08.2021 03:55:40.793,3.90165,3.8984,1.5,1
12.08.2021 03:55:43.949,3.90165,3.8984,1.5,1
12.08.2021 03:55:56.888,3.9016400000000004,3.89841,1.5,1
12.08.2021 03:56:01.300,3.90165,3.8984,1.5,1
12.08.2021 03:56:09.204,3.90165,3.8984,1.5,1
12.08.2021 03:56:26.109,3.90165,3.8983000000000003,1.5,1
12.08.2021 03:56:52.329,3.9015,3.8982400000000004,1.5,1
12.08.2021 03:56:52.577,3.90131,3.8980800000000007,1.5,1
12.08.2021 03:58:40.075,3.90146,3.8964800000000004,1.5,1.5
12.08.2021 03:58:43.163,3.90146,3.89814,1.5,1
12.08.2021 03:58:57.388,3.90125,3.8979900000000005,1.5,1
12.08.2021 03:58:59.216,3.90125,3.89792,1.5,1
12.08.2021 03:59:06.476,3.90125,3.89792,1.5,1
12.08.2021 03:59:15.210,3.90125,3.8978900000000003,1.5,1
12.08.2021 03:59:19.935,3.90126,3.8978800000000007,1.5,1
12.08.2021 03:59:24.205,3.90126,3.8978800000000007,1.5,1
12.08.2021 03:59:59.824,3.90126,3.8979500000000002,1.5,1
12.08.2021 04:00:06.182,3.90126,3.8981300000000005,1.5,1
12.08.2021 04:00:07.796,3.90125,3.8980300000000003,1.5,1
12.08.2021 04:00:07.997,3.90125,3.8980400000000004,1.5,1
12.08.2021 04:00:08.800,3.90125,3.8980300000000003,1.5,1
12.08.2021 04:00:09.964,3.90126,3.8980300000000003,1.5,1
12.08.2021 04:00:10.118,3.90126,3.89802,1.5,1
12.08.2021 04:00:12.798,3.9012900000000004,3.89814,1.5,1
12.08.2021 04:00:15.626,3.9012900000000004,3.89811,1.5,1
12.08.2021 04:00:18.623,3.9012900000000004,3.89816,1.5,1
12.08.2021 04:00:21.566,3.90152,3.8982400000000004,1.5,1
12.08.2021 04:00:21.718,3.90152,3.8982400000000004,1.5,1
12.08.2021 04:00:28.017,3.90152,3.8983300000000005,1.5,1
12.08.2021 04:00:28.906,3.90152,3.89832,1.5,1
12.08.2021 04:00:30.862,3.90152,3.89837,1.5,1
12.08.2021 04:00:31.022,3.90152,3.8983300000000005,1.5,1
12.08.2021 04:00:33.603,3.90152,3.89837,1.5,1
12.08.2021 04:00:34.726,3.90152,3.8983300000000005,1.5,1
12.08.2021 04:00:42.204,3.90152,3.8983300000000005,1.5,1
12.08.2021 04:00:52.301,3.90151,3.89834,1.5,1
12.08.2021 04:01:20.123,3.90152,3.8982699999999997,1.5,1
12.08.2021 04:01:20.337,3.90151,3.89822,1.5,1
12.08.2021 04:01:34.140,3.90151,3.8982,1.5,1
12.08.2021 04:01:36.556,3.90151,3.89825,1.5,1
12.08.2021 04:01:39.770,3.90152,3.8983300000000005,1.5,1
12.08.2021 04:01:44.888,3.90151,3.89835,1.5,1
12.08.2021 04:01:52.203,3.90152,3.8983300000000005,1.5,1
12.08.2021 04:02:02.840,3.90152,3.89835,1.5,1
12.08.2021 04:02:04.441,3.90151,3.89834,1.5,1
12.08.2021 04:02:11.267,3.90151,3.89834,1.5,1
12.08.2021 04:02:12.625,3.90151,3.89834,1.5,1
12.08.2021 04:02:19.952,3.90152,3.89835,1.5,1
12.08.2021 04:02:20.364,3.90152,3.8983300000000005,1.5,1
12.08.2021 04:02:20.519,3.90152,3.89835,1.5,1
12.08.2021 04:02:36.017,3.90152,3.89835,1.5,1
12.08.2021 04:02:36.218,3.90152,3.89835,1.5,1
12.08.2021 04:03:36.221,3.90152,3.8983300000000005,1.5,1
12.08.2021 04:03:49.516,3.90152,3.8983300000000005,1.5,1
12.08.2021 04:04:32.330,3.90151,3.89834,1.5,1
12.08.2021 04:04:36.201,3.90152,3.89832,1.5,1
12.08.2021 04:05:02.602,3.90152,3.89832,1.5,1
12.08.2021 04:05:13.417,3.90152,3.8981900000000005,1.5,1
12.08.2021 04:05:19.160,3.90151,3.89822,1.5,1
12.08.2021 04:05:19.361,3.90151,3.8983300000000005,1.5,1
12.08.2021 04:05:32.972,3.90146,3.89834,1.5,1
12.08.2021 04:06:00.258,3.90146,3.89841,1.5,1
12.08.2021 04:06:04.253,3.9016900000000003,3.89852,1.5,1
12.08.2021 04:06:14.147,3.9016900000000003,3.89851,1.5,1
12.08.2021 04:06:14.958,3.9016900000000003,3.8984,1.5,1
12.08.2021 04:06:24.582,3.9016900000000003,3.89837,1.5,1
12.08.2021 04:06:24.786,3.9016900000000003,3.89837,1.5,1
12.08.2021 04:07:16.295,3.9016900000000003,3.8984199999999998,1.5,1
12.08.2021 04:07:16.529,3.9016900000000003,3.89835,1.5,1
12.08.2021 04:07:43.205,3.9016800000000003,3.8984300000000003,1.5,1
12.08.2021 04:07:58.337,3.9016900000000003,3.8983800000000004,1.5,1
12.08.2021 04:08:53.706,3.9016800000000003,3.89832,1,1
12.08.2021 04:09:02.542,3.9016900000000003,3.89834,1.5,1
12.08.2021 04:09:05.379,3.9016900000000003,3.89847,1.5,1
12.08.2021 04:09:29.453,3.9016800000000003,3.8983900000000005,1.5,1
12.08.2021 04:09:40.264,3.9016800000000003,3.8984300000000003,1.5,1
12.08.2021 04:09:57.904,3.9016900000000003,3.89847,1.5,1
12.08.2021 04:10:34.522,3.9016800000000003,3.89852,1.5,1
12.08.2021 04:10:45.707,3.9016900000000003,3.8985300000000005,1.5,1
12.08.2021 04:10:53.089,3.9016900000000003,3.89851,1.5,1
12.08.2021 04:12:30.956,3.9016699999999997,3.89831,1,1
12.08.2021 04:12:31.473,3.90165,3.8982900000000003,1,1
12.08.2021 04:13:07.296,3.90142,3.8982400000000004,1.5,1
12.08.2021 04:13:23.521,3.90142,3.8983000000000003,1.5,1
12.08.2021 04:13:26.279,3.90141,3.89822,1.5,1
12.08.2021 04:13:30.122,3.90142,3.8982300000000003,1.5,1
12.08.2021 04:13:34.736,3.90142,3.89821,1.5,1
12.08.2021 04:13:41.224,3.90142,3.8982900000000003,1.5,1
12.08.2021 04:14:13.318,3.90139,3.89822,1.5,1
12.08.2021 04:14:43.142,3.90139,3.8982400000000004,1.5,1
12.08.2021 04:16:11.523,3.9013800000000005,3.89816,1.5,1
12.08.2021 04:16:26.846,3.9013800000000005,3.8981000000000003,1.5,1
12.08.2021 04:16:33.720,3.90139,3.89811,1.5,1
12.08.2021 04:16:37.191,3.90139,3.8980900000000003,1.5,1
12.08.2021 04:16:41.719,3.90139,3.8981000000000003,1.5,1
12.08.2021 04:16:41.908,3.90139,3.8980900000000003,1.5,1
12.08.2021 04:16:42.109,3.90139,3.8980900000000003,1.5,1
12.08.2021 04:16:49.204,3.90139,3.8981000000000003,1.5,1
12.08.2021 04:16:57.205,3.90139,3.89811,1.5,1
12.08.2021 04:17:36.205,3.90139,3.8981300000000005,1.5,1.5
12.08.2021 04:17:42.142,3.9013800000000005,3.8980900000000003,1.5,1
12.08.2021 04:17:42.499,3.90139,3.8980400000000004,1.5,1
12.08.2021 04:17:43.149,3.90116,3.89796,1.5,1
12.08.2021 04:18:46.431,3.90116,3.8981000000000003,1.5,1
12.08.2021 04:18:46.741,3.9011500000000003,3.8980900000000003,1.5,1
12.08.2021 04:19:00.323,3.9011500000000003,3.898,1.5,1
12.08.2021 04:20:49.249,3.9011500000000003,3.89572,1.5,1.5
12.08.2021 04:20:49.400,3.90122,3.89797,1.5,1
12.08.2021 04:21:00.373,3.9011800000000005,3.89781,1,1
12.08.2021 04:21:25.785,3.90122,3.8978900000000003,1.5,1
12.08.2021 04:21:25.966,3.90122,3.8979000000000004,1.5,1
12.08.2021 04:21:46.842,3.90122,3.89794,1.5,1
12.08.2021 04:22:07.662,3.90122,3.89811,1.5,1
12.08.2021 04:22:11.778,3.90122,3.8979800000000004,1.5,1
12.08.2021 04:25:24.646,3.90121,3.8980800000000007,1.5,1
12.08.2021 04:25:25.407,3.90122,3.8981300000000005,1.5,1
12.08.2021 04:25:40.872,3.90122,3.89814,1.5,1
12.08.2021 04:26:37.065,3.90121,3.89811,1.5,1
12.08.2021 04:26:37.233,3.90122,3.898,1.5,1
12.08.2021 04:26:38.370,3.90122,3.8979300000000006,1.5,1
12.08.2021 04:26:42.206,3.90122,3.89794,1.5,1
12.08.2021 04:27:42.685,3.90122,3.89581,1,1.5
12.08.2021 04:27:42.736,3.90122,3.89581,1,1.5
12.08.2021 04:27:42.854,3.90096,3.8955800000000003,1,1.5
12.08.2021 04:27:43.986,3.90096,3.8955800000000003,1,1.5
12.08.2021 04:27:44.036,3.90096,3.8955800000000003,1,1.5
12.08.2021 04:27:44.753,3.90096,3.8955800000000003,1,1.5
12.08.2021 04:27:44.904,3.9009500000000004,3.89774,1.5,1
12.08.2021 04:27:45.194,3.90096,3.8977000000000004,1.5,1
12.08.2021 04:27:50.527,3.90096,3.8977500000000003,1.5,1
12.08.2021 04:28:15.707,3.9009500000000004,3.8978300000000004,1.5,1
12.08.2021 04:28:31.206,3.90096,3.8978,1.5,1
12.08.2021 04:28:39.144,3.90096,3.89782,1.5,1
12.08.2021 04:29:02.707,3.9009500000000004,3.89782,1.5,1
12.08.2021 04:29:37.833,3.90096,3.8976400000000004,1.5,1
12.08.2021 04:29:57.871,3.90096,3.89766,1.5,1
12.08.2021 04:29:58.278,3.90096,3.8977000000000004,1.5,1
12.08.2021 04:29:58.489,3.90096,3.8976900000000003,1.5,1
12.08.2021 04:30:04.705,3.90096,3.89771,1.5,1.5
12.08.2021 04:30:10.298,3.90096,3.8977300000000006,1.5,1
12.08.2021 04:30:14.469,3.90096,3.8978,1.5,1
12.08.2021 04:30:19.235,3.90096,3.8978400000000004,1.5,1
12.08.2021 04:30:19.399,3.90096,3.89782,1.5,1
12.08.2021 04:30:19.860,3.90096,3.8978,1.5,1
12.08.2021 04:30:46.627,3.90106,3.89794,1.5,1
12.08.2021 04:31:09.404,3.90107,3.89796,1.5,1
12.08.2021 04:31:09.605,3.9010300000000004,3.89797,1.5,1
12.08.2021 04:31:22.861,3.9009400000000003,3.8979900000000005,1,1
12.08.2021 04:31:32.486,3.9010000000000002,3.89801,1,1
12.08.2021 04:31:33.880,3.9009800000000006,3.89797,1.5,1
12.08.2021 04:31:35.077,3.9008800000000003,3.8979800000000004,1,1
12.08.2021 04:31:35.158,3.9010300000000004,3.89797,1.5,1
12.08.2021 04:31:36.488,3.9009400000000003,3.89781,1.5,1
12.08.2021 04:31:38.411,3.9008000000000003,3.8978,1,1
12.08.2021 04:31:39.230,3.9009500000000004,3.8978,1.5,1
12.08.2021 04:32:03.412,3.9009500000000004,3.8978300000000004,1.5,1
12.08.2021 04:32:04.429,3.9009400000000003,3.89774,1.5,1
12.08.2021 04:32:04.587,3.9009500000000004,3.8977300000000006,1.5,1
12.08.2021 04:32:18.097,3.90111,3.8978800000000007,1.5,1
12.08.2021 04:32:18.299,3.90126,3.8980699999999997,1.5,1
12.08.2021 04:32:23.820,3.90107,3.89812,1,1
12.08.2021 04:32:35.869,3.90102,3.89812,1,1
12.08.2021 04:32:40.949,3.90102,3.89814,1,1
12.08.2021 04:32:49.385,3.9010300000000004,3.89812,1,1
12.08.2021 04:32:51.699,3.9010300000000004,3.8981300000000005,1,1
12.08.2021 04:32:52.923,3.9010300000000004,3.89812,1,1
12.08.2021 04:32:54.143,3.9010300000000004,3.8981300000000005,1,1
12.08.2021 04:32:55.347,3.90126,3.89814,1.5,1
12.08.2021 04:33:17.130,3.90126,3.8981800000000004,1.5,1.5
12.08.2021 04:33:21.020,3.90125,3.8981800000000004,1.5,1
12.08.2021 04:33:47.021,3.90126,3.89816,1.5,1
12.08.2021 04:34:02.938,3.90126,3.89814,1.5,1
12.08.2021 04:34:04.101,3.90126,3.89812,1.5,1
12.08.2021 04:34:05.072,3.90126,3.8981000000000003,1.5,1
12.08.2021 04:34:14.707,3.90126,3.89811,1.5,1
12.08.2021 04:34:21.386,3.90126,3.89811,1.5,1
12.08.2021 04:35:01.243,3.90125,3.89814,1.5,1
12.08.2021 04:35:22.493,3.90125,3.8981300000000005,1.5,1
12.08.2021 04:35:59.080,3.90126,3.89801,1.5,1
12.08.2021 04:36:01.162,3.90119,3.89816,1.5,1
12.08.2021 04:36:01.542,3.90131,3.89821,1.5,1
12.08.2021 04:36:08.163,3.90139,3.8982300000000003,1.5,1
12.08.2021 04:36:08.316,3.90139,3.89825,1.5,1
12.08.2021 04:36:19.196,3.90139,3.8985000000000003,1,1
12.08.2021 04:36:23.275,3.9013800000000005,3.8984400000000003,1,1
12.08.2021 04:36:23.736,3.90136,3.8982699999999997,1.5,1
12.08.2021 04:36:24.364,3.90136,3.89834,1.5,1
12.08.2021 04:36:33.810,3.90136,3.89832,1.5,1
12.08.2021 04:36:34.712,3.90136,3.89831,1.5,1
12.08.2021 04:36:35.858,3.90136,3.89832,1.5,1
12.08.2021 04:36:48.294,3.90145,3.8982699999999997,1.5,1
12.08.2021 04:36:50.058,3.9014400000000005,3.8982300000000003,1.5,1
12.08.2021 04:36:50.388,3.9014400000000005,3.89825,1.5,1
12.08.2021 04:36:51.907,3.90145,3.89832,1.5,1
12.08.2021 04:37:03.597,3.90145,3.89836,1.5,1
12.08.2021 04:37:13.958,3.90145,3.8982800000000006,1.5,1
12.08.2021 04:37:29.708,3.90145,3.89832,1.5,1
12.08.2021 04:37:30.886,3.9014400000000005,3.89831,1.5,1
12.08.2021 04:37:33.358,3.9014400000000005,3.89835,1.5,1
12.08.2021 04:37:49.030,3.90145,3.89826,1.5,1
12.08.2021 04:37:52.324,3.90145,3.8982300000000003,1.5,1
12.08.2021 04:38:00.528,3.90145,3.89821,1.5,1
12.08.2021 04:39:16.346,3.90107,3.89821,1,1.5
12.08.2021 04:40:17.757,3.90106,3.89832,1,1
12.08.2021 04:40:17.857,3.9012000000000002,3.89831,1,1
12.08.2021 04:40:26.771,3.90119,3.89834,1,1
12.08.2021 04:40:29.130,3.9014,3.89835,1.5,1
12.08.2021 04:40:45.708,3.9014,3.8983300000000005,1.5,1
12.08.2021 04:40:52.257,3.90139,3.89835,1.5,1
12.08.2021 04:41:30.170,3.9015,3.8984300000000003,1.5,1
12.08.2021 04:41:30.724,3.9015,3.8984300000000003,1.5,1
12.08.2021 04:41:30.929,3.9014900000000003,3.89846,1.5,1
12.08.2021 04:41:31.658,3.90137,3.8985000000000003,1,1
12.08.2021 04:41:38.002,3.90137,3.89854,1,1
12.08.2021 04:41:38.580,3.90137,3.89852,1,1
12.08.2021 04:41:40.270,3.90137,3.89854,1,1
12.08.2021 04:41:41.062,3.90157,3.89866,1.5,1
12.08.2021 04:41:41.163,3.90157,3.89866,1,1
12.08.2021 04:41:45.575,3.90156,3.8986400000000003,1,1
12.08.2021 04:41:45.676,3.90157,3.8986500000000004,1,1
12.08.2021 04:41:53.549,3.90156,3.8986199999999998,1.5,1
12.08.2021 04:41:54.158,3.9015300000000006,3.89855,1,1
12.08.2021 04:41:54.208,3.90152,3.89854,1,1
12.08.2021 04:41:54.912,3.90152,3.8983900000000005,1.5,1
12.08.2021 04:41:55.439,3.90152,3.89832,1.5,1
12.08.2021 04:42:02.707,3.90139,3.89832,1.5,1
12.08.2021 04:42:15.994,3.9013800000000005,3.89836,1.5,1
12.08.2021 04:42:19.891,3.90139,3.89845,1,1
12.08.2021 04:42:20.329,3.90139,3.89845,1,1
12.08.2021 04:42:20.486,3.90139,3.89845,1,1
12.08.2021 04:44:07.654,3.90139,3.89841,1.5,1
12.08.2021 04:44:54.158,3.90139,3.8984400000000003,1,1.5
12.08.2021 04:44:59.588,3.90139,3.89846,1,1
12.08.2021 04:45:03.121,3.9013800000000005,3.8984,1.5,1
12.08.2021 04:45:05.369,3.90139,3.8984300000000003,1,1
12.08.2021 04:45:05.520,3.90139,3.8984300000000003,1,1
12.08.2021 04:45:09.209,3.90139,3.8984400000000003,1,1
12.08.2021 04:45:09.706,3.9013800000000005,3.89845,1,1
12.08.2021 04:45:10.196,3.9013800000000005,3.89845,1.5,1
12.08.2021 04:45:26.038,3.9013800000000005,3.8984300000000003,1,1
12.08.2021 04:45:54.714,3.90139,3.89845,1,1
12.08.2021 04:45:56.373,3.9013800000000005,3.89845,1,1
12.08.2021 04:46:02.021,3.9013800000000005,3.89847,1,1.5
12.08.2021 04:46:29.096,3.9013800000000005,3.8984400000000003,1.5,1
12.08.2021 04:47:08.867,3.9013800000000005,3.89835,1.5,1
12.08.2021 04:47:12.379,3.90139,3.89832,1.5,1
12.08.2021 04:47:12.782,3.90139,3.89831,1.5,1
12.08.2021 04:47:13.003,3.90152,3.8984800000000006,1.5,1
12.08.2021 04:47:13.499,3.90131,3.8984199999999998,1,1
12.08.2021 04:47:14.031,3.90142,3.8984199999999998,1.5,1
12.08.2021 04:47:16.469,3.9013400000000003,3.8984,1,1
12.08.2021 04:47:21.678,3.9013300000000006,3.8984400000000003,1,1
12.08.2021 04:47:21.836,3.9013400000000003,3.8984199999999998,1,1
12.08.2021 04:47:33.036,3.9013199999999997,3.8984,1,1
12.08.2021 04:47:33.087,3.90137,3.8984,1.5,1
12.08.2021 04:48:09.211,3.90136,3.8983300000000005,1.5,1
12.08.2021 04:48:40.171,3.90137,3.8983300000000005,1.5,1
12.08.2021 04:48:40.372,3.90137,3.8984900000000002,1,1
12.08.2021 04:49:11.807,3.9015300000000006,3.8985800000000004,1,1
12.08.2021 04:49:19.736,3.9017300000000006,3.89861,1.5,1.5
12.08.2021 04:50:00.113,3.9016900000000003,3.8986400000000003,1.5,1
12.08.2021 04:50:21.820,3.9017000000000004,3.8986500000000004,1.5,1.5
12.08.2021 04:50:29.767,3.9017000000000004,3.8985300000000005,1.5,1
12.08.2021 04:50:37.755,3.9017000000000004,3.8986500000000004,1.5,1
12.08.2021 04:51:00.881,3.9017000000000004,3.8986300000000003,1.5,1
12.08.2021 04:51:11.010,3.9016,3.8986300000000003,1,1
12.08.2021 04:51:11.582,3.9016,3.8986800000000006,1,1
12.08.2021 04:51:11.736,3.9016,3.8987900000000004,1,1
12.08.2021 04:51:21.546,3.9015500000000003,3.8988199999999997,1,1
12.08.2021 04:51:42.802,3.90156,3.89869,1,1
12.08.2021 04:51:43.171,3.90156,3.8988,1,1
12.08.2021 04:52:40.779,3.90156,3.89886,1,1.5
12.08.2021 04:52:56.411,3.9018,3.89886,1,1.5
12.08.2021 04:53:32.915,3.9017900000000005,3.8989900000000004,1,1
12.08.2021 04:53:33.543,3.9018,3.89886,1,1
12.08.2021 04:53:35.106,3.9018,3.8988199999999997,1,1
12.08.2021 04:53:49.061,3.9017000000000004,3.8988199999999997,1,1
12.08.2021 04:53:50.789,3.9016900000000003,3.8988500000000004,1,1
12.08.2021 04:53:53.437,3.9016900000000003,3.8988199999999997,1,1
12.08.2021 04:55:34.306,3.9017000000000004,3.8988400000000003,1,1
12.08.2021 04:55:49.994,3.9016900000000003,3.8989900000000004,1,1
12.08.2021 04:56:09.619,3.9017000000000004,3.899,1,1
12.08.2021 04:56:09.670,3.9018699999999997,3.8990800000000005,1,1
12.08.2021 04:56:14.485,3.9018699999999997,3.89917,1,1.5
12.08.2021 04:56:43.321,3.9020699999999997,3.89921,1,1
12.08.2021 04:56:43.472,3.9020699999999997,3.8993300000000004,1,1
12.08.2021 04:57:05.182,3.90206,3.8993800000000003,1,1.5
12.08.2021 04:57:11.295,3.9020699999999997,3.8993400000000005,1,1
12.08.2021 04:57:15.000,3.90206,3.89935,1,1
12.08.2021 04:57:15.050,3.9022699999999997,3.8993900000000004,1,1
12.08.2021 04:57:15.203,3.9022699999999997,3.8994800000000005,1,1
12.08.2021 04:57:32.324,3.90226,3.89955,1,1
12.08.2021 04:57:35.302,3.90246,3.89956,1,1
12.08.2021 04:57:40.405,3.90246,3.8996500000000003,1,1
12.08.2021 04:58:14.244,3.90246,3.8995300000000004,1,1
12.08.2021 04:58:14.956,3.90246,3.89967,1,1
12.08.2021 04:58:53.576,3.90246,3.89975,1,1
12.08.2021 04:58:53.627,3.9026199999999998,3.8997800000000007,1,1.5
12.08.2021 04:59:12.165,3.9026300000000003,3.89986,1,1
12.08.2021 04:59:22.555,3.9027900000000004,3.89992,1,1
12.08.2021 04:59:22.706,3.9027900000000004,3.89995,1,1
12.08.2021 04:59:28.866,3.9027900000000004,3.89986,1,1
12.08.2021 04:59:37.294,3.9027900000000004,3.8999300000000003,1,1
12.08.2021 04:59:37.852,3.9027900000000004,3.89992,1,1
12.08.2021 04:59:47.419,3.9027900000000004,3.8999400000000004,1,1
12.08.2021 04:59:52.675,3.9027900000000004,3.8999800000000007,1,1
12.08.2021 04:59:58.524,3.9027900000000004,3.89961,1,1.5
12.08.2021 04:59:58.914,3.9027900000000004,3.89961,1,1.5
12.08.2021 04:59:59.115,3.9027800000000004,3.89962,1,1.5
12.08.2021 04:59:59.316,3.9027800000000004,3.89962,1,1.5
12.08.2021 04:59:59.519,3.9027900000000004,3.89961,1,1.5
12.08.2021 05:00:00.122,3.9027900000000004,3.89961,1.5,1.5
12.08.2021 05:00:00.311,3.9027300000000005,3.89952,1,1
12.08.2021 05:00:00.472,3.9027300000000005,3.89952,1.5,1
12.08.2021 05:00:02.285,3.90272,3.8995300000000004,1.5,1
12.08.2021 05:00:02.486,3.90272,3.89942,1.5,1.5
12.08.2021 05:00:04.397,3.9027300000000005,3.89941,1.5,1.5
12.08.2021 05:00:04.447,3.9025000000000003,3.89941,1,1.5
12.08.2021 05:00:08.419,3.9025000000000003,3.89927,1,1
12.08.2021 05:00:10.479,3.9024900000000002,3.89935,1,1
12.08.2021 05:00:21.741,3.9026,3.89967,1,1
12.08.2021 05:00:33.146,3.9025900000000004,3.89967,1,1
12.08.2021 05:00:33.196,3.9025900000000004,3.8996500000000003,1.5,1
12.08.2021 05:00:39.873,3.9026,3.8996000000000004,1,1
12.08.2021 05:00:41.524,3.9026,3.8996300000000006,1.5,1
12.08.2021 05:00:43.653,3.9023900000000005,3.8995800000000003,1,1
12.08.2021 05:00:45.408,3.9023900000000005,3.8995900000000003,1,1
12.08.2021 05:00:54.890,3.90232,3.8995300000000004,1,1
12.08.2021 05:01:07.383,3.90231,3.8995800000000003,1,1
12.08.2021 05:01:10.876,3.90232,3.89966,1,1
12.08.2021 05:01:43.922,3.90232,3.89964,1,1
12.08.2021 05:02:02.810,3.90232,3.89964,1,1
12.08.2021 05:02:24.116,3.90251,3.8997699999999997,1,1
12.08.2021 05:02:24.219,3.90251,3.89982,1,1
12.08.2021 05:02:38.221,3.9025000000000003,3.8997300000000004,1,1
12.08.2021 05:03:16.718,3.90232,3.8995800000000003,1,1
12.08.2021 05:03:16.874,3.90231,3.8995900000000003,1,1
12.08.2021 05:03:18.717,3.90232,3.89964,1,1
12.08.2021 05:03:21.216,3.90231,3.8996500000000003,1,1
12.08.2021 05:03:40.460,3.90231,3.89955,1,1
12.08.2021 05:03:40.833,3.90232,3.89942,1,1
12.08.2021 05:03:42.946,3.90232,3.89949,1,1
12.08.2021 05:03:52.310,3.90232,3.8990199999999997,1,1
12.08.2021 05:03:53.758,3.90232,3.8996300000000006,1,1
12.08.2021 05:03:53.809,3.90246,3.8994300000000006,1,1
12.08.2021 05:03:53.916,3.90246,3.8994300000000006,1.5,1
12.08.2021 05:03:54.508,3.90246,3.8994300000000006,1.5,1
12.08.2021 05:04:22.165,3.90246,3.8994400000000002,1.5,1.5
12.08.2021 05:04:37.888,3.90246,3.8994400000000002,1.5,1.5
12.08.2021 05:04:43.729,3.90246,3.8994300000000006,1.5,1
12.08.2021 05:04:47.714,3.90246,3.8994500000000003,1.5,1
12.08.2021 05:05:04.872,3.90246,3.89942,1.5,1
12.08.2021 05:05:05.358,3.90246,3.8994400000000002,1.5,1.5
12.08.2021 05:05:10.512,3.90246,3.89941,1.5,1
12.08.2021 05:05:11.396,3.90245,3.8994300000000006,1.5,1
12.08.2021 05:05:32.677,3.90246,3.8994300000000006,1.5,1
12.08.2021 05:05:34.214,3.90246,3.8994300000000006,1.5,1
12.08.2021 05:05:39.006,3.90246,3.89942,1.5,1
12.08.2021 05:06:23.868,3.90246,3.8994,1.5,1.5
12.08.2021 05:06:24.069,3.90246,3.8994500000000003,1.5,1
12.08.2021 05:06:25.808,3.90246,3.8994500000000003,1.5,1
12.08.2021 05:06:26.011,3.90246,3.8994300000000006,1.5,1
12.08.2021 05:06:26.226,3.9023300000000005,3.8993900000000004,1,1
12.08.2021 05:08:37.841,3.90232,3.8993300000000004,1,1
12.08.2021 05:08:37.996,3.90232,3.89931,1.5,1
12.08.2021 05:09:08.366,3.9023300000000005,3.89935,1,1
12.08.2021 05:09:48.387,3.9023300000000005,3.89937,1.5,1
12.08.2021 05:10:10.122,3.90216,3.8992500000000003,1,1
12.08.2021 05:10:10.270,3.90216,3.8992500000000003,1.5,1
