Gmt time,Ask,Bid,AskVolume,BidVolume
25.08.2021 00:00:00.069,3.89497,3.88996,1,1
25.08.2021 00:00:00.270,3.89477,3.88997,1.5,1
25.08.2021 00:00:00.583,3.89512,3.88997,1.5,1
25.08.2021 00:00:00.751,3.89511,3.8899800000000004,1.5,1
25.08.2021 00:00:00.903,3.89512,3.88997,1.5,1
25.08.2021 00:00:01.034,3.89512,3.88997,1.5,1
25.08.2021 00:00:01.290,3.89512,3.8898,1.5,1
25.08.2021 00:00:01.432,3.89512,3.8897800000000005,1.5,1
25.08.2021 00:00:01.630,3.89512,3.8897800000000005,1.5,1
25.08.2021 00:00:02.461,3.8951400000000005,3.88986,1.5,1
25.08.2021 00:00:02.678,3.89515,3.8899900000000005,1.5,1
25.08.2021 00:00:02.912,3.89515,3.8899900000000005,1.5,1.5
25.08.2021 00:00:03.114,3.89515,3.8899900000000005,1.5,1.5
25.08.2021 00:00:03.340,3.89471,3.88992,1,1
25.08.2021 00:00:03.541,3.8947400000000005,3.88991,1,1
25.08.2021 00:00:03.744,3.89475,3.88991,1,1
25.08.2021 00:00:04.507,3.89486,3.8897500000000003,1,1
25.08.2021 00:00:04.707,3.89497,3.88956,1,1
25.08.2021 00:00:04.757,3.89452,3.88956,1,1
25.08.2021 00:00:04.910,3.89452,3.8897900000000005,1,1
25.08.2021 00:00:04.960,3.89496,3.8897900000000005,1,1
25.08.2021 00:00:05.061,3.89481,3.88974,1,1
25.08.2021 00:00:05.240,3.8947800000000004,3.89011,1,1
25.08.2021 00:00:05.366,3.8947800000000004,3.89005,1,1.12
25.08.2021 00:00:05.417,3.8947800000000004,3.8897000000000004,1,1.5
25.08.2021 00:00:05.618,3.89487,3.88977,1,1.5
25.08.2021 00:00:05.889,3.89487,3.88977,1,1.5
25.08.2021 00:00:06.041,3.8947300000000005,3.88974,1,1
25.08.2021 00:00:06.214,3.8947300000000005,3.88974,1,1
25.08.2021 00:00:06.436,3.89487,3.8897500000000003,1,1.5
25.08.2021 00:00:06.618,3.8948300000000007,3.8897500000000003,1.5,1.5
25.08.2021 00:00:06.870,3.89497,3.8897300000000006,1.5,1.62
25.08.2021 00:00:07.072,3.89461,3.88974,1,1.5
25.08.2021 00:00:07.368,3.8946500000000004,3.8894800000000003,1,1.5
25.08.2021 00:00:07.682,3.8947000000000003,3.88971,1.5,1
25.08.2021 00:00:07.840,3.89476,3.88971,1,1
25.08.2021 00:00:08.034,3.89471,3.88971,1,1
25.08.2021 00:00:08.204,3.89477,3.8896699999999997,1,1
25.08.2021 00:00:08.536,3.8945900000000004,3.88962,1,1.5
25.08.2021 00:00:08.737,3.8944199999999998,3.8896699999999997,1.5,1
25.08.2021 00:00:08.933,3.8946,3.88974,1.5,1
25.08.2021 00:00:09.134,3.89481,3.8896800000000007,1.5,1
25.08.2021 00:00:09.285,3.89466,3.8897500000000003,1,1.5
25.08.2021 00:00:09.386,3.89467,3.8899800000000004,1,1
25.08.2021 00:00:09.436,3.89467,3.8896100000000002,1,1.5
25.08.2021 00:00:09.487,3.89441,3.8896699999999997,1.5,1
25.08.2021 00:00:09.772,3.89452,3.88971,1,1
25.08.2021 00:00:09.974,3.89445,3.8897000000000004,1.5,1
25.08.2021 00:00:10.074,3.8944400000000003,3.8896800000000007,1.5,1
25.08.2021 00:00:10.288,3.89477,3.8896,1,1
25.08.2021 00:00:10.700,3.8945300000000005,3.8895300000000006,1,1
25.08.2021 00:00:10.859,3.8945300000000005,3.8895300000000006,1,1
25.08.2021 00:00:11.463,3.89447,3.8896400000000004,1,1
25.08.2021 00:00:11.715,3.8944900000000002,3.8896300000000004,1,1
25.08.2021 00:00:12.180,3.8945600000000002,3.8896300000000004,1,1
25.08.2021 00:00:12.381,3.8945000000000003,3.8896400000000004,1,1
25.08.2021 00:00:12.689,3.89447,3.88962,1.5,1
25.08.2021 00:00:13.041,3.89446,3.8897000000000004,1,1
25.08.2021 00:00:13.259,3.89455,3.8897000000000004,1,1
25.08.2021 00:00:13.460,3.8941800000000004,3.8897000000000004,1.5,1
25.08.2021 00:00:13.661,3.8943900000000005,3.88962,1,1.5
25.08.2021 00:00:13.862,3.8942,3.8898300000000003,1.5,1.5
25.08.2021 00:00:14.070,3.89437,3.8898300000000003,1,1.5
25.08.2021 00:00:14.221,3.8942699999999997,3.88982,1.5,1.5
25.08.2021 00:00:14.501,3.8942699999999997,3.8896900000000003,1,1
25.08.2021 00:00:14.703,3.89426,3.8897800000000005,1,1
25.08.2021 00:00:14.905,3.89426,3.8898400000000004,1,1
25.08.2021 00:00:15.062,3.89436,3.88965,1,1
25.08.2021 00:00:15.504,3.89434,3.88986,1,1
25.08.2021 00:00:15.667,3.89435,3.88985,1,1
25.08.2021 00:00:16.358,3.8943000000000003,3.8897800000000005,1.5,1
25.08.2021 00:00:16.533,3.89426,3.88982,1.5,1
25.08.2021 00:00:16.735,3.8942699999999997,3.88956,1,1.5
25.08.2021 00:00:16.924,3.89426,3.88956,1,1.5
25.08.2021 00:00:17.136,3.8942,3.8895000000000004,1.5,1.5
25.08.2021 00:00:21.375,3.8941800000000004,3.8894900000000003,1.5,1.5
25.08.2021 00:00:21.575,3.89411,3.8894900000000003,1.5,1.5
25.08.2021 00:00:22.026,3.8940800000000007,3.8894900000000003,1.5,1.5
25.08.2021 00:00:22.846,3.8940800000000007,3.88956,1.5,1.5
25.08.2021 00:00:24.678,3.8940699999999997,3.88996,1.5,1
25.08.2021 00:00:24.782,3.8942300000000003,3.8898800000000007,1,1
25.08.2021 00:00:24.933,3.8940900000000003,3.88991,1,1
25.08.2021 00:00:25.240,3.8940300000000003,3.8899800000000004,1,1.5
25.08.2021 00:00:25.341,3.8940800000000007,3.8898699999999997,1,1
25.08.2021 00:00:25.748,3.8941300000000005,3.8898800000000007,1,1
25.08.2021 00:00:25.949,3.8940300000000003,3.88974,1,1.5
25.08.2021 00:00:26.332,3.8940300000000003,3.88996,1,1
25.08.2021 00:00:26.519,3.8940300000000003,3.8898300000000003,1,1.5
25.08.2021 00:00:26.623,3.8939800000000004,3.89006,1.5,1
25.08.2021 00:00:26.906,3.89391,3.8898900000000003,1,1.5
25.08.2021 00:00:27.006,3.8939300000000006,3.89016,1,1
25.08.2021 00:00:27.057,3.894,3.89016,1,1
25.08.2021 00:00:27.254,3.8939900000000005,3.89017,1,1
25.08.2021 00:00:27.355,3.89396,3.8899500000000002,1,1
25.08.2021 00:00:27.455,3.89392,3.8898699999999997,1,1
25.08.2021 00:00:27.648,3.89381,3.8897500000000003,1.5,1.62
25.08.2021 00:00:27.749,3.89406,3.8900699999999997,1,1
25.08.2021 00:00:27.799,3.89406,3.8897300000000006,1,1.5
25.08.2021 00:00:27.900,3.89396,3.8897800000000005,1,1.5
25.08.2021 00:00:28.102,3.89396,3.88981,1,1.62
25.08.2021 00:00:28.152,3.89386,3.8900800000000006,1,1
25.08.2021 00:00:28.253,3.8939000000000004,3.88991,1,1
25.08.2021 00:00:28.304,3.89391,3.8898699999999997,1,1.5
25.08.2021 00:00:28.470,3.8938,3.8898699999999997,1.5,1.5
25.08.2021 00:00:28.629,3.89391,3.89005,1,1
25.08.2021 00:00:29.105,3.89392,3.89016,1,1
25.08.2021 00:00:29.155,3.8938800000000007,3.88992,1,1.5
25.08.2021 00:00:29.335,3.8939300000000006,3.88997,1,1
25.08.2021 00:00:29.536,3.8938900000000003,3.8902900000000002,1,1
25.08.2021 00:00:29.587,3.89385,3.88992,1,1.5
25.08.2021 00:00:29.738,3.8938900000000003,3.8899300000000006,1.5,1.62
25.08.2021 00:00:29.940,3.8939000000000004,3.88992,1,1.62
25.08.2021 00:00:30.192,3.8936699999999997,3.88986,1,1
25.08.2021 00:00:30.293,3.8937000000000004,3.88971,1,1.5
25.08.2021 00:00:30.444,3.89385,3.8897500000000003,1,1.5
25.08.2021 00:00:30.645,3.8937900000000005,3.8899000000000004,1.5,1
25.08.2021 00:00:30.870,3.8938,3.88966,1.5,1
25.08.2021 00:00:31.063,3.8938,3.8896100000000002,1.5,1
25.08.2021 00:00:31.266,3.89386,3.8896300000000004,1.5,1.5
25.08.2021 00:00:31.316,3.8938,3.8896400000000004,1.5,1
25.08.2021 00:00:31.367,3.89371,3.8896400000000004,1,1
25.08.2021 00:00:31.468,3.8938,3.8897500000000003,1.5,1
25.08.2021 00:00:31.669,3.89381,3.8899000000000004,1.5,1
25.08.2021 00:00:31.821,3.89365,3.88996,1,1
25.08.2021 00:00:31.871,3.8937000000000004,3.8897800000000005,1,1
25.08.2021 00:00:32.085,3.89382,3.8896100000000002,1,1.5
25.08.2021 00:00:32.253,3.8937800000000005,3.89,1,1
25.08.2021 00:00:32.304,3.8937900000000005,3.8898900000000003,1,1
25.08.2021 00:00:32.432,3.89352,3.88986,1,1
25.08.2021 00:00:32.482,3.8935900000000006,3.88986,1,1
25.08.2021 00:00:32.683,3.8935000000000004,3.88994,1,1
25.08.2021 00:00:32.885,3.8936,3.8899300000000006,1,1
25.08.2021 00:00:33.070,3.89351,3.88994,1,1.5
25.08.2021 00:00:33.272,3.8935300000000006,3.8898800000000007,1,1
25.08.2021 00:00:33.471,3.89352,3.88985,1,1
25.08.2021 00:00:33.660,3.8935300000000006,3.8898800000000007,1.5,1
25.08.2021 00:00:33.876,3.89352,3.8898800000000007,1.5,1
25.08.2021 00:00:34.065,3.8936900000000003,3.8900699999999997,1.5,1
25.08.2021 00:00:34.341,3.8935400000000002,3.8898800000000007,1,1
25.08.2021 00:00:34.506,3.89356,3.8898900000000003,1,1
25.08.2021 00:00:34.741,3.8935500000000003,3.8898900000000003,1,1
25.08.2021 00:00:35.769,3.89356,3.88991,1,1
25.08.2021 00:00:36.309,3.89357,3.8899000000000004,1,1
25.08.2021 00:00:38.805,3.8937000000000004,3.8900699999999997,1.5,1
25.08.2021 00:00:40.758,3.89371,3.8900800000000006,1.5,1
25.08.2021 00:01:02.106,3.8937500000000003,3.8900800000000006,1.5,1
25.08.2021 00:01:02.333,3.89371,3.8900800000000006,1.5,1
25.08.2021 00:01:03.117,3.89396,3.8902300000000003,1,1.5
25.08.2021 00:01:03.312,3.89394,3.8902300000000003,1.5,1.5
25.08.2021 00:01:03.487,3.89402,3.89022,1,1.5
25.08.2021 00:01:03.738,3.89392,3.89025,1,1
25.08.2021 00:01:03.926,3.89397,3.89025,1,1.5
25.08.2021 00:01:04.137,3.8939800000000004,3.89025,1,1.12
25.08.2021 00:01:04.327,3.8939900000000005,3.8901800000000004,1,1
25.08.2021 00:01:04.542,3.89401,3.8899500000000002,1.5,1.5
25.08.2021 00:01:04.777,3.89402,3.89026,1,1
25.08.2021 00:01:05.189,3.894,3.89026,1,1.5
25.08.2021 00:01:05.584,3.89392,3.89041,1,1.5
25.08.2021 00:01:06.001,3.89391,3.89026,1,1
25.08.2021 00:01:06.404,3.894,3.8901300000000005,1,1.5
25.08.2021 00:01:06.606,3.8938699999999997,3.8902,1,1
25.08.2021 00:01:07.216,3.89405,3.89011,1,1.5
25.08.2021 00:01:07.619,3.89401,3.89014,1.5,1
25.08.2021 00:01:08.008,3.8940900000000003,3.88994,1.5,1
25.08.2021 00:01:08.462,3.8940400000000004,3.89,1.5,1.5
25.08.2021 00:01:08.613,3.8941500000000002,3.88994,1.5,1
25.08.2021 00:01:08.865,3.89416,3.88991,1,1.5
25.08.2021 00:01:09.066,3.89406,3.8901000000000003,1.5,1
25.08.2021 00:01:09.899,3.89397,3.8900400000000004,1.5,1.5
25.08.2021 00:01:10.359,3.89397,3.89012,1.5,1
25.08.2021 00:01:10.968,3.89412,3.88994,1.5,1
25.08.2021 00:01:11.179,3.89405,3.89014,1.5,1
25.08.2021 00:01:12.764,3.89406,3.89015,1.5,1
25.08.2021 00:01:13.007,3.89411,3.8897900000000005,1.5,1.5
25.08.2021 00:01:13.214,3.89405,3.8899800000000004,1,1.62
25.08.2021 00:01:13.934,3.89405,3.89005,1.5,1
25.08.2021 00:01:14.087,3.89406,3.8900400000000004,1.5,1
25.08.2021 00:01:14.289,3.89411,3.8902,1.5,1
25.08.2021 00:01:15.009,3.8941800000000004,3.8901900000000005,1.5,1
25.08.2021 00:01:15.428,3.89416,3.89035,1,1
25.08.2021 00:01:15.593,3.89411,3.89032,1,1
25.08.2021 00:01:15.792,3.89412,3.89031,1,1
25.08.2021 00:01:16.044,3.89405,3.89035,1.5,1
25.08.2021 00:01:16.241,3.89406,3.89032,1.5,1
25.08.2021 00:01:16.400,3.89405,3.8903600000000003,1.5,1
25.08.2021 00:01:16.643,3.89416,3.89035,1,1
25.08.2021 00:01:16.844,3.89414,3.89035,1.5,1
25.08.2021 00:01:17.433,3.8941500000000002,3.89041,1,1.5
25.08.2021 00:01:17.634,3.8939900000000005,3.8902300000000003,1.5,1
25.08.2021 00:01:18.420,3.89401,3.8903900000000005,1,1
25.08.2021 00:01:18.656,3.8940900000000003,3.8904300000000003,1,1
25.08.2021 00:01:19.872,3.8941300000000005,3.89046,1,1
25.08.2021 00:01:20.031,3.89412,3.89047,1,1
25.08.2021 00:01:20.274,3.8941000000000003,3.8904400000000003,1,1
25.08.2021 00:01:20.435,3.8941000000000003,3.8904400000000003,1,1
25.08.2021 00:01:20.727,3.8941000000000003,3.8904400000000003,1,1
25.08.2021 00:01:20.887,3.8941000000000003,3.8904400000000003,1,1
25.08.2021 00:01:21.578,3.89397,3.8903000000000003,1,1
25.08.2021 00:01:22.033,3.8940300000000003,3.8904,1,1
25.08.2021 00:01:27.699,3.89402,3.89081,1,1.5
25.08.2021 00:01:28.122,3.8940300000000003,3.8904900000000002,1,1.5
25.08.2021 00:01:31.907,3.89401,3.89069,1.5,1.5
25.08.2021 00:01:32.131,3.89401,3.89069,1.5,1.5
25.08.2021 00:01:32.472,3.89401,3.89069,1.5,1.5
25.08.2021 00:01:34.348,3.8939800000000004,3.89069,1.5,1.5
25.08.2021 00:01:44.567,3.8937800000000005,3.8905600000000002,1.5,1.12
25.08.2021 00:01:48.573,3.89366,3.8903900000000005,1,1.5
25.08.2021 00:01:51.597,3.8936699999999997,3.8903800000000004,1,1.5
25.08.2021 00:01:51.784,3.8936699999999997,3.8903800000000004,1,1.5
25.08.2021 00:02:06.766,3.89385,3.89055,1,1.5
25.08.2021 00:02:09.862,3.8937900000000005,3.89055,1.5,1.5
25.08.2021 00:02:21.064,3.8937900000000005,3.89055,1.5,1.12
25.08.2021 00:02:21.265,3.8938300000000003,3.89055,1.5,1.5
25.08.2021 00:02:23.131,3.89382,3.8905600000000002,1.5,1.12
25.08.2021 00:02:23.332,3.8938300000000003,3.89055,1.5,1.5
25.08.2021 00:02:30.395,3.8938400000000004,3.8905600000000002,1,1.5
25.08.2021 00:02:32.244,3.89385,3.89055,1,1.5
25.08.2021 00:02:38.473,3.89385,3.89055,1,1.5
25.08.2021 00:02:44.222,3.89385,3.89055,1,1.5
25.08.2021 00:03:09.840,3.89386,3.89055,1,1.5
25.08.2021 00:03:11.415,3.8940400000000004,3.89076,1,1.5
25.08.2021 00:03:12.701,3.8940400000000004,3.89076,1,1.5
25.08.2021 00:03:31.489,3.89405,3.8908800000000006,1,1.5
25.08.2021 00:03:55.813,3.89405,3.8908800000000006,1,1.5
25.08.2021 00:03:56.013,3.89405,3.8908800000000006,1,1.5
25.08.2021 00:03:58.294,3.8940400000000004,3.89089,1,1.5
25.08.2021 00:03:58.949,3.89405,3.8908800000000006,1,1.5
25.08.2021 00:04:00.232,3.89405,3.89075,1,1.5
25.08.2021 00:04:12.852,3.8939500000000002,3.89075,1,1.5
25.08.2021 00:04:18.689,3.89394,3.89076,1,1.5
25.08.2021 00:04:18.872,3.8939500000000002,3.8905800000000004,1,1.5
25.08.2021 00:04:30.209,3.8937800000000005,3.8903900000000005,1,1.5
25.08.2021 00:04:34.145,3.8937800000000005,3.8903900000000005,1,1.5
25.08.2021 00:04:38.543,3.89377,3.8904,1,1.5
25.08.2021 00:04:40.944,3.8937800000000005,3.8903900000000005,1,1.5
25.08.2021 00:04:47.892,3.89377,3.8904,1,1.5
25.08.2021 00:04:51.913,3.89366,3.89026,1.5,1.5
25.08.2021 00:05:00.934,3.89356,3.89026,1.5,1.5
25.08.2021 00:05:01.054,3.8935300000000006,3.89026,1.5,1.5
25.08.2021 00:05:01.901,3.89356,3.89026,1.5,1.5
25.08.2021 00:05:16.392,3.8935800000000005,3.89027,1.5,1.5
25.08.2021 00:05:26.401,3.8935900000000006,3.89026,1.5,1.5
25.08.2021 00:05:26.655,3.8934900000000003,3.8900900000000003,1.5,1.5
25.08.2021 00:05:26.854,3.8934100000000003,3.8900900000000003,1,1.5
25.08.2021 00:05:34.380,3.89339,3.8900900000000003,1.5,1.5
25.08.2021 00:05:41.015,3.8933800000000005,3.8901000000000003,1.5,1.5
25.08.2021 00:05:50.466,3.89336,3.8900900000000003,1.5,1.5
25.08.2021 00:05:51.663,3.8932400000000005,3.8898900000000003,1,1.5
25.08.2021 00:05:54.555,3.8932400000000005,3.8898900000000003,1,1.5
25.08.2021 00:06:00.027,3.8932400000000005,3.8898900000000003,1,1.5
25.08.2021 00:06:03.133,3.8932400000000005,3.8898900000000003,1,1.5
25.08.2021 00:06:03.756,3.8932400000000005,3.8898900000000003,1,1.5
25.08.2021 00:06:06.041,3.8932400000000005,3.8898900000000003,1,1.5
25.08.2021 00:06:11.348,3.8932300000000004,3.8899000000000004,1,1.5
25.08.2021 00:06:20.022,3.8932400000000005,3.8898900000000003,1,1.5
25.08.2021 00:06:21.784,3.8934100000000003,3.89005,1,1.5
25.08.2021 00:06:21.991,3.89342,3.8901800000000004,1,1.5
25.08.2021 00:06:22.288,3.8934100000000003,3.8901900000000005,1,1.5
25.08.2021 00:06:40.551,3.8936100000000002,3.8901800000000004,1,1.5
25.08.2021 00:07:34.547,3.8936900000000003,3.89035,1,1.5
25.08.2021 00:07:51.466,3.8936800000000007,3.8903600000000003,1.5,1.5
25.08.2021 00:07:51.741,3.8936300000000004,3.89025,1.5,1.5
25.08.2021 00:07:57.507,3.8935300000000006,3.89026,1,1.5
25.08.2021 00:07:58.197,3.8937000000000004,3.8904500000000004,1,1
25.08.2021 00:07:58.247,3.8937300000000006,3.8904500000000004,1,1.5
25.08.2021 00:08:08.211,3.89406,3.8906800000000006,1,1.5
25.08.2021 00:08:08.410,3.89412,3.8906800000000006,1,1.5
25.08.2021 00:08:19.250,3.89412,3.8908500000000004,1,1.5
25.08.2021 00:08:21.312,3.89425,3.89086,1.5,1.5
25.08.2021 00:08:28.049,3.89421,3.89086,1.5,1.5
25.08.2021 00:10:04.525,3.8941800000000004,3.89086,1.5,1.5
25.08.2021 00:10:08.279,3.89422,3.8908800000000006,1,1.5
25.08.2021 00:10:11.370,3.8941900000000005,3.8908800000000006,1.5,1.5
25.08.2021 00:10:14.129,3.89422,3.8908800000000006,1,1.5
25.08.2021 00:11:13.606,3.89421,3.8908800000000006,1,1.5
25.08.2021 00:11:13.825,3.89421,3.8908800000000006,1,1.5
25.08.2021 00:11:44.148,3.89421,3.8908800000000006,1,1.5
25.08.2021 00:11:45.062,3.8943900000000005,3.89106,1,1.5
25.08.2021 00:11:48.083,3.8943800000000004,3.89106,1.5,1.5
25.08.2021 00:11:49.605,3.8943800000000004,3.89106,1.5,1.5
25.08.2021 00:12:01.406,3.8944,3.8910500000000003,1,1.5
25.08.2021 00:12:01.545,3.8945300000000005,3.89106,1,1.5
25.08.2021 00:12:05.340,3.89455,3.89121,1,1.5
25.08.2021 00:12:21.333,3.89455,3.89121,1.5,1.5
25.08.2021 00:12:34.825,3.89452,3.89121,1.5,1.5
25.08.2021 00:12:39.756,3.8943800000000004,3.8910500000000003,1,1.5
25.08.2021 00:12:40.272,3.8943800000000004,3.8910500000000003,1,1.5
25.08.2021 00:13:26.094,3.89437,3.89106,1,1.5
25.08.2021 00:13:26.295,3.8943800000000004,3.8910500000000003,1,1.5
25.08.2021 00:13:44.084,3.8943300000000005,3.8910500000000003,1,1.5
25.08.2021 00:14:01.508,3.8943300000000005,3.8910500000000003,1,1.5
25.08.2021 00:14:01.861,3.8943300000000005,3.8910500000000003,1,1.5
25.08.2021 00:14:28.547,3.8944900000000002,3.89121,1.5,1.5
25.08.2021 00:14:30.798,3.8944800000000006,3.8912199999999997,1.5,1.5
25.08.2021 00:14:31.046,3.8943800000000004,3.8910199999999997,1.5,1.5
25.08.2021 00:14:31.333,3.8939800000000004,3.89101,1.5,1.5
25.08.2021 00:15:03.281,3.8941900000000005,3.8908500000000004,1.5,1.5
25.08.2021 00:15:12.010,3.8942300000000003,3.8908500000000004,1,1.5
25.08.2021 00:15:52.003,3.89394,3.89086,1.5,1.5
25.08.2021 00:15:52.199,3.8939500000000002,3.8910500000000003,1.5,1.5
25.08.2021 00:16:01.548,3.8939500000000002,3.8910500000000003,1.5,1.5
25.08.2021 00:16:02.570,3.89394,3.89106,1.5,1.12
25.08.2021 00:16:06.603,3.8939500000000002,3.8908500000000004,1.5,1.5
25.08.2021 00:16:16.596,3.8941800000000004,3.89086,1.5,1.5
25.08.2021 00:17:00.282,3.89421,3.8905400000000006,1,1
25.08.2021 00:17:00.476,3.89386,3.8905400000000006,1.5,1
25.08.2021 00:17:01.294,3.89385,3.89055,1.5,1
25.08.2021 00:17:15.264,3.89386,3.8904400000000003,1.5,1.5
25.08.2021 00:17:20.830,3.8941000000000003,3.8904400000000003,1,1.5
25.08.2021 00:17:36.090,3.8941000000000003,3.8904400000000003,1,1.5
25.08.2021 00:17:36.293,3.8941000000000003,3.8904400000000003,1,1.5
25.08.2021 00:17:44.045,3.8941000000000003,3.8904400000000003,1,1.5
25.08.2021 00:17:44.335,3.8940900000000003,3.8904500000000004,1,1.5
25.08.2021 00:17:44.930,3.8941000000000003,3.8904400000000003,1,1.5
25.08.2021 00:17:55.307,3.8939300000000006,3.89027,1,1.62
25.08.2021 00:18:08.167,3.8939300000000006,3.89027,1,1.62
25.08.2021 00:18:08.367,3.8936699999999997,3.8904300000000003,1.5,1
25.08.2021 00:18:36.866,3.8939300000000006,3.8904300000000003,1.5,1
25.08.2021 00:18:37.553,3.8939300000000006,3.8904300000000003,1.5,1
25.08.2021 00:18:40.575,3.8939300000000006,3.8904300000000003,1.5,1
25.08.2021 00:18:48.762,3.8941000000000003,3.8904300000000003,1,1
25.08.2021 00:19:08.160,3.8940900000000003,3.8904400000000003,1,1
25.08.2021 00:20:32.373,3.8938300000000003,3.89041,1.5,1
25.08.2021 00:20:46.382,3.89382,3.8904199999999998,1.5,1
25.08.2021 00:20:46.585,3.8938300000000003,3.89061,1.5,1
25.08.2021 00:21:03.136,3.8940300000000003,3.8906500000000004,1.5,1
25.08.2021 00:21:11.475,3.89426,3.89066,1,1
25.08.2021 00:21:14.899,3.8942699999999997,3.8906500000000004,1,1
25.08.2021 00:21:22.767,3.89426,3.89066,1,1
25.08.2021 00:21:27.327,3.8940300000000003,3.8906500000000004,1.5,1
25.08.2021 00:21:28.149,3.8940300000000003,3.8906500000000004,1.5,1
25.08.2021 00:21:44.599,3.89402,3.89066,1.5,1
25.08.2021 00:22:08.006,3.89412,3.8907300000000005,1.5,1
25.08.2021 00:22:28.511,3.89437,3.8907300000000005,1,1
25.08.2021 00:22:28.749,3.89436,3.8907400000000005,1,1
25.08.2021 00:22:52.536,3.89412,3.8907400000000005,1.5,1
25.08.2021 00:22:56.982,3.8941300000000005,3.8908199999999997,1.5,1
25.08.2021 00:23:06.591,3.8941300000000005,3.8908199999999997,1.5,1
25.08.2021 00:24:15.707,3.8945000000000003,3.8908500000000004,1,1
25.08.2021 00:24:46.279,3.8941000000000003,3.8908500000000004,1.5,1
25.08.2021 00:24:52.801,3.8941000000000003,3.8908500000000004,1.5,1
25.08.2021 00:24:55.777,3.89469,3.8910199999999997,1,1
25.08.2021 00:24:56.176,3.89437,3.8911800000000003,1.5,1
25.08.2021 00:24:56.665,3.89436,3.8911900000000004,1.5,1
25.08.2021 00:25:00.310,3.8941000000000003,3.89106,1,1
25.08.2021 00:25:00.432,3.8941000000000003,3.89106,1.5,1
25.08.2021 00:25:01.232,3.8940900000000003,3.89107,1,1
25.08.2021 00:25:10.799,3.8941000000000003,3.89117,1,1
25.08.2021 00:25:10.902,3.89437,3.89126,1.5,1.5
25.08.2021 00:25:10.977,3.89437,3.89126,1.5,1.5
25.08.2021 00:25:43.091,3.89437,3.89135,1.5,1.5
25.08.2021 00:25:43.325,3.89436,3.89136,1.5,1.5
25.08.2021 00:26:08.021,3.89435,3.89135,1.12,1.5
25.08.2021 00:26:08.221,3.89434,3.89136,1.5,1.5
25.08.2021 00:26:09.927,3.8943300000000005,3.89136,1.5,1.5
25.08.2021 00:26:50.094,3.89435,3.89107,1.5,1.5
25.08.2021 00:26:51.882,3.89435,3.89107,1.5,1.5
25.08.2021 00:27:00.882,3.89434,3.89107,1.5,1.5
25.08.2021 00:27:06.230,3.89425,3.89107,1.5,1.5
25.08.2021 00:28:01.934,3.89434,3.89106,1.5,1
25.08.2021 00:28:11.473,3.89452,3.89096,1.5,1
25.08.2021 00:28:18.409,3.8942300000000003,3.89097,1.5,1
25.08.2021 00:28:18.611,3.8942400000000004,3.89096,1.5,1
25.08.2021 00:28:21.744,3.8940900000000003,3.8907900000000004,1.5,1.5
25.08.2021 00:28:28.714,3.8940800000000007,3.8908,1.5,1.5
25.08.2021 00:28:35.011,3.8940900000000003,3.8907900000000004,1.5,1.5
25.08.2021 00:28:40.985,3.89435,3.89097,1.5,1
25.08.2021 00:28:45.387,3.89436,3.89096,1.5,1
25.08.2021 00:28:57.287,3.89436,3.89096,1.5,1.62
25.08.2021 00:28:57.691,3.89435,3.89097,1.5,1.62
25.08.2021 00:28:58.854,3.89436,3.89096,1.5,1.62
25.08.2021 00:29:00.368,3.89436,3.89096,1.5,1.62
25.08.2021 00:30:17.584,3.89436,3.8912199999999997,1,1
25.08.2021 00:30:17.684,3.8946500000000004,3.8913699999999998,1.5,1
25.08.2021 00:30:17.785,3.8946500000000004,3.8913800000000003,1.5,1
25.08.2021 00:30:17.950,3.8946400000000003,3.8913900000000003,1.5,1
25.08.2021 00:30:20.071,3.8946500000000004,3.8913800000000003,1.5,1
25.08.2021 00:30:20.273,3.8946400000000003,3.8913900000000003,1.5,1
25.08.2021 00:30:39.785,3.8946500000000004,3.8915699999999998,1.12,1
25.08.2021 00:30:39.973,3.89495,3.8915800000000003,1.5,1.5
25.08.2021 00:30:41.021,3.89495,3.8915800000000003,1.5,1.5
25.08.2021 00:30:41.223,3.89495,3.8915800000000003,1.5,1.5
25.08.2021 00:30:49.049,3.89495,3.8915800000000003,1.5,1.5
25.08.2021 00:30:50.037,3.8949400000000005,3.8915900000000003,1.5,1.5
25.08.2021 00:30:53.330,3.89521,3.8919300000000003,1.5,1
25.08.2021 00:30:53.382,3.89521,3.8919300000000003,1.5,1
25.08.2021 00:30:55.196,3.89521,3.8919300000000003,1.5,1
25.08.2021 00:30:55.253,3.8952199999999997,3.89192,1.5,1
25.08.2021 00:30:55.411,3.89555,3.8919300000000003,1,1
25.08.2021 00:30:55.617,3.8952199999999997,3.89192,1.5,1
25.08.2021 00:30:55.817,3.8952199999999997,3.89192,1.5,1
25.08.2021 00:30:59.037,3.8952199999999997,3.89192,1.5,1
25.08.2021 00:30:59.237,3.8952199999999997,3.89192,1.5,1
25.08.2021 00:31:00.338,3.89521,3.8919300000000003,1.5,1
25.08.2021 00:31:00.439,3.89556,3.89192,1,1
25.08.2021 00:31:19.595,3.8952199999999997,3.89192,1.5,1
25.08.2021 00:31:20.848,3.8952199999999997,3.89192,1.5,1
25.08.2021 00:31:32.502,3.8952199999999997,3.89192,1.5,1
25.08.2021 00:31:35.819,3.89521,3.8919300000000003,1.5,1
25.08.2021 00:31:45.463,3.8952199999999997,3.89192,1.5,1
25.08.2021 00:31:50.027,3.89527,3.8919300000000003,1.5,1
25.08.2021 00:31:50.975,3.89527,3.8919300000000003,1.5,1
25.08.2021 00:32:00.470,3.8952800000000005,3.8919400000000004,1.5,1
25.08.2021 00:32:00.673,3.8952800000000005,3.8919400000000004,1.5,1
25.08.2021 00:32:03.281,3.89527,3.89195,1.5,1
25.08.2021 00:32:04.363,3.8952800000000005,3.8919400000000004,1.5,1
25.08.2021 00:32:21.974,3.8952800000000005,3.8919400000000004,1.5,1
25.08.2021 00:32:22.176,3.89527,3.89195,1.5,1
25.08.2021 00:32:26.390,3.8952800000000005,3.8919400000000004,1.5,1
25.08.2021 00:32:45.308,3.89536,3.8919400000000004,1.5,1
25.08.2021 00:32:49.609,3.89535,3.89195,1.5,1
25.08.2021 00:32:49.861,3.8956300000000006,3.89236,1.5,1
25.08.2021 00:32:50.383,3.8956300000000006,3.89236,1.5,1
25.08.2021 00:32:54.494,3.8956300000000006,3.89236,1.5,1
25.08.2021 00:32:54.559,3.89562,3.89237,1.5,1
25.08.2021 00:32:56.592,3.8956300000000006,3.89236,1.5,1
25.08.2021 00:32:56.657,3.8956300000000006,3.89236,1.5,1
25.08.2021 00:33:00.164,3.8956300000000006,3.89236,1.5,1
25.08.2021 00:33:00.698,3.8956300000000006,3.89236,1.5,1
25.08.2021 00:33:11.895,3.89562,3.89237,1.5,1
25.08.2021 00:33:18.895,3.8956300000000006,3.89236,1.5,1
25.08.2021 00:33:32.367,3.8956300000000006,3.89236,1.5,1
25.08.2021 00:33:47.179,3.89572,3.89237,1.5,1
25.08.2021 00:33:47.381,3.8957300000000004,3.89265,1,1
25.08.2021 00:33:47.431,3.89632,3.89265,1,1
25.08.2021 00:33:47.582,3.8959900000000003,3.8928000000000003,1.5,1
25.08.2021 00:33:47.750,3.8960000000000004,3.89279,1,1
25.08.2021 00:33:47.886,3.8960000000000004,3.89279,1.5,1
25.08.2021 00:33:54.722,3.8964800000000004,3.8928000000000003,1,1
25.08.2021 00:34:04.636,3.8964800000000004,3.89291,1,1
25.08.2021 00:34:09.860,3.8964900000000005,3.8929,1,1
25.08.2021 00:34:15.895,3.8966800000000004,3.8929,1,1
25.08.2021 00:34:24.296,3.8965300000000003,3.8929,1,1
25.08.2021 00:34:30.120,3.89621,3.8927400000000003,1,1.5
25.08.2021 00:34:31.104,3.8962000000000003,3.8927500000000004,1,1.5
25.08.2021 00:34:31.303,3.8962000000000003,3.8927500000000004,1,1.5
25.08.2021 00:34:32.265,3.89621,3.8927400000000003,1,1.5
25.08.2021 00:34:38.210,3.8962000000000003,3.8927500000000004,1,1.5
25.08.2021 00:34:41.678,3.89621,3.89281,1,1.5
25.08.2021 00:34:59.745,3.89604,3.8927199999999997,1,1
25.08.2021 00:35:05.085,3.89604,3.8926400000000005,1,1.5
25.08.2021 00:35:05.315,3.89586,3.89256,1,1
25.08.2021 00:35:12.493,3.89587,3.8923800000000006,1,1
25.08.2021 00:35:15.566,3.89586,3.8923900000000002,1,1
25.08.2021 00:35:33.173,3.8958500000000003,3.89221,1,1
25.08.2021 00:36:02.641,3.8958500000000003,3.89221,1,1
25.08.2021 00:36:02.848,3.89584,3.89221,1,1
25.08.2021 00:36:02.949,3.8957,3.8920500000000002,1,1.5
25.08.2021 00:36:03.597,3.89546,3.89206,1,1.5
25.08.2021 00:36:05.248,3.89564,3.89221,1,1.5
25.08.2021 00:36:08.460,3.89582,3.89221,1,1.5
25.08.2021 00:36:08.642,3.89581,3.8923900000000002,1,1.5
25.08.2021 00:36:09.396,3.89581,3.8923900000000002,1,1.5
25.08.2021 00:36:19.805,3.89582,3.8923800000000006,1,1.5
25.08.2021 00:36:20.005,3.89582,3.8923800000000006,1,1.5
25.08.2021 00:36:31.070,3.89582,3.8923800000000006,1,1.5
25.08.2021 00:36:46.097,3.89581,3.8923900000000002,1,1.5
25.08.2021 00:37:07.641,3.89582,3.8923800000000006,1,1.5
25.08.2021 00:37:11.339,3.89572,3.8923900000000002,1,1.5
25.08.2021 00:37:11.946,3.8957300000000004,3.8923800000000006,1,1.5
25.08.2021 00:37:42.347,3.89572,3.8923900000000002,1,1.5
25.08.2021 00:37:42.552,3.8957300000000004,3.8923800000000006,1,1.5
25.08.2021 00:37:43.291,3.8959300000000003,3.8923800000000006,1,1.5
25.08.2021 00:37:43.459,3.89592,3.89259,1,1.5
25.08.2021 00:37:46.557,3.8961,3.89259,1,1.5
25.08.2021 00:38:23.872,3.89611,3.8927400000000003,1,1.5
25.08.2021 00:38:24.073,3.89611,3.8927400000000003,1,1.5
25.08.2021 00:38:31.545,3.89611,3.8927400000000003,1,1.5
25.08.2021 00:38:44.710,3.8961,3.8927500000000004,1,1.5
25.08.2021 00:38:49.579,3.89607,3.8927400000000003,1,1.5
25.08.2021 00:38:54.967,3.89624,3.8927400000000003,1,1.5
25.08.2021 00:38:55.168,3.89624,3.8927400000000003,1,1.5
25.08.2021 00:39:03.894,3.8962300000000005,3.8927500000000004,1,1.5
25.08.2021 00:39:04.097,3.89641,3.89291,1,1.5
25.08.2021 00:39:26.593,3.89641,3.89307,1,1.5
25.08.2021 00:39:26.794,3.89657,3.89307,1,1.5
25.08.2021 00:39:31.934,3.89657,3.89307,1,1.5
25.08.2021 00:39:32.874,3.89657,3.89307,1,1.5
25.08.2021 00:39:36.662,3.89656,3.8930800000000003,1,1.5
25.08.2021 00:39:36.864,3.89656,3.8930800000000003,1,1.5
25.08.2021 00:39:49.296,3.89657,3.89307,1,1.5
25.08.2021 00:39:52.836,3.89657,3.89307,1,1.5
25.08.2021 00:40:30.974,3.8966800000000004,3.8932400000000005,1,1.5
25.08.2021 00:40:31.125,3.8968400000000005,3.8934800000000003,1,1.5
25.08.2021 00:40:35.972,3.8966800000000004,3.8934699999999998,1.5,1.5
25.08.2021 00:40:36.170,3.8966800000000004,3.8936400000000004,1.5,1.5
25.08.2021 00:40:44.987,3.89667,3.89365,1.5,1.5
25.08.2021 00:40:45.229,3.8966800000000004,3.8936400000000004,1.5,1.5
25.08.2021 00:40:50.453,3.89702,3.89365,1,1.5
25.08.2021 00:40:51.748,3.8970300000000004,3.8936400000000004,1,1.5
25.08.2021 00:40:51.876,3.8970300000000004,3.8936400000000004,1,1.5
25.08.2021 00:41:17.484,3.8972,3.89377,1,1.5
25.08.2021 00:41:18.875,3.89719,3.8937800000000005,1,1.5
25.08.2021 00:41:26.884,3.8972,3.89377,1,1.5
25.08.2021 00:41:35.896,3.8972,3.8936400000000004,1,1.5
25.08.2021 00:41:36.446,3.89719,3.89365,1,1.5
25.08.2021 00:41:38.569,3.89701,3.8936400000000004,1,1.5
25.08.2021 00:41:54.058,3.89701,3.8936400000000004,1,1.5
25.08.2021 00:41:54.261,3.8970000000000002,3.89365,1,1.5
25.08.2021 00:42:31.031,3.8972,3.89377,1,1.5
25.08.2021 00:42:41.416,3.8972,3.89377,1,1.5
25.08.2021 00:42:41.620,3.8972,3.89377,1,1.5
25.08.2021 00:42:43.530,3.8972,3.89377,1,1.5
25.08.2021 00:42:48.055,3.8972,3.89377,1,1.5
25.08.2021 00:42:48.258,3.8972,3.8936,1,1.5
25.08.2021 00:42:52.224,3.8972,3.8936,1,1.5
25.08.2021 00:42:56.479,3.8972,3.8938,1,1.5
25.08.2021 00:42:56.997,3.8973800000000005,3.8939300000000006,1,1.5
25.08.2021 00:42:57.763,3.89756,3.8941500000000002,1,1.5
25.08.2021 00:43:03.289,3.89757,3.89414,1,1.5
25.08.2021 00:43:03.446,3.89757,3.89414,1,1.5
25.08.2021 00:43:05.055,3.89757,3.89414,1,1.5
25.08.2021 00:43:06.280,3.89757,3.89414,1,1.5
25.08.2021 00:43:06.651,3.89756,3.8941500000000002,1,1.5
25.08.2021 00:43:08.508,3.89756,3.8941500000000002,1,1.5
25.08.2021 00:43:22.596,3.89757,3.89414,1,1.5
25.08.2021 00:43:23.256,3.89757,3.89401,1,1.5
25.08.2021 00:43:28.131,3.89757,3.89401,1,1.5
25.08.2021 00:43:30.624,3.89757,3.89401,1,1.5
25.08.2021 00:43:34.994,3.89757,3.89401,1,1.5
25.08.2021 00:43:38.393,3.89757,3.89401,1,1.5
25.08.2021 00:43:38.918,3.89756,3.89402,1,1.5
25.08.2021 00:43:42.070,3.89757,3.89401,1,1.5
25.08.2021 00:43:42.273,3.89756,3.89402,1,1.5
25.08.2021 00:43:51.945,3.89757,3.89401,1,1.5
25.08.2021 00:43:52.150,3.89756,3.89421,1,1.5
25.08.2021 00:44:00.484,3.8977000000000004,3.89437,1,1.5
25.08.2021 00:44:00.535,3.8978699999999997,3.89437,1,1.5
25.08.2021 00:44:00.585,3.8978699999999997,3.89437,1,1.5
25.08.2021 00:44:00.800,3.8980400000000004,3.89454,1,1.5
25.08.2021 00:44:01.001,3.8980300000000003,3.89455,1,1.5
25.08.2021 00:44:01.218,3.8980400000000004,3.89454,1,1.5
25.08.2021 00:44:01.354,3.8980400000000004,3.89454,1,1.5
25.08.2021 00:44:02.601,3.8980400000000004,3.89454,1,1.5
25.08.2021 00:44:02.819,3.8980400000000004,3.89454,1,1.5
25.08.2021 00:44:03.219,3.8980400000000004,3.89454,1,1.5
25.08.2021 00:44:04.312,3.89786,3.8944300000000003,1,1.5
25.08.2021 00:44:04.895,3.89786,3.8944300000000003,1,1.5
25.08.2021 00:44:10.840,3.89786,3.8944300000000003,1,1.5
25.08.2021 00:44:11.477,3.89786,3.8944300000000003,1,1.5
25.08.2021 00:44:11.677,3.89785,3.8944400000000003,1,1.5
25.08.2021 00:44:12.667,3.89785,3.8944400000000003,1,1.5
25.08.2021 00:44:12.871,3.89786,3.8944300000000003,1,1.5
25.08.2021 00:44:13.476,3.89786,3.8944300000000003,1,1.5
25.08.2021 00:44:15.707,3.89786,3.8944300000000003,1,1.5
25.08.2021 00:44:15.881,3.89786,3.8944300000000003,1,1.5
25.08.2021 00:44:16.082,3.89786,3.8944300000000003,1,1.5
25.08.2021 00:44:16.482,3.89786,3.8944300000000003,1,1.5
25.08.2021 00:44:16.761,3.89785,3.8944400000000003,1,1.5
25.08.2021 00:44:28.411,3.89785,3.8944400000000003,1,1.5
25.08.2021 00:44:28.613,3.8976900000000003,3.8942699999999997,1,1.5
25.08.2021 00:44:53.925,3.8976800000000007,3.89432,1,1.5
25.08.2021 00:45:01.427,3.8976900000000003,3.89431,1,1.5
25.08.2021 00:45:01.544,3.8976800000000007,3.89432,1,1.5
25.08.2021 00:45:02.215,3.8976900000000003,3.89431,1,1.5
25.08.2021 00:45:03.724,3.8976900000000003,3.89431,1,1.5
25.08.2021 00:45:50.557,3.8976800000000007,3.89431,1,1.5
25.08.2021 00:45:50.758,3.8976800000000007,3.89431,1,1.5
25.08.2021 00:46:36.613,3.89765,3.89425,1,1.5
25.08.2021 00:46:36.815,3.89762,3.8940900000000003,1.5,1.5
25.08.2021 00:46:57.905,3.89762,3.8940900000000003,1.5,1.5
25.08.2021 00:47:18.456,3.8975900000000006,3.8940900000000003,1.5,1.5
25.08.2021 00:47:44.896,3.8974900000000003,3.8940900000000003,1.5,1.5
25.08.2021 00:47:47.321,3.8975000000000004,3.8940800000000007,1.5,1.5
25.08.2021 00:47:51.544,3.89736,3.89391,1.5,1.5
25.08.2021 00:48:26.189,3.8972400000000005,3.8938800000000007,1,1.5
25.08.2021 00:48:54.354,3.8972400000000005,3.8938800000000007,1,1.5
25.08.2021 00:48:54.555,3.8972400000000005,3.8938800000000007,1,1.5
25.08.2021 00:48:56.166,3.8974900000000003,3.8938699999999997,1,1.5
25.08.2021 00:48:57.574,3.8974900000000003,3.89397,1,1.5
25.08.2021 00:49:01.554,3.8972800000000003,3.89397,1.5,1.5
25.08.2021 00:49:03.302,3.8976800000000007,3.8941300000000005,1,1.5
25.08.2021 00:49:23.709,3.8976800000000007,3.8941300000000005,1,1.5
25.08.2021 00:49:27.534,3.8976800000000007,3.89437,1,1.5
25.08.2021 00:49:35.920,3.8976800000000007,3.89437,1,1.5
25.08.2021 00:49:36.123,3.8976900000000003,3.89437,1,1.5
25.08.2021 00:49:36.324,3.8976900000000003,3.89457,1,1.5
25.08.2021 00:49:38.897,3.8976900000000003,3.89457,1,1.5
25.08.2021 00:49:41.216,3.8976900000000003,3.89457,1,1.5
25.08.2021 00:49:43.173,3.8976900000000003,3.89457,1,1.5
25.08.2021 00:49:43.404,3.89805,3.89476,1,1.5
25.08.2021 00:49:49.607,3.89805,3.89476,1,1.5
25.08.2021 00:49:50.174,3.8982,3.89476,1,1.5
25.08.2021 00:49:55.244,3.8982,3.89476,1,1.5
25.08.2021 00:49:56.063,3.8981900000000005,3.89477,1,1.5
25.08.2021 00:49:56.440,3.8982,3.89476,1,1.5
25.08.2021 00:50:35.055,3.89816,3.89477,1,1.5
25.08.2021 00:50:35.256,3.89817,3.89476,1,1.5
25.08.2021 00:50:58.434,3.89817,3.89481,1,1.5
25.08.2021 00:50:58.636,3.89816,3.8948199999999997,1,1.5
25.08.2021 00:51:14.945,3.89811,3.89481,1,1.5
25.08.2021 00:51:15.046,3.89822,3.89481,1.5,1
25.08.2021 00:51:16.541,3.89822,3.8947300000000005,1.5,1
25.08.2021 00:51:16.642,3.89817,3.8940800000000007,1.5,1.5
25.08.2021 00:51:16.742,3.89817,3.8937800000000005,1.5,1
25.08.2021 00:51:16.906,3.8981000000000003,3.8937800000000005,1,1
25.08.2021 00:51:17.106,3.8977300000000006,3.8937800000000005,1,1
25.08.2021 00:51:17.653,3.8977300000000006,3.89346,1,1.5
25.08.2021 00:51:18.203,3.8977300000000006,3.89346,1,1.5
25.08.2021 00:51:34.205,3.8977300000000006,3.89346,1.5,1.5
25.08.2021 00:51:34.403,3.8977300000000006,3.89326,1.5,1
25.08.2021 00:51:34.552,3.8974699999999998,3.89326,1,1
25.08.2021 00:51:37.848,3.8974699999999998,3.8932400000000005,1,1
25.08.2021 00:51:38.037,3.89777,3.8934,1,1.5
25.08.2021 00:51:38.162,3.8977800000000005,3.89339,1,1.5
25.08.2021 00:51:38.251,3.8977800000000005,3.89339,1.5,1.5
25.08.2021 00:51:41.146,3.8977800000000005,3.89339,1,1.5
25.08.2021 00:51:46.515,3.8977800000000005,3.89339,1,1.5
25.08.2021 00:52:32.985,3.89786,3.89339,1,1.5
25.08.2021 00:53:13.593,3.89785,3.8934,1.5,1.62
25.08.2021 00:53:15.778,3.89786,3.89339,1.5,1.62
25.08.2021 00:53:26.308,3.89786,3.8936900000000003,1,1.5
25.08.2021 00:53:26.475,3.89785,3.8937000000000004,1,1.5
25.08.2021 00:53:26.966,3.89786,3.8936900000000003,1,1.5
25.08.2021 00:53:27.984,3.89805,3.8936900000000003,1,1.5
25.08.2021 00:53:32.896,3.8980400000000004,3.8937000000000004,1.12,1.5
25.08.2021 00:53:40.667,3.89805,3.8936900000000003,1,1.5
25.08.2021 00:53:46.838,3.89805,3.8936900000000003,1.12,1.5
25.08.2021 00:53:47.038,3.89805,3.8936900000000003,1.5,1.5
25.08.2021 00:53:48.144,3.89805,3.8936900000000003,1.12,1.5
25.08.2021 00:53:48.660,3.89805,3.8936900000000003,1.5,1.5
25.08.2021 00:53:48.862,3.89805,3.8936900000000003,1.12,1.5
25.08.2021 00:53:49.753,3.89805,3.8936900000000003,1.5,1.5
25.08.2021 00:53:50.888,3.89805,3.8936900000000003,1.5,1.5
25.08.2021 00:53:51.136,3.8980400000000004,3.8937000000000004,1,1
25.08.2021 00:54:20.218,3.8980400000000004,3.8934800000000003,1,1.5
25.08.2021 00:54:22.986,3.8981800000000004,3.8934699999999998,1,1.5
25.08.2021 00:54:32.173,3.8981800000000004,3.89374,1,1
25.08.2021 00:54:32.285,3.89817,3.8937500000000003,1,1.5
25.08.2021 00:54:32.623,3.89817,3.8937500000000003,1,1.5
25.08.2021 00:54:37.143,3.8981800000000004,3.89374,1,1.5
25.08.2021 00:54:37.307,3.8981800000000004,3.8936800000000007,1,1.5
25.08.2021 00:54:39.098,3.8981800000000004,3.8934300000000004,1,1.5
25.08.2021 00:54:46.485,3.89817,3.8934400000000005,1,1.5
25.08.2021 00:54:46.648,3.89817,3.8934400000000005,1,1.5
25.08.2021 00:54:50.789,3.8981800000000004,3.8931300000000006,1.5,1.5
25.08.2021 00:54:50.991,3.8981800000000004,3.8931300000000006,1,1.5
25.08.2021 00:54:52.562,3.89817,3.8931400000000003,1,1.5
25.08.2021 00:54:52.612,3.8978900000000003,3.8931400000000003,1,1.5
25.08.2021 00:54:53.183,3.8979000000000004,3.8931300000000006,1,1.5
25.08.2021 00:55:02.847,3.8978900000000003,3.89282,1,1
25.08.2021 00:55:04.526,3.8978900000000003,3.8929800000000006,1.5,1.5
25.08.2021 00:55:06.450,3.8978900000000003,3.89276,1.5,1.5
25.08.2021 00:55:06.968,3.89774,3.89352,1,1
25.08.2021 00:55:07.169,3.89766,3.89377,1,1.5
25.08.2021 00:55:07.301,3.89766,3.89377,1,1.5
25.08.2021 00:55:07.503,3.8976,3.8937800000000005,1,1.5
25.08.2021 00:55:07.755,3.89781,3.89402,1,1.5
25.08.2021 00:55:14.123,3.89776,3.8940300000000003,1,1
25.08.2021 00:55:15.310,3.8978,3.8938900000000003,1,1.5
25.08.2021 00:55:15.467,3.8977900000000005,3.8939000000000004,1,1.5
25.08.2021 00:55:16.453,3.89772,3.8939000000000004,1,1.5
25.08.2021 00:55:16.594,3.8977300000000006,3.8938900000000003,1,1.5
25.08.2021 00:55:16.846,3.89766,3.89401,1,1
25.08.2021 00:55:17.002,3.89776,3.8939000000000004,1,1.5
25.08.2021 00:55:17.668,3.89765,3.894,1,1
25.08.2021 00:55:17.854,3.8977500000000003,3.8939000000000004,1,1.5
25.08.2021 00:55:19.126,3.8978400000000004,3.89385,1,1.5
25.08.2021 00:55:21.623,3.89772,3.8940400000000004,1,1
25.08.2021 00:55:21.749,3.8977500000000003,3.8941000000000003,1,1
25.08.2021 00:55:21.901,3.89785,3.8938300000000003,1,1.5
25.08.2021 00:55:22.078,3.89772,3.89405,1,1
25.08.2021 00:55:22.314,3.8978800000000007,3.8938300000000003,1,1.5
25.08.2021 00:55:22.548,3.8978400000000004,3.89405,1,1.5
25.08.2021 00:55:23.307,3.8979000000000004,3.8940400000000004,1,1.5
25.08.2021 00:55:23.465,3.8978900000000003,3.89405,1,1.5
25.08.2021 00:55:23.712,3.89772,3.89405,1,1
25.08.2021 00:55:23.867,3.89772,3.89405,1,1
25.08.2021 00:55:24.112,3.8978900000000003,3.8937800000000005,1,1.5
25.08.2021 00:55:24.313,3.8977900000000005,3.89414,1,1
25.08.2021 00:55:24.472,3.8977900000000005,3.89414,1,1
25.08.2021 00:55:24.939,3.8978300000000004,3.89402,1,1
25.08.2021 00:55:25.873,3.89781,3.89414,1,1
25.08.2021 00:55:26.150,3.89782,3.89417,1,1
25.08.2021 00:55:26.617,3.8978699999999997,3.89416,1,1
25.08.2021 00:55:26.808,3.8978900000000003,3.89416,1,1
25.08.2021 00:55:27.010,3.8978900000000003,3.89416,1,1
25.08.2021 00:55:28.951,3.8976,3.8942,1.5,1
25.08.2021 00:55:29.156,3.89792,3.894,1,1
25.08.2021 00:55:29.408,3.8976100000000002,3.8941800000000004,1,1
25.08.2021 00:55:30.082,3.89782,3.8941500000000002,1,1
25.08.2021 00:55:30.535,3.8978300000000004,3.8941800000000004,1,1
25.08.2021 00:55:30.585,3.89786,3.8941800000000004,1,1
25.08.2021 00:55:30.781,3.8978400000000004,3.89417,1,1
25.08.2021 00:55:31.184,3.8978800000000007,3.8942,1.5,1
25.08.2021 00:55:31.664,3.8979000000000004,3.89392,1,1
25.08.2021 00:55:32.020,3.8975800000000005,3.89417,1.5,1
25.08.2021 00:55:32.255,3.8975800000000005,3.8938900000000003,1.5,1.5
25.08.2021 00:55:32.456,3.8975800000000005,3.89426,1.5,1
25.08.2021 00:55:32.624,3.89757,3.8940800000000007,1.5,1
25.08.2021 00:55:32.827,3.89772,3.89405,1,1
25.08.2021 00:55:33.029,3.8976800000000007,3.8940300000000003,1,1
25.08.2021 00:55:33.495,3.8979900000000005,3.89392,1,1
25.08.2021 00:55:33.679,3.89794,3.8942699999999997,1,1
25.08.2021 00:55:33.901,3.8978900000000003,3.89422,1,1
25.08.2021 00:55:34.017,3.89794,3.8942699999999997,1,1
25.08.2021 00:55:34.236,3.89792,3.89425,1,1
25.08.2021 00:55:34.590,3.8979900000000005,3.89406,1,1.5
25.08.2021 00:55:34.993,3.898,3.8941000000000003,1,1
25.08.2021 00:55:35.573,3.89801,3.8941000000000003,1,1
25.08.2021 00:55:35.799,3.8979500000000002,3.8942800000000006,1,1
25.08.2021 00:55:36.001,3.898,3.89396,1,1.5
25.08.2021 00:55:36.212,3.8979500000000002,3.8942800000000006,1,1
25.08.2021 00:55:36.869,3.89801,3.89411,1,1
25.08.2021 00:55:37.070,3.8979500000000002,3.8943000000000003,1,1
25.08.2021 00:55:37.421,3.8979800000000004,3.89431,1,1
25.08.2021 00:55:37.577,3.8979800000000004,3.89431,1,1
25.08.2021 00:55:38.029,3.89797,3.8943000000000003,1,1
25.08.2021 00:55:38.230,3.8979900000000005,3.89432,1,1
25.08.2021 00:55:38.675,3.8976900000000003,3.8940699999999997,1,1.5
25.08.2021 00:55:38.839,3.89785,3.8942,1,1
25.08.2021 00:56:07.024,3.89786,3.8942,1,1
25.08.2021 00:56:14.621,3.89786,3.8942,1,1
25.08.2021 00:56:14.822,3.89786,3.8942,1,1
25.08.2021 00:56:15.824,3.89786,3.8942,1,1
25.08.2021 00:56:23.806,3.89786,3.8942,1,1
25.08.2021 00:56:23.998,3.8980400000000004,3.8943900000000005,1,1
25.08.2021 00:56:28.999,3.89821,3.8945600000000002,1,1
25.08.2021 00:56:29.200,3.8979500000000002,3.89455,1.5,1
25.08.2021 00:56:44.743,3.8979500000000002,3.89455,1.5,1
25.08.2021 00:56:49.914,3.8979500000000002,3.89455,1.5,1
25.08.2021 00:57:01.081,3.89794,3.8945600000000002,1.5,1
25.08.2021 00:57:01.284,3.89794,3.8945600000000002,1.5,1
25.08.2021 00:57:05.897,3.8979500000000002,3.8945600000000002,1.5,1
25.08.2021 00:57:12.754,3.89821,3.89457,1,1
25.08.2021 00:57:23.184,3.8980400000000004,3.89437,1,1
25.08.2021 00:57:26.156,3.8980400000000004,3.89437,1,1
25.08.2021 00:57:28.682,3.8980400000000004,3.89437,1,1
25.08.2021 00:57:34.396,3.8980300000000003,3.8943800000000004,1,1
25.08.2021 00:57:55.897,3.8980300000000003,3.8943800000000004,1,1
25.08.2021 00:58:02.896,3.8980300000000003,3.8943800000000004,1,1
25.08.2021 00:58:09.898,3.8980400000000004,3.89437,1,1
25.08.2021 00:58:22.247,3.8980400000000004,3.89437,1,1
25.08.2021 00:58:22.453,3.8978400000000004,3.8945300000000005,1.5,1
25.08.2021 00:58:23.010,3.8978400000000004,3.8945300000000005,1.5,1.62
25.08.2021 00:58:24.099,3.8978400000000004,3.8945300000000005,1.5,1.62
25.08.2021 00:58:24.911,3.8978400000000004,3.8945300000000005,1.5,1.62
25.08.2021 00:58:25.313,3.8978400000000004,3.8945300000000005,1.5,1.62
25.08.2021 00:58:26.808,3.8978400000000004,3.8945300000000005,1.5,1.62
25.08.2021 00:58:27.841,3.8978400000000004,3.8945300000000005,1.5,1.62
25.08.2021 00:58:28.114,3.8978400000000004,3.8945300000000005,1.5,1.62
25.08.2021 00:58:38.394,3.8978400000000004,3.8945300000000005,1.5,1.62
25.08.2021 00:58:39.599,3.8978400000000004,3.8945300000000005,1.5,1.62
25.08.2021 00:58:44.073,3.8978400000000004,3.8945300000000005,1.5,1.62
25.08.2021 00:58:53.100,3.8978400000000004,3.8945300000000005,1.5,1.62
25.08.2021 00:58:54.099,3.8978400000000004,3.8945300000000005,1.5,1.62
25.08.2021 00:59:24.323,3.89806,3.8945300000000005,1,1.5
25.08.2021 00:59:24.553,3.89806,3.8943800000000004,1,1
25.08.2021 00:59:26.264,3.89806,3.8943800000000004,1,1
25.08.2021 00:59:28.300,3.89805,3.8943900000000005,1,1
25.08.2021 01:00:21.644,3.8978900000000003,3.89431,1,1.5
25.08.2021 01:00:21.843,3.8979000000000004,3.8942,1,1
25.08.2021 01:00:24.098,3.8979000000000004,3.8942,1,1
25.08.2021 01:00:39.850,3.89786,3.89421,1,1
25.08.2021 01:01:01.924,3.89786,3.8941800000000004,1,1
25.08.2021 01:01:02.124,3.89786,3.8941800000000004,1,1
25.08.2021 01:01:12.449,3.8976400000000004,3.89436,1.5,1
25.08.2021 01:01:28.333,3.8976400000000004,3.89436,1.5,1
25.08.2021 01:01:29.342,3.89791,3.89452,1.5,1
25.08.2021 01:01:30.748,3.89791,3.89455,1.5,1
25.08.2021 01:01:30.999,3.89791,3.8947000000000003,1.5,1
25.08.2021 01:01:56.336,3.89835,3.8947000000000003,1,1
25.08.2021 01:02:02.166,3.89836,3.89469,1,1
25.08.2021 01:02:02.366,3.89836,3.89469,1,1
25.08.2021 01:02:04.262,3.89836,3.89469,1,1
25.08.2021 01:02:11.955,3.89835,3.8947000000000003,1,1
25.08.2021 01:02:17.999,3.89835,3.8947000000000003,1,1
25.08.2021 01:02:18.439,3.89836,3.8947400000000005,1,1
25.08.2021 01:02:19.854,3.8981800000000004,3.8948500000000004,1.5,1
25.08.2021 01:02:26.027,3.8981800000000004,3.89486,1.5,1.5
25.08.2021 01:03:21.269,3.89857,3.89487,1,1
25.08.2021 01:03:27.609,3.89857,3.89487,1,1
25.08.2021 01:04:25.042,3.8985600000000002,3.8949000000000003,1,1
25.08.2021 01:04:27.136,3.8983800000000004,3.89489,1.5,1
25.08.2021 01:04:35.640,3.8983800000000004,3.89501,1.5,1
25.08.2021 01:04:37.176,3.89837,3.8950199999999997,1.5,1
25.08.2021 01:04:52.725,3.8983800000000004,3.89501,1.5,1
25.08.2021 01:05:15.897,3.8985600000000002,3.8950199999999997,1,1
25.08.2021 01:05:41.284,3.89854,3.89487,1,1
25.08.2021 01:05:53.287,3.8985300000000005,3.8948800000000006,1.5,1
25.08.2021 01:05:54.683,3.8985300000000005,3.8948800000000006,1.5,1
25.08.2021 01:06:04.027,3.89854,3.89487,1.5,1
25.08.2021 01:06:05.397,3.8984900000000002,3.8948800000000006,1.5,1
25.08.2021 01:06:05.597,3.8985000000000003,3.89487,1.5,1
25.08.2021 01:06:09.822,3.89836,3.8947000000000003,1,1
25.08.2021 01:06:09.898,3.89836,3.8947000000000003,1,1
25.08.2021 01:06:10.100,3.8983000000000003,3.8947000000000003,1.5,1
25.08.2021 01:06:12.897,3.8983000000000003,3.8947000000000003,1.5,1
25.08.2021 01:06:27.179,3.8982900000000003,3.89476,1.5,1.5
25.08.2021 01:06:27.381,3.8983000000000003,3.89475,1.5,1.5
25.08.2021 01:06:27.581,3.8982900000000003,3.89476,1.5,1.5
25.08.2021 01:06:28.544,3.8983000000000003,3.89475,1.5,1.5
25.08.2021 01:06:44.387,3.8981800000000004,3.89452,1,1
25.08.2021 01:06:55.498,3.8981300000000005,3.8945300000000005,1.5,1
25.08.2021 01:06:59.589,3.89814,3.89452,1.5,1
25.08.2021 01:07:08.573,3.898,3.89435,1,1
25.08.2021 01:07:09.034,3.898,3.89435,1,1
25.08.2021 01:07:09.236,3.898,3.89435,1,1
25.08.2021 01:07:10.789,3.898,3.89435,1,1
25.08.2021 01:07:40.690,3.8978300000000004,3.89435,1,1
25.08.2021 01:07:40.741,3.89782,3.8941900000000005,1,1.5
25.08.2021 01:07:40.942,3.89781,3.8941800000000004,1.5,1.5
25.08.2021 01:08:14.052,3.8978300000000004,3.8941800000000004,1,1.5
25.08.2021 01:08:14.255,3.8978300000000004,3.8941800000000004,1,1.5
25.08.2021 01:08:24.762,3.89802,3.8943800000000004,1,1.5
25.08.2021 01:08:24.972,3.8982,3.89457,1,1.5
25.08.2021 01:08:25.480,3.8982,3.89457,1,1.5
25.08.2021 01:08:25.909,3.8981900000000005,3.8945800000000004,1,1.5
25.08.2021 01:08:26.418,3.8982,3.89457,1,1.5
25.08.2021 01:08:26.850,3.8982,3.89457,1,1.5
25.08.2021 01:08:31.164,3.8984,3.8947400000000005,1,1.5
25.08.2021 01:08:31.374,3.8984,3.89495,1,1.5
25.08.2021 01:08:31.797,3.8984,3.89495,1,1.5
25.08.2021 01:08:38.841,3.8984,3.89495,1,1.5
25.08.2021 01:08:50.599,3.8984,3.89495,1,1.5
25.08.2021 01:08:57.597,3.8984,3.89495,1,1.5
25.08.2021 01:09:00.759,3.8984,3.89495,1,1.5
25.08.2021 01:09:01.248,3.8984,3.89495,1,1.5
25.08.2021 01:09:05.126,3.8983900000000005,3.89496,1,1.5
25.08.2021 01:09:06.318,3.8984,3.89495,1,1.5
25.08.2021 01:09:16.912,3.8984,3.89495,1,1.5
25.08.2021 01:09:17.337,3.8984,3.89495,1,1.5
25.08.2021 01:09:17.516,3.8984,3.89495,1,1.5
25.08.2021 01:09:25.619,3.8984,3.89495,1,1.5
25.08.2021 01:09:31.397,3.8985600000000002,3.89495,1,1.5
25.08.2021 01:09:39.235,3.8985600000000002,3.89495,1,1.5
25.08.2021 01:09:45.976,3.89855,3.89496,1,1.5
25.08.2021 01:09:47.368,3.8985600000000002,3.89495,1,1.5
25.08.2021 01:09:52.898,3.89855,3.89496,1,1.5
25.08.2021 01:09:59.762,3.89855,3.89496,1,1.5
25.08.2021 01:10:21.098,3.89855,3.89496,1,1.5
25.08.2021 01:10:21.481,3.8985600000000002,3.89495,1,1.5
25.08.2021 01:10:24.165,3.8985600000000002,3.89495,1,1.5
25.08.2021 01:10:24.389,3.8985300000000005,3.89496,1.5,1.5
25.08.2021 01:10:24.813,3.89854,3.89495,1.5,1.5
25.08.2021 01:10:25.214,3.8985300000000005,3.8949000000000003,1.5,1
25.08.2021 01:10:32.217,3.89845,3.8949000000000003,1,1
25.08.2021 01:10:33.229,3.89846,3.89489,1,1
25.08.2021 01:10:40.590,3.89846,3.8947900000000004,1,1
25.08.2021 01:10:41.171,3.89845,3.8949800000000003,1,1.5
25.08.2021 01:10:44.320,3.89846,3.89497,1,1.5
25.08.2021 01:10:49.559,3.89846,3.89497,1,1.5
25.08.2021 01:10:54.148,3.89846,3.89497,1,1.5
25.08.2021 01:10:54.472,3.89846,3.89497,1,1.5
25.08.2021 01:10:56.159,3.89846,3.89481,1,1.5
25.08.2021 01:11:02.621,3.89845,3.8948199999999997,1,1.5
25.08.2021 01:11:33.375,3.8984400000000003,3.89481,1,1.5
25.08.2021 01:11:51.316,3.8984300000000003,3.8948199999999997,1,1.5
25.08.2021 01:11:51.489,3.8984400000000003,3.89481,1,1.5
25.08.2021 01:12:00.309,3.8984400000000003,3.89481,1,1.5
25.08.2021 01:12:00.504,3.8984400000000003,3.89481,1,1.5
25.08.2021 01:12:29.169,3.8982699999999997,3.89477,1,1
25.08.2021 01:12:29.340,3.89826,3.8947800000000004,1,1
25.08.2021 01:12:59.872,3.89845,3.8947900000000004,1,1
25.08.2021 01:13:00.226,3.89845,3.8947900000000004,1,1
25.08.2021 01:13:04.397,3.89845,3.8947900000000004,1,1
25.08.2021 01:13:35.087,3.8984400000000003,3.8947800000000004,1.5,1
25.08.2021 01:13:35.319,3.89826,3.8946,1,1
25.08.2021 01:13:38.436,3.89825,3.89461,1,1
25.08.2021 01:13:38.811,3.8980900000000003,3.8946,1,1
25.08.2021 01:13:42.084,3.8980699999999997,3.8944300000000003,1.5,1
25.08.2021 01:13:42.254,3.8979000000000004,3.8944300000000003,1,1
25.08.2021 01:13:43.744,3.8979000000000004,3.89425,1,1
25.08.2021 01:13:43.794,3.8978900000000003,3.89426,1,1
25.08.2021 01:13:47.488,3.8979000000000004,3.89425,1,1
25.08.2021 01:14:01.029,3.8979000000000004,3.89425,1,1
25.08.2021 01:14:04.281,3.8979000000000004,3.89425,1.5,1
25.08.2021 01:14:04.638,3.89774,3.8942,1,1.5
25.08.2021 01:14:05.955,3.8977500000000003,3.8941900000000005,1,1.5
25.08.2021 01:14:07.115,3.89774,3.8940699999999997,1.5,1
25.08.2021 01:14:07.893,3.89774,3.8940800000000007,1,1
25.08.2021 01:14:36.642,3.89791,3.8943300000000005,1,1.5
25.08.2021 01:15:16.379,3.8979000000000004,3.89434,1,1.5
25.08.2021 01:15:16.580,3.89791,3.8943300000000005,1,1.5
25.08.2021 01:15:16.783,3.8980699999999997,3.8944199999999998,1,1
25.08.2021 01:16:05.349,3.8980800000000007,3.89441,1,1
25.08.2021 01:16:05.555,3.8980699999999997,3.8944199999999998,1,1
25.08.2021 01:16:26.301,3.8979900000000005,3.89441,1,1
25.08.2021 01:16:42.078,3.8979900000000005,3.89432,1,1
25.08.2021 01:16:56.364,3.8979800000000004,3.89447,1,1.5
25.08.2021 01:16:56.568,3.8981800000000004,3.89466,1,1.5
25.08.2021 01:17:09.781,3.8981800000000004,3.89466,1,1.5
25.08.2021 01:17:09.967,3.8981800000000004,3.89466,1,1.5
25.08.2021 01:17:10.167,3.89812,3.89469,1.5,1
25.08.2021 01:17:35.604,3.89835,3.8947000000000003,1,1
25.08.2021 01:17:38.123,3.89834,3.89469,1.5,1
25.08.2021 01:17:40.135,3.89834,3.89469,1.5,1
25.08.2021 01:17:41.398,3.89836,3.89469,1,1
25.08.2021 01:17:42.463,3.89835,3.8947000000000003,1,1
25.08.2021 01:17:44.910,3.89834,3.89469,1.5,1
25.08.2021 01:17:45.109,3.8983000000000003,3.89469,1.5,1
25.08.2021 01:18:11.202,3.89814,3.8943800000000004,1,1.5
25.08.2021 01:18:11.368,3.89814,3.8943800000000004,1,1.5
25.08.2021 01:18:11.571,3.8981800000000004,3.8945600000000002,1,1
25.08.2021 01:18:11.973,3.8981900000000005,3.89446,1,1.5
25.08.2021 01:18:12.203,3.89797,3.89447,1,1.5
25.08.2021 01:18:12.389,3.8981900000000005,3.8942900000000003,1,1.5
25.08.2021 01:18:12.791,3.8979900000000005,3.8944,1,1.5
25.08.2021 01:18:17.246,3.8982800000000006,3.89475,1,1.5
25.08.2021 01:18:17.403,3.8982,3.89475,1,1.5
25.08.2021 01:18:17.648,3.89811,3.89501,1.5,1.5
25.08.2021 01:18:17.805,3.89811,3.89501,1.5,1.5
25.08.2021 01:18:19.138,3.89811,3.89501,1.5,1.5
25.08.2021 01:18:19.370,3.89812,3.895,1.5,1.5
25.08.2021 01:18:22.922,3.89861,3.89491,1,1.5
25.08.2021 01:18:23.081,3.89811,3.89511,1.5,1.5
25.08.2021 01:18:23.283,3.89812,3.8951000000000002,1,1.5
25.08.2021 01:18:25.107,3.89812,3.8951000000000002,1.5,1.5
25.08.2021 01:18:26.248,3.89812,3.8951000000000002,1,1.5
25.08.2021 01:18:31.299,3.89812,3.8951000000000002,1,1.5
25.08.2021 01:18:38.050,3.89812,3.8952,1,1.5
25.08.2021 01:18:46.452,3.8982699999999997,3.8952,1.5,1.5
25.08.2021 01:18:48.275,3.8982699999999997,3.8952,1.5,1.5
25.08.2021 01:18:48.473,3.8982699999999997,3.8952,1.5,1.5
25.08.2021 01:19:23.666,3.89851,3.8953,1,1.5
25.08.2021 01:19:23.872,3.8982699999999997,3.8949800000000003,1.5,1.5
25.08.2021 01:19:24.438,3.8984300000000003,3.8949800000000003,1,1.5
25.08.2021 01:19:24.489,3.8984300000000003,3.89517,1,1
25.08.2021 01:19:24.595,3.8984300000000003,3.89517,1,1
25.08.2021 01:19:29.365,3.89835,3.89517,1,1
25.08.2021 01:19:37.069,3.89834,3.89487,1,1
25.08.2021 01:19:47.089,3.8982900000000003,3.8947400000000005,1,1.5
25.08.2021 01:19:47.240,3.89805,3.8947400000000005,1,1.5
25.08.2021 01:19:47.428,3.89805,3.8947400000000005,1,1.5
25.08.2021 01:19:47.629,3.89805,3.8947400000000005,1,1.5
25.08.2021 01:19:47.830,3.8980400000000004,3.89475,1,1.5
25.08.2021 01:19:50.341,3.89805,3.8947400000000005,1,1.5
25.08.2021 01:19:52.314,3.8982900000000003,3.89475,1,1.5
25.08.2021 01:19:52.711,3.8980300000000003,3.8947400000000005,1,1
25.08.2021 01:19:53.778,3.89796,3.89475,1,1
25.08.2021 01:19:53.834,3.89797,3.8947400000000005,1,1.5
25.08.2021 01:19:53.985,3.8980699999999997,3.8947400000000005,1,1
25.08.2021 01:20:07.299,3.89806,3.89475,1,1.5
25.08.2021 01:20:17.143,3.8980699999999997,3.8947400000000005,1,1
25.08.2021 01:20:24.732,3.89806,3.89475,1,1
25.08.2021 01:20:27.260,3.8978699999999997,3.8946400000000003,1,1
25.08.2021 01:20:27.418,3.8979000000000004,3.8946300000000003,1,1.5
25.08.2021 01:20:30.737,3.89785,3.8944800000000006,1,1
25.08.2021 01:20:30.916,3.89785,3.8944800000000006,1,1.5
25.08.2021 01:20:32.217,3.8978900000000003,3.8944800000000006,1,1
25.08.2021 01:20:32.407,3.89781,3.8944800000000006,1,1.5
25.08.2021 01:20:45.319,3.89781,3.89432,1,1.5
25.08.2021 01:20:45.487,3.8976699999999997,3.89432,1,1.5
25.08.2021 01:20:45.671,3.8976699999999997,3.89432,1,1.5
25.08.2021 01:20:55.321,3.8979300000000006,3.8943300000000005,1.5,1.5
25.08.2021 01:20:55.546,3.89816,3.89416,1,1.5
25.08.2021 01:21:04.633,3.8981500000000002,3.89446,1,1
25.08.2021 01:21:05.420,3.89792,3.89445,1,1.5
25.08.2021 01:22:04.894,3.8977500000000003,3.8944400000000003,1,1.5
25.08.2021 01:22:05.356,3.8979500000000002,3.8944300000000003,1,1.5
25.08.2021 01:22:05.513,3.89794,3.8944400000000003,1,1.5
25.08.2021 01:22:09.235,3.89794,3.8944400000000003,1,1.5
25.08.2021 01:22:11.746,3.89794,3.8944400000000003,1,1.5
25.08.2021 01:22:30.445,3.8979500000000002,3.8945900000000004,1,1.5
25.08.2021 01:22:31.220,3.8979500000000002,3.8945900000000004,1,1.5
25.08.2021 01:22:34.837,3.89794,3.8946,1,1.5
25.08.2021 01:22:58.770,3.8979500000000002,3.8945900000000004,1,1.5
25.08.2021 01:22:58.978,3.8979500000000002,3.8945900000000004,1,1.5
25.08.2021 01:22:59.268,3.89794,3.8946,1,1.5
25.08.2021 01:23:06.857,3.8983300000000005,3.8949300000000004,1,1.5
25.08.2021 01:23:07.052,3.8982699999999997,3.8949300000000004,1.5,1.5
25.08.2021 01:23:07.256,3.89851,3.89481,1,1.5
25.08.2021 01:23:07.457,3.89835,3.89481,1,1.5
25.08.2021 01:23:08.110,3.8982699999999997,3.8947900000000004,1.5,1.5
25.08.2021 01:23:10.543,3.8982699999999997,3.8947900000000004,1.5,1.5
25.08.2021 01:23:11.923,3.8982699999999997,3.8947900000000004,1.5,1.5
25.08.2021 01:23:14.686,3.8983000000000003,3.8947900000000004,1,1.5
25.08.2021 01:23:14.852,3.89835,3.8947900000000004,1,1.62
25.08.2021 01:23:16.646,3.8984800000000006,3.8948,1,1.62
25.08.2021 01:23:16.847,3.89831,3.8948,1,1.5
25.08.2021 01:23:17.128,3.8982699999999997,3.8947900000000004,1.5,1.5
25.08.2021 01:23:17.282,3.89826,3.8948,1.5,1.5
25.08.2021 01:23:18.443,3.89852,3.8947800000000004,1,1.5
25.08.2021 01:23:18.846,3.8983300000000005,3.8948400000000003,1,1.5
25.08.2021 01:23:19.299,3.8983900000000005,3.89477,1,1.5
25.08.2021 01:23:19.463,3.8982400000000004,3.89477,1.5,1.5
25.08.2021 01:23:19.668,3.8984,3.8950400000000003,1,1
25.08.2021 01:23:20.034,3.8982699999999997,3.8948800000000006,1.5,1.5
25.08.2021 01:23:20.135,3.8982699999999997,3.8948800000000006,1.5,1.5
25.08.2021 01:23:20.296,3.89837,3.8948800000000006,1,1.5
25.08.2021 01:23:20.525,3.89855,3.89489,1,1.5
25.08.2021 01:23:25.122,3.8983800000000004,3.89489,1,1.5
25.08.2021 01:23:25.277,3.8983900000000005,3.8948800000000006,1,1.5
25.08.2021 01:23:26.262,3.8983900000000005,3.8948800000000006,1,1.5
25.08.2021 01:23:41.451,3.8983900000000005,3.8948800000000006,1,1.5
25.08.2021 01:23:50.417,3.8983900000000005,3.8948800000000006,1,1.5
25.08.2021 01:24:20.293,3.8981500000000002,3.8949400000000005,1,1.5
25.08.2021 01:24:20.550,3.89837,3.8949400000000005,1,1.5
25.08.2021 01:24:20.705,3.8980900000000003,3.8949400000000005,1,1.5
25.08.2021 01:24:20.947,3.8982300000000003,3.89475,1,1.5
25.08.2021 01:24:21.345,3.8981300000000005,3.8946400000000003,1,1.5
25.08.2021 01:24:21.546,3.89837,3.8946400000000003,1.5,1.5
25.08.2021 01:24:22.342,3.8982,3.8946400000000003,1,1.5
25.08.2021 01:24:22.654,3.8980699999999997,3.8946500000000004,1,1.5
25.08.2021 01:24:22.880,3.89822,3.8946400000000003,1,1.5
25.08.2021 01:24:23.081,3.8981800000000004,3.8946500000000004,1.5,1.5
25.08.2021 01:24:23.272,3.89826,3.8946500000000004,1,1.5
25.08.2021 01:24:25.833,3.89817,3.8946400000000003,1,1.5
25.08.2021 01:24:26.233,3.8981800000000004,3.8946400000000003,1,1.5
25.08.2021 01:24:29.402,3.89802,3.8946,1,1.5
25.08.2021 01:24:29.711,3.8982900000000003,3.8946,1,1.5
25.08.2021 01:24:29.876,3.89801,3.89461,1,1.5
25.08.2021 01:24:32.507,3.8980400000000004,3.8946,1,1.5
25.08.2021 01:24:32.708,3.8981500000000002,3.89461,1,1.5
25.08.2021 01:24:32.864,3.89816,3.8946,1,1.5
25.08.2021 01:24:36.010,3.8979900000000005,3.89466,1,1
25.08.2021 01:24:36.111,3.89812,3.8945900000000004,1,1
25.08.2021 01:24:36.212,3.8980300000000003,3.8945800000000004,1,1.5
25.08.2021 01:24:36.414,3.8980900000000003,3.8945800000000004,1,1
25.08.2021 01:24:36.616,3.8980800000000007,3.8945800000000004,1,1.5
25.08.2021 01:24:36.818,3.8980699999999997,3.8945900000000004,1,1.5
25.08.2021 01:24:37.020,3.8980800000000007,3.8942300000000003,1,1.5
25.08.2021 01:24:37.232,3.89797,3.8942400000000004,1,1.5
25.08.2021 01:24:37.434,3.89826,3.89431,1.5,1
25.08.2021 01:24:37.636,3.8981800000000004,3.8945600000000002,1,1.12
25.08.2021 01:24:37.824,3.89811,3.8945600000000002,1,1.5
25.08.2021 01:24:38.502,3.8980699999999997,3.8945600000000002,1,1.5
25.08.2021 01:24:38.975,3.8980699999999997,3.89455,1,1
25.08.2021 01:24:39.126,3.8981900000000005,3.89455,1,1.5
25.08.2021 01:24:39.327,3.89811,3.89426,1,1
25.08.2021 01:24:39.377,3.8983300000000005,3.89434,1.5,1.5
25.08.2021 01:24:39.579,3.8980300000000003,3.89436,1,1
25.08.2021 01:24:39.788,3.89822,3.89435,1.5,1.5
25.08.2021 01:24:39.839,3.8982300000000003,3.8945800000000004,1.5,1
25.08.2021 01:24:39.992,3.89817,3.8945800000000004,1,1.5
25.08.2021 01:24:40.178,3.89812,3.8945900000000004,1,1
25.08.2021 01:24:40.379,3.8979800000000004,3.8945800000000004,1,1.5
25.08.2021 01:24:40.620,3.8979800000000004,3.8945900000000004,1,1.5
25.08.2021 01:24:40.845,3.89814,3.8945800000000004,1,1.5
25.08.2021 01:24:41.060,3.89806,3.8945800000000004,1,1.5
25.08.2021 01:24:41.302,3.89825,3.8945800000000004,1,1.5
25.08.2021 01:24:41.504,3.89805,3.8947800000000004,1,1.5
25.08.2021 01:24:41.669,3.8982300000000003,3.8947800000000004,1,1
25.08.2021 01:24:41.820,3.89841,3.8942400000000004,1.5,1.62
25.08.2021 01:24:41.871,3.8984199999999998,3.8942300000000003,1.5,1.62
25.08.2021 01:24:42.072,3.89812,3.89457,1,1.5
25.08.2021 01:24:42.289,3.89811,3.89457,1,1.5
25.08.2021 01:24:42.708,3.8979500000000002,3.8944,1,1.5
25.08.2021 01:24:43.069,3.8982300000000003,3.89432,1,1.5
25.08.2021 01:24:43.271,3.8982300000000003,3.89432,1,1.5
25.08.2021 01:24:43.514,3.8979500000000002,3.8944900000000002,1,1.5
25.08.2021 01:24:43.890,3.89806,3.8946400000000003,1.5,1.5
25.08.2021 01:24:44.075,3.89797,3.8946400000000003,1,1.5
25.08.2021 01:24:44.337,3.89806,3.8946300000000003,1,1.5
25.08.2021 01:24:44.499,3.89821,3.8946199999999997,1,1.5
25.08.2021 01:24:44.701,3.89811,3.8947800000000004,1,1.5
25.08.2021 01:25:08.248,3.89811,3.8947800000000004,1,1.5
25.08.2021 01:25:08.899,3.89811,3.8947800000000004,1,1.5
25.08.2021 01:25:16.070,3.89811,3.8947800000000004,1,1.5
25.08.2021 01:25:25.310,3.89811,3.8947800000000004,1,1.5
25.08.2021 01:25:26.560,3.89811,3.8947800000000004,1,1.5
25.08.2021 01:25:39.951,3.89811,3.8947800000000004,1,1.5
25.08.2021 01:25:40.153,3.89811,3.8947800000000004,1,1.5
25.08.2021 01:25:41.075,3.89811,3.8947800000000004,1,1.5
25.08.2021 01:25:41.929,3.8981000000000003,3.8947900000000004,1,1.5
25.08.2021 01:25:43.872,3.8980900000000003,3.89477,1,1.5
25.08.2021 01:25:43.923,3.8980900000000003,3.89477,1,1.5
25.08.2021 01:25:44.126,3.89835,3.89476,1,1.5
25.08.2021 01:25:50.563,3.8982900000000003,3.89476,1,1.5
25.08.2021 01:25:52.041,3.8982900000000003,3.89476,1,1.5
25.08.2021 01:25:53.120,3.89834,3.89477,1,1.5
25.08.2021 01:26:02.562,3.89835,3.89476,1,1.5
25.08.2021 01:26:04.161,3.89834,3.89477,1,1.5
25.08.2021 01:26:07.401,3.89835,3.89476,1,1.5
25.08.2021 01:26:07.604,3.89834,3.89477,1,1.5
25.08.2021 01:26:13.152,3.89835,3.89476,1,1.5
25.08.2021 01:26:35.707,3.89834,3.89477,1,1.5
25.08.2021 01:26:40.906,3.89832,3.89477,1.5,1.5
25.08.2021 01:26:41.905,3.8983300000000005,3.89476,1.5,1.5
25.08.2021 01:26:51.917,3.89836,3.89477,1.5,1.5
25.08.2021 01:26:52.493,3.89836,3.89477,1.5,1.5
25.08.2021 01:26:55.014,3.89836,3.89477,1.5,1.5
25.08.2021 01:26:55.313,3.89837,3.89476,1.5,1.5
25.08.2021 01:26:55.518,3.89837,3.89476,1.5,1.5
25.08.2021 01:27:09.109,3.89836,3.89477,1.5,1.5
25.08.2021 01:27:30.897,3.8983300000000005,3.89476,1.5,1.5
25.08.2021 01:27:36.668,3.89837,3.89476,1.5,1.5
25.08.2021 01:27:38.359,3.89837,3.89476,1.5,1.5
25.08.2021 01:27:41.106,3.89837,3.89476,1.5,1.5
25.08.2021 01:27:43.683,3.89837,3.89476,1.5,1.5
25.08.2021 01:27:52.282,3.89836,3.89476,1,1.5
25.08.2021 01:27:52.483,3.89826,3.89477,1.5,1.5
25.08.2021 01:27:52.690,3.8979800000000004,3.89477,1,1
25.08.2021 01:27:54.508,3.8979000000000004,3.89476,1,1
25.08.2021 01:27:54.559,3.8978900000000003,3.8945600000000002,1,1
25.08.2021 01:27:54.665,3.8978900000000003,3.8945600000000002,1,1.12
25.08.2021 01:27:54.866,3.8977900000000005,3.89455,1,1
25.08.2021 01:27:54.929,3.8977900000000005,3.89452,1,1
25.08.2021 01:27:55.081,3.89774,3.89452,1,1
25.08.2021 01:27:55.226,3.89782,3.8945300000000005,1.5,1
25.08.2021 01:27:55.906,3.8977900000000005,3.8944199999999998,1.5,1.5
25.08.2021 01:27:57.338,3.8977900000000005,3.8944199999999998,1.5,1.5
25.08.2021 01:27:57.534,3.89762,3.8944199999999998,1,1
25.08.2021 01:27:57.736,3.89762,3.8944199999999998,1,1
25.08.2021 01:27:58.265,3.89762,3.8944199999999998,1,1
25.08.2021 01:28:01.218,3.8976100000000002,3.8942,1,1
25.08.2021 01:28:01.374,3.8974300000000004,3.8941900000000005,1,1
25.08.2021 01:28:14.878,3.8974300000000004,3.89405,1,1.5
25.08.2021 01:28:35.946,3.8974300000000004,3.89405,1,1.5
25.08.2021 01:29:24.429,3.89739,3.8942300000000003,1,1
25.08.2021 01:29:24.479,3.89739,3.8942300000000003,1,1.5
25.08.2021 01:29:41.015,3.8974,3.89422,1,1.5
25.08.2021 01:30:03.530,3.89762,3.89422,1,1.5
25.08.2021 01:30:16.220,3.89776,3.8939300000000006,1.5,1.5
25.08.2021 01:30:16.418,3.8975500000000003,3.8939300000000006,1,1.5
25.08.2021 01:30:16.622,3.8976699999999997,3.8941000000000003,1,1.5
25.08.2021 01:30:16.781,3.89762,3.89414,1,1.5
25.08.2021 01:30:17.498,3.8974400000000005,3.8941300000000005,1,1.5
25.08.2021 01:30:17.835,3.8978800000000007,3.89405,1,1.5
25.08.2021 01:30:17.955,3.89762,3.89405,1,1.5
25.08.2021 01:30:18.182,3.8978,3.89405,1.5,1.5
25.08.2021 01:30:18.334,3.8976400000000004,3.89405,1,1.5
25.08.2021 01:30:18.552,3.89757,3.89405,1,1.5
25.08.2021 01:30:18.603,3.89757,3.89405,1,1.5
25.08.2021 01:30:18.838,3.8977800000000005,3.8940800000000007,1,1.5
25.08.2021 01:30:18.999,3.8976300000000004,3.8940800000000007,1,1.5
25.08.2021 01:30:19.202,3.8977800000000005,3.8940800000000007,1,1.5
25.08.2021 01:30:19.403,3.89762,3.8940800000000007,1,1.5
25.08.2021 01:30:19.504,3.89791,3.8940800000000007,1,1.5
25.08.2021 01:30:19.703,3.89762,3.8940800000000007,1,1.5
25.08.2021 01:30:19.895,3.8977500000000003,3.8940800000000007,1,1.5
25.08.2021 01:30:20.091,3.8975300000000006,3.8940900000000003,1,1.5
25.08.2021 01:30:20.342,3.8976699999999997,3.8939000000000004,1,1.5
25.08.2021 01:30:20.493,3.89739,3.8939000000000004,1,1.5
25.08.2021 01:30:20.695,3.89771,3.8939000000000004,1,1.5
25.08.2021 01:30:20.931,3.89776,3.8940800000000007,1,1.5
25.08.2021 01:30:21.296,3.89762,3.8940800000000007,1,1.5
25.08.2021 01:30:21.507,3.8974300000000004,3.8940800000000007,1,1.5
25.08.2021 01:30:21.710,3.8975800000000005,3.8940699999999997,1,1.5
25.08.2021 01:30:21.898,3.8976400000000004,3.8940699999999997,1,1.5
25.08.2021 01:30:22.124,3.8976800000000007,3.8940900000000003,1,1.5
25.08.2021 01:30:22.302,3.8976800000000007,3.8940900000000003,1,1.5
25.08.2021 01:30:22.502,3.8978900000000003,3.8940900000000003,1,1.5
25.08.2021 01:30:22.704,3.8976300000000004,3.8941000000000003,1,1.5
25.08.2021 01:30:22.941,3.89791,3.8940900000000003,1,1.5
25.08.2021 01:30:23.108,3.8976100000000002,3.8941000000000003,1,1.5
25.08.2021 01:30:23.347,3.89791,3.8940699999999997,1,1.5
25.08.2021 01:30:23.514,3.8976300000000004,3.8940800000000007,1,1.5
25.08.2021 01:30:37.565,3.8975500000000003,3.89402,1,1.5
25.08.2021 01:31:02.180,3.89756,3.89401,1,1.5
25.08.2021 01:31:02.417,3.89774,3.89421,1.5,1.5
25.08.2021 01:31:02.580,3.89774,3.89421,1.5,1.5
25.08.2021 01:31:02.781,3.89765,3.89422,1,1.5
25.08.2021 01:31:41.302,3.8978400000000004,3.89451,1,1.5
25.08.2021 01:31:53.401,3.8978400000000004,3.89451,1,1.5
25.08.2021 01:32:01.146,3.8978400000000004,3.89451,1,1.5
25.08.2021 01:32:50.640,3.89797,3.89445,1,1.5
25.08.2021 01:32:50.801,3.89794,3.89445,1.5,1.5
25.08.2021 01:32:55.163,3.8979300000000006,3.89446,1.5,1.5
25.08.2021 01:32:59.636,3.8979300000000006,3.89446,1.5,1.5
25.08.2021 01:33:16.302,3.89794,3.89445,1.5,1.5
25.08.2021 01:33:16.457,3.89794,3.89445,1.5,1.5
25.08.2021 01:33:17.470,3.89794,3.89445,1.5,1.5
25.08.2021 01:33:18.320,3.8979300000000006,3.89446,1.5,1.5
25.08.2021 01:33:24.967,3.89791,3.89445,1.5,1.5
25.08.2021 01:33:25.320,3.8979300000000006,3.89446,1.5,1.5
25.08.2021 01:33:36.190,3.89791,3.89445,1.5,1.5
25.08.2021 01:33:36.496,3.8979000000000004,3.89446,1.5,1.5
25.08.2021 01:33:38.105,3.89794,3.89445,1.5,1.5
25.08.2021 01:34:15.331,3.89791,3.89445,1.5,1.5
25.08.2021 01:34:15.707,3.89791,3.89445,1.5,1.5
25.08.2021 01:34:26.805,3.89794,3.89445,1.5,1.5
25.08.2021 01:34:27.024,3.8979000000000004,3.89446,1.5,1.5
25.08.2021 01:34:27.231,3.89791,3.89445,1.5,1.5
25.08.2021 01:34:27.485,3.8979000000000004,3.89446,1.5,1.5
25.08.2021 01:34:27.688,3.89791,3.89445,1.5,1.5
25.08.2021 01:34:40.261,3.8979000000000004,3.89446,1.5,1.5
25.08.2021 01:34:43.901,3.89794,3.89445,1.5,1.5
25.08.2021 01:34:50.907,3.8979300000000006,3.89446,1.5,1.5
25.08.2021 01:34:57.899,3.89794,3.89445,1.5,1.5
25.08.2021 01:35:05.532,3.89794,3.89445,1.5,1.5
25.08.2021 01:35:06.031,3.8979300000000006,3.89446,1.5,1.5
25.08.2021 01:35:08.460,3.8979000000000004,3.89446,1.5,1.5
25.08.2021 01:35:08.621,3.89794,3.89445,1.5,1.5
25.08.2021 01:35:36.687,3.8980800000000007,3.8946300000000003,1.5,1.5
25.08.2021 01:35:36.846,3.8980699999999997,3.8946400000000003,1.5,1.5
25.08.2021 01:35:44.066,3.89832,3.8945600000000002,1.5,1.5
25.08.2021 01:35:44.470,3.89832,3.8945600000000002,1.5,1.62
25.08.2021 01:35:44.674,3.8982699999999997,3.89455,1,1.5
25.08.2021 01:35:44.876,3.8982400000000004,3.8945600000000002,1,1.5
25.08.2021 01:35:49.316,3.89841,3.89461,1.5,1.5
25.08.2021 01:35:52.276,3.8984199999999998,3.8946,1.5,1.5
25.08.2021 01:36:05.181,3.89846,3.8946,1,1
25.08.2021 01:36:05.385,3.89846,3.8946,1,1
25.08.2021 01:36:07.272,3.89845,3.89461,1,1
25.08.2021 01:36:07.477,3.89846,3.8946,1,1
25.08.2021 01:36:28.907,3.89866,3.8947900000000004,1,1
25.08.2021 01:36:30.438,3.89866,3.8947900000000004,1,1
25.08.2021 01:36:34.352,3.89877,3.8947900000000004,1.5,1
25.08.2021 01:36:39.099,3.8987300000000005,3.8947900000000004,1.5,1
25.08.2021 01:36:39.761,3.8988,3.8947900000000004,1.5,1
25.08.2021 01:36:51.800,3.8986199999999998,3.8947900000000004,1,1
25.08.2021 01:37:05.899,3.8986199999999998,3.8949900000000004,1,1.5
25.08.2021 01:37:15.585,3.89861,3.895,1,1.5
25.08.2021 01:37:30.807,3.89861,3.895,1,1.5
25.08.2021 01:37:31.763,3.8986199999999998,3.8949900000000004,1,1.5
25.08.2021 01:37:32.714,3.8986199999999998,3.8949900000000004,1,1.5
25.08.2021 01:37:54.125,3.8984,3.895,1.5,1.5
25.08.2021 01:37:54.571,3.89841,3.8949900000000004,1.5,1.5
25.08.2021 01:37:54.746,3.8984,3.89517,1,1.5
25.08.2021 01:37:54.850,3.8986800000000006,3.89516,1.5,1.5
25.08.2021 01:37:54.902,3.8986800000000006,3.89516,1.5,1.5
25.08.2021 01:38:16.841,3.8986800000000006,3.89516,1.5,1.5
25.08.2021 01:38:20.744,3.89867,3.89517,1.5,1.5
25.08.2021 01:38:38.971,3.89867,3.89517,1.5,1.5
25.08.2021 01:38:39.170,3.8991900000000004,3.8953300000000004,1,1.5
25.08.2021 01:38:45.373,3.89891,3.8954800000000005,1.5,1
25.08.2021 01:38:46.668,3.89891,3.89595,1,1.5
25.08.2021 01:39:01.241,3.8989000000000003,3.89596,1,1.5
25.08.2021 01:39:01.292,3.89891,3.89595,1,1.5
25.08.2021 01:39:06.690,3.89891,3.89575,1.5,1.5
25.08.2021 01:39:06.893,3.8989000000000003,3.89576,1.5,1.5
25.08.2021 01:39:09.074,3.89891,3.89575,1.5,1.5
25.08.2021 01:39:19.502,3.8989000000000003,3.8956300000000006,1.5,1.5
25.08.2021 01:39:19.705,3.89891,3.89562,1.5,1.5
25.08.2021 01:39:21.366,3.89891,3.89562,1.5,1.5
25.08.2021 01:39:21.467,3.89891,3.89562,1.5,1.5
25.08.2021 01:39:21.517,3.8989000000000003,3.8956300000000006,1.5,1.5
25.08.2021 01:39:31.228,3.8989000000000003,3.8956300000000006,1.5,1.5
25.08.2021 01:39:39.850,3.8986400000000003,3.89562,1,1.5
25.08.2021 01:39:45.873,3.8986400000000003,3.89562,1,1.5
25.08.2021 01:39:45.960,3.8986400000000003,3.89562,1,1.5
25.08.2021 01:39:47.666,3.8986400000000003,3.89562,1.5,1.5
25.08.2021 01:40:07.480,3.8986400000000003,3.89536,1.5,1.5
25.08.2021 01:40:07.683,3.8986400000000003,3.89536,1.5,1.5
25.08.2021 01:40:08.200,3.8986400000000003,3.89536,1.5,1.5
25.08.2021 01:40:11.218,3.8986400000000003,3.89536,1.5,1.5
25.08.2021 01:40:32.181,3.89837,3.8952199999999997,1.5,1.5
25.08.2021 01:40:33.277,3.89837,3.8952199999999997,1.5,1.5
25.08.2021 01:40:33.477,3.89837,3.8952199999999997,1.5,1.5
25.08.2021 01:40:35.750,3.89836,3.8952300000000006,1.5,1.5
25.08.2021 01:40:36.281,3.89837,3.8952199999999997,1.5,1.5
25.08.2021 01:40:36.487,3.89837,3.8952199999999997,1.5,1.5
25.08.2021 01:40:42.714,3.89837,3.8952199999999997,1.5,1.5
25.08.2021 01:40:43.287,3.89837,3.8952199999999997,1.5,1.5
25.08.2021 01:40:45.468,3.89837,3.8952199999999997,1.5,1.5
25.08.2021 01:41:00.842,3.89837,3.8952199999999997,1.5,1.5
25.08.2021 01:41:01.038,3.89837,3.8952199999999997,1.5,1.5
25.08.2021 01:41:01.441,3.89836,3.8950300000000007,1.5,1.5
25.08.2021 01:41:01.658,3.8981000000000003,3.8950199999999997,1.5,1.5
25.08.2021 01:41:01.842,3.8981000000000003,3.8950199999999997,1.5,1.5
25.08.2021 01:41:02.044,3.8981000000000003,3.8950199999999997,1.5,1.5
25.08.2021 01:41:02.398,3.8981000000000003,3.8950199999999997,1,1.5
25.08.2021 01:41:02.652,3.8980900000000003,3.8950300000000007,1.5,1.5
25.08.2021 01:41:04.512,3.8980900000000003,3.8950300000000007,1,1.5
25.08.2021 01:41:22.462,3.8981000000000003,3.8950199999999997,1.5,1.5
25.08.2021 01:41:23.008,3.8981000000000003,3.8950199999999997,1.5,1.5
25.08.2021 01:41:27.204,3.8981000000000003,3.8950199999999997,1.5,1.5
25.08.2021 01:41:29.685,3.8981000000000003,3.8950199999999997,1.5,1.5
25.08.2021 01:41:35.399,3.8980900000000003,3.8950300000000007,1.5,1.5
25.08.2021 01:41:35.599,3.8980900000000003,3.8948400000000003,1.5,1
25.08.2021 01:41:36.540,3.8981000000000003,3.8948,1.5,1.5
25.08.2021 01:41:37.496,3.8980900000000003,3.89481,1.5,1.5
25.08.2021 01:41:37.697,3.8980900000000003,3.89481,1.5,1.5
25.08.2021 01:41:37.874,3.8981000000000003,3.8948,1.5,1.5
25.08.2021 01:41:42.899,3.8981000000000003,3.8948,1.5,1.5
25.08.2021 01:42:03.848,3.89806,3.8949900000000004,1,1.5
25.08.2021 01:42:09.165,3.89806,3.8949900000000004,1,1.5
25.08.2021 01:42:12.682,3.89806,3.8949900000000004,1,1.5
25.08.2021 01:42:20.004,3.89806,3.8949900000000004,1,1.5
25.08.2021 01:42:51.559,3.89825,3.89506,1.5,1.5
25.08.2021 01:43:01.844,3.8982400000000004,3.89507,1.5,1.5
25.08.2021 01:43:02.665,3.89825,3.89506,1.5,1.5
25.08.2021 01:43:06.060,3.89825,3.89506,1.5,1.5
25.08.2021 01:43:06.264,3.89825,3.89506,1.5,1.5
25.08.2021 01:43:06.466,3.89825,3.89506,1.5,1.5
25.08.2021 01:45:15.482,3.89825,3.89506,1.12,1.5
25.08.2021 01:45:15.707,3.89825,3.89506,1.5,1.5
25.08.2021 01:45:16.125,3.8982400000000004,3.89527,1.12,1.5
25.08.2021 01:45:20.085,3.89825,3.89526,1,1.5
25.08.2021 01:45:24.624,3.8982400000000004,3.89527,1,1.5
25.08.2021 01:45:29.894,3.89825,3.89526,1,1.5
25.08.2021 01:45:36.562,3.8984199999999998,3.89526,1.5,1.5
25.08.2021 01:45:37.629,3.8984199999999998,3.8954500000000003,1,1.5
25.08.2021 01:45:41.048,3.89869,3.8954500000000003,1.5,1.5
25.08.2021 01:46:01.332,3.8986300000000003,3.8954500000000003,1.5,1.5
25.08.2021 01:46:01.531,3.8989400000000005,3.8954500000000003,1,1.5
25.08.2021 01:46:15.832,3.89881,3.8954500000000003,1,1.5
25.08.2021 01:46:22.698,3.89881,3.8954500000000003,1,1.5
25.08.2021 01:46:42.328,3.89881,3.8954500000000003,1,1.5
25.08.2021 01:46:56.729,3.8986300000000003,3.8954500000000003,1.5,1.5
25.08.2021 01:47:02.400,3.8986300000000003,3.8954500000000003,1.5,1.5
25.08.2021 01:47:13.364,3.8986199999999998,3.89546,1.5,1.5
25.08.2021 01:47:13.720,3.8986300000000003,3.8954500000000003,1.5,1.5
25.08.2021 01:47:14.211,3.8986199999999998,3.89546,1.5,1.5
25.08.2021 01:47:15.310,3.8986300000000003,3.8954500000000003,1.5,1.5
25.08.2021 01:47:15.707,3.8986300000000003,3.8954500000000003,1.5,1.5
25.08.2021 01:47:16.400,3.8986199999999998,3.89546,1.5,1.5
25.08.2021 01:47:16.735,3.8986300000000003,3.8954500000000003,1.5,1.5
25.08.2021 01:47:16.938,3.8986300000000003,3.8954500000000003,1.5,1.5
25.08.2021 01:47:52.247,3.8989400000000005,3.8954500000000003,1,1.5
25.08.2021 01:47:54.098,3.8987800000000004,3.89562,1.5,1.5
25.08.2021 01:47:54.281,3.8987800000000004,3.89562,1.5,1.5
25.08.2021 01:48:03.622,3.8987800000000004,3.89562,1.5,1.5
25.08.2021 01:48:04.926,3.8987800000000004,3.89562,1.5,1.5
25.08.2021 01:48:28.611,3.89907,3.89582,1.5,1.5
25.08.2021 01:48:28.805,3.89907,3.89582,1.5,1.5
25.08.2021 01:48:28.967,3.89906,3.8958300000000006,1.5,1.5
25.08.2021 01:48:30.002,3.89907,3.89582,1.5,1.5
25.08.2021 01:48:32.750,3.89907,3.89582,1.5,1.5
25.08.2021 01:48:33.787,3.89907,3.89582,1.5,1.5
25.08.2021 01:48:40.509,3.8994500000000003,3.8959900000000003,1,1.5
25.08.2021 01:48:44.516,3.8994500000000003,3.8959900000000003,1,1.5
25.08.2021 01:48:47.194,3.8994500000000003,3.8959900000000003,1,1.5
25.08.2021 01:48:58.319,3.8995300000000004,3.8959900000000003,1,1.5
25.08.2021 01:48:59.284,3.8994500000000003,3.8959900000000003,1,1.5
25.08.2021 01:48:59.618,3.8994500000000003,3.89582,1,1.5
25.08.2021 01:49:00.451,3.8994500000000003,3.89582,1,1.5
25.08.2021 01:49:00.654,3.8993400000000005,3.89582,1,1.5
25.08.2021 01:49:01.065,3.8993400000000005,3.89582,1,1.5
25.08.2021 01:49:02.050,3.8993400000000005,3.89582,1,1.5
25.08.2021 01:49:03.857,3.8993400000000005,3.89582,1,1.5
25.08.2021 01:49:12.699,3.8993400000000005,3.89582,1,1.5
25.08.2021 01:49:12.899,3.8993300000000004,3.8958300000000006,1,1.5
25.08.2021 01:49:13.385,3.8993400000000005,3.89582,1,1.5
25.08.2021 01:49:13.793,3.8994500000000003,3.89582,1,1.5
25.08.2021 01:49:14.227,3.8994400000000002,3.8958300000000006,1,1.5
25.08.2021 01:49:14.429,3.8994400000000002,3.8958300000000006,1,1.5
25.08.2021 01:49:15.560,3.8994500000000003,3.89582,1,1.5
25.08.2021 01:49:17.175,3.8994400000000002,3.8958300000000006,1,1.5
25.08.2021 01:49:18.227,3.8994500000000003,3.89582,1,1.5
25.08.2021 01:49:21.920,3.8994400000000002,3.8958300000000006,1,1.5
25.08.2021 01:49:25.802,3.89935,3.8958300000000006,1,1.5
25.08.2021 01:49:34.626,3.8992800000000005,3.8956900000000005,1,1.5
25.08.2021 01:49:38.765,3.8992800000000005,3.8956900000000005,1,1.5
25.08.2021 01:49:47.544,3.8992800000000005,3.8956900000000005,1,1.5
25.08.2021 01:49:47.745,3.8992800000000005,3.8957900000000003,1,1.5
25.08.2021 01:49:50.816,3.8992,3.8957900000000003,1.5,1.62
25.08.2021 01:49:55.751,3.8991900000000004,3.8958000000000004,1.5,1.62
25.08.2021 01:49:56.967,3.89946,3.8957900000000003,1,1.62
25.08.2021 01:49:57.342,3.89946,3.8957900000000003,1,1.62
25.08.2021 01:50:00.588,3.89946,3.8957900000000003,1,1.62
25.08.2021 01:50:03.782,3.89931,3.8957900000000003,1,1.5
25.08.2021 01:50:04.613,3.89931,3.8957900000000003,1,1.5
25.08.2021 01:50:05.707,3.8993,3.8958000000000004,1,1.5
25.08.2021 01:50:08.996,3.89931,3.8957900000000003,1,1.5
25.08.2021 01:50:09.197,3.8993,3.8958000000000004,1,1.5
25.08.2021 01:50:10.442,3.89931,3.8957900000000003,1,1.5
25.08.2021 01:50:10.642,3.8993,3.8958000000000004,1,1.5
25.08.2021 01:50:10.844,3.8993,3.8958000000000004,1,1.5
25.08.2021 01:50:15.766,3.89947,3.8960000000000004,1,1.5
25.08.2021 01:50:35.397,3.89947,3.8960000000000004,1,1.5
25.08.2021 01:50:41.854,3.89964,3.8960000000000004,1,1.5
25.08.2021 01:51:11.391,3.8996500000000003,3.89612,1,1.5
25.08.2021 01:51:13.771,3.8996500000000003,3.89612,1,1.5
25.08.2021 01:51:17.137,3.8996500000000003,3.89612,1,1.5
25.08.2021 01:51:22.804,3.89964,3.8961300000000003,1,1.5
25.08.2021 01:51:32.286,3.89964,3.8961300000000003,1,1.5
25.08.2021 01:51:35.368,3.8996500000000003,3.89612,1,1.5
25.08.2021 01:51:35.611,3.89949,3.8963300000000003,1.5,1.5
25.08.2021 01:51:43.169,3.8995,3.89632,1.5,1.5
25.08.2021 01:51:43.371,3.89982,3.89632,1,1.5
25.08.2021 01:51:56.016,3.89982,3.89632,1,1.5
25.08.2021 01:52:07.032,3.89982,3.89632,1,1.5
25.08.2021 01:52:21.141,3.89981,3.8963300000000003,1,1.5
25.08.2021 01:52:22.059,3.89982,3.89632,1,1.5
25.08.2021 01:52:28.919,3.89981,3.8963300000000003,1,1.5
25.08.2021 01:52:29.122,3.89982,3.89632,1,1.5
25.08.2021 01:52:30.258,3.89981,3.8963300000000003,1,1.5
25.08.2021 01:52:32.204,3.89982,3.89632,1,1.5
25.08.2021 01:52:36.100,3.89982,3.89632,1,1.5
25.08.2021 01:52:45.563,3.89984,3.89632,1,1.5
25.08.2021 01:52:51.066,3.89984,3.89632,1,1.5
25.08.2021 01:52:51.602,3.8998300000000006,3.8963300000000003,1,1.5
25.08.2021 01:53:07.691,3.89984,3.89632,1,1.5
25.08.2021 01:53:09.359,3.89984,3.89632,1,1.5
25.08.2021 01:53:19.031,3.89984,3.89632,1,1.5
25.08.2021 01:53:33.804,3.90001,3.8964800000000004,1,1.5
25.08.2021 01:53:34.102,3.8998900000000005,3.89665,1.5,1.5
25.08.2021 01:53:34.495,3.8998800000000005,3.8966600000000002,1.5,1.5
25.08.2021 01:53:38.619,3.9001900000000003,3.89665,1,1.5
25.08.2021 01:53:39.188,3.89981,3.8966600000000002,1.5,1.5
25.08.2021 01:53:47.762,3.89982,3.89665,1.5,1.5
25.08.2021 01:53:49.664,3.89981,3.8966600000000002,1.5,1.5
25.08.2021 01:53:50.120,3.89982,3.89665,1.5,1.5
25.08.2021 01:53:58.378,3.89982,3.89665,1.5,1.5
25.08.2021 01:54:05.066,3.89982,3.89665,1.5,1.5
25.08.2021 01:54:05.310,3.89982,3.89665,1.5,1.5
25.08.2021 01:54:08.026,3.89981,3.8966600000000002,1.5,1.5
25.08.2021 01:54:08.475,3.89982,3.89665,1.5,1.5
25.08.2021 01:54:10.315,3.89982,3.89665,1.5,1.5
25.08.2021 01:54:10.564,3.90001,3.8966600000000002,1,1.5
25.08.2021 01:54:11.978,3.90002,3.89665,1,1.5
25.08.2021 01:54:36.400,3.89975,3.89665,1.5,1.5
25.08.2021 01:54:37.752,3.89975,3.89665,1.5,1.5
25.08.2021 01:54:41.306,3.8997400000000004,3.8966600000000002,1.5,1.5
25.08.2021 01:54:41.994,3.89975,3.89665,1.5,1.5
25.08.2021 01:54:50.900,3.89975,3.89665,1.5,1.5
25.08.2021 01:55:09.819,3.8997400000000004,3.8964900000000005,1.5,1.5
25.08.2021 01:55:39.169,3.8996300000000006,3.8964800000000004,1.5,1.5
25.08.2021 01:55:46.658,3.89962,3.8964900000000005,1.5,1.5
25.08.2021 01:55:47.351,3.8996300000000006,3.8964800000000004,1.5,1.5
25.08.2021 01:55:54.923,3.8996300000000006,3.8964800000000004,1.5,1.5
25.08.2021 01:56:12.053,3.89962,3.8964900000000005,1.5,1.5
25.08.2021 01:56:21.250,3.8998500000000003,3.8964900000000005,1,1.5
25.08.2021 01:56:30.525,3.8996800000000005,3.8962800000000004,1,1.5
25.08.2021 01:56:31.345,3.8996800000000005,3.8962800000000004,1,1.5
25.08.2021 01:56:37.594,3.89967,3.8962900000000005,1,1.5
25.08.2021 01:56:39.855,3.8996800000000005,3.8962800000000004,1,1.5
25.08.2021 01:56:59.907,3.8995300000000004,3.8962900000000005,1.5,1.5
25.08.2021 01:57:03.890,3.8995400000000005,3.8965199999999998,1.5,1.5
25.08.2021 01:57:04.984,3.8995300000000004,3.8965300000000003,1.5,1.5
25.08.2021 01:57:06.104,3.8998800000000005,3.8963900000000002,1,1.5
25.08.2021 01:57:07.606,3.8998800000000005,3.8963900000000002,1,1.5
25.08.2021 01:57:15.327,3.89986,3.8966000000000003,1.5,2
25.08.2021 01:57:17.092,3.89987,3.89659,1.5,2
25.08.2021 01:57:21.607,3.89991,3.8967400000000003,1.5,1.5
25.08.2021 01:57:25.315,3.89992,3.8967300000000007,1.5,1.5
25.08.2021 01:57:42.543,3.89992,3.89667,1.5,1.5
25.08.2021 01:57:55.874,3.89992,3.89681,1.5,1.5
25.08.2021 01:57:56.151,3.89991,3.89682,1.5,1.5
25.08.2021 01:57:56.584,3.89992,3.8970000000000002,1.5,1
25.08.2021 01:58:00.335,3.89991,3.8970000000000002,1.5,1.5
25.08.2021 01:58:03.826,3.90004,3.8970400000000005,1.5,1.5
25.08.2021 01:58:05.247,3.90004,3.8970400000000005,1.5,1.5
25.08.2021 01:58:10.458,3.90004,3.8970400000000005,1.5,1.5
25.08.2021 01:58:10.660,3.90004,3.8970400000000005,1.5,1.5
25.08.2021 01:58:11.486,3.9000500000000002,3.8970300000000004,1.5,1.5
25.08.2021 01:58:11.843,3.90004,3.8970400000000005,1.5,1.5
25.08.2021 01:58:31.496,3.90004,3.8971,1.5,1.5
25.08.2021 01:58:32.144,3.90004,3.8971,1.5,1.5
25.08.2021 01:58:41.852,3.89984,3.8969300000000007,1.5,1.5
25.08.2021 01:58:45.731,3.8998300000000006,3.89696,1.5,1.5
25.08.2021 01:58:50.072,3.89982,3.89702,1.5,1.5
25.08.2021 01:58:50.622,3.8998300000000006,3.89701,1.5,1.5
25.08.2021 01:58:59.076,3.8998300000000006,3.89701,1.5,1
25.08.2021 01:59:14.633,3.89976,3.89706,1.5,1
25.08.2021 01:59:54.610,3.89975,3.8970900000000004,1.5,1
25.08.2021 02:00:00.304,3.89984,3.89726,1.5,1
25.08.2021 02:00:00.432,3.8998500000000003,3.89725,1.5,1
25.08.2021 02:00:16.615,3.8998500000000003,3.89725,1.5,1
25.08.2021 02:00:26.940,3.8998900000000005,3.89725,1.5,1
25.08.2021 02:00:36.149,3.89991,3.89736,1.5,1
25.08.2021 02:01:03.178,3.89992,3.8973500000000003,1.5,1
25.08.2021 02:01:06.898,3.8999900000000003,3.8973500000000003,1.5,1
25.08.2021 02:01:11.264,3.8999900000000003,3.8973500000000003,1.5,1
25.08.2021 02:01:12.727,3.90011,3.89742,2,1
25.08.2021 02:01:14.565,3.90011,3.89742,2,1
25.08.2021 02:01:35.801,3.9001800000000006,3.89746,1.5,1
25.08.2021 02:01:36.207,3.9002000000000003,3.8975500000000003,1.5,1
25.08.2021 02:01:36.257,3.9002800000000004,3.8975500000000003,1.5,1
25.08.2021 02:01:36.308,3.90032,3.89762,1.5,1
25.08.2021 02:02:14.205,3.90021,3.89752,1.5,1
25.08.2021 02:02:14.260,3.90021,3.89752,1.5,1
25.08.2021 02:02:36.665,3.90021,3.89752,1.5,1
25.08.2021 02:03:07.726,3.9002000000000003,3.8975300000000006,1.5,1
25.08.2021 02:03:14.902,3.9002000000000003,3.8975300000000006,1.5,1
25.08.2021 02:03:16.600,3.90021,3.89752,1.5,1
25.08.2021 02:03:17.753,3.90021,3.89752,1.5,1
25.08.2021 02:03:18.080,3.9001800000000006,3.89756,1.5,1
25.08.2021 02:03:18.246,3.90016,3.89756,1.5,1
25.08.2021 02:03:31.785,3.90016,3.89756,1.5,1
25.08.2021 02:03:31.835,3.90002,3.89739,1.5,1
25.08.2021 02:03:35.562,3.90001,3.8974,2,1
25.08.2021 02:03:46.843,3.89992,3.89726,1.5,1
25.08.2021 02:04:05.246,3.89981,3.89716,1.5,1
25.08.2021 02:04:05.398,3.89981,3.89716,1.5,1
25.08.2021 02:04:20.108,3.89981,3.89716,1.5,1
25.08.2021 02:04:20.158,3.8996900000000005,3.8970000000000002,1.5,1
25.08.2021 02:04:29.008,3.8996800000000005,3.89701,1.5,1
25.08.2021 02:04:54.783,3.89955,3.8969400000000003,1.5,1
25.08.2021 02:05:20.876,3.89955,3.8968900000000004,1.5,1
25.08.2021 02:07:32.129,3.89955,3.8969400000000003,1.5,1
25.08.2021 02:08:35.656,3.89955,3.8968900000000004,1.5,1
25.08.2021 02:08:37.443,3.89955,3.8968900000000004,1.12,1
25.08.2021 02:08:37.493,3.8996900000000005,3.89706,1.5,1
25.08.2021 02:08:37.596,3.89982,3.89725,1.5,1
25.08.2021 02:08:37.646,3.89982,3.89725,1.5,1
25.08.2021 02:09:39.831,3.8998900000000005,3.89726,1.75,1
25.08.2021 02:09:39.933,3.90001,3.8974300000000004,1.5,1
25.08.2021 02:09:39.983,3.9000500000000002,3.89746,1.5,1
25.08.2021 02:09:40.143,3.90015,3.89746,1.5,1
25.08.2021 02:09:40.447,3.9001900000000003,3.8975500000000003,1.5,1
25.08.2021 02:10:01.104,3.90007,3.8974699999999998,1.5,1
25.08.2021 02:10:01.232,3.90007,3.8974699999999998,1.5,1
25.08.2021 02:10:01.431,3.90007,3.8974699999999998,1.5,1
25.08.2021 02:10:01.896,3.9001800000000006,3.89756,1.5,1
25.08.2021 02:10:24.664,3.90015,3.89746,1.5,1
25.08.2021 02:10:25.484,3.90015,3.89745,1.5,1.12
25.08.2021 02:11:07.825,3.9001400000000004,3.89746,1.12,1.5
25.08.2021 02:11:42.963,3.90015,3.89745,1.5,1.12
25.08.2021 02:11:44.125,3.90015,3.89745,1.12,1.12
25.08.2021 02:11:45.732,3.90015,3.89745,1.5,1.12
25.08.2021 02:11:46.528,3.90015,3.89745,1.12,1.12
25.08.2021 02:11:47.133,3.90015,3.89745,1.5,1.12
25.08.2021 02:12:01.598,3.9000900000000005,3.8973500000000003,1.5,1.12
25.08.2021 02:12:01.750,3.9000900000000005,3.8973500000000003,1.5,1.12
25.08.2021 02:12:01.873,3.9000800000000004,3.89736,1.5,1.5
25.08.2021 02:12:07.739,3.9000800000000004,3.89736,1.5,1.12
25.08.2021 02:12:12.258,3.9000900000000005,3.8973500000000003,1.5,1.5
25.08.2021 02:12:12.587,3.9000900000000005,3.8973500000000003,1.5,1.12
25.08.2021 02:12:13.991,3.9000900000000005,3.8973500000000003,1.5,1
25.08.2021 02:12:14.042,3.8999800000000007,3.8973,1.5,1
25.08.2021 02:12:14.187,3.9001400000000004,3.8974,1.5,1
25.08.2021 02:12:14.238,3.90015,3.89739,1.5,1
25.08.2021 02:12:14.563,3.90015,3.89739,1.5,1.5
25.08.2021 02:12:35.707,3.9001800000000006,3.8975000000000004,1.5,1
25.08.2021 02:13:16.116,3.9001900000000003,3.8974900000000003,1.5,1
25.08.2021 02:13:19.642,3.9001800000000006,3.8975000000000004,1.5,1
25.08.2021 02:13:47.566,3.9001900000000003,3.8974900000000003,1.5,1
25.08.2021 02:13:54.043,3.9001800000000006,3.8975000000000004,1.5,1
25.08.2021 02:14:02.843,3.9001900000000003,3.8974900000000003,1.5,1
25.08.2021 02:14:03.378,3.9001900000000003,3.8974900000000003,1.5,1
25.08.2021 02:14:26.670,3.9001900000000003,3.8974900000000003,1.5,1
25.08.2021 02:14:26.871,3.9001800000000006,3.8975000000000004,1.5,1
25.08.2021 02:14:43.401,3.9001900000000003,3.8974900000000003,1.5,1
25.08.2021 02:14:44.813,3.9001900000000003,3.8974900000000003,1.5,1.5
25.08.2021 02:15:00.769,3.9001900000000003,3.89751,1.5,1
25.08.2021 02:15:03.473,3.9001900000000003,3.89751,1.5,1
25.08.2021 02:15:28.005,3.9001800000000006,3.8975000000000004,1.5,1
25.08.2021 02:15:57.984,3.9001900000000003,3.8974900000000003,1.5,1
25.08.2021 02:16:01.065,3.9002300000000005,3.89762,1.5,1
25.08.2021 02:16:01.116,3.90032,3.8976100000000002,1.5,1.5
25.08.2021 02:16:14.591,3.90032,3.8976100000000002,1.5,1.5
25.08.2021 02:16:15.898,3.90031,3.89762,1,1.5
25.08.2021 02:16:41.905,3.90032,3.8976100000000002,1.5,1.5
25.08.2021 02:16:51.155,3.90032,3.8976100000000002,1.5,1
25.08.2021 02:16:51.433,3.90032,3.8976100000000002,1.5,1.5
25.08.2021 02:18:34.465,3.90057,3.8975300000000006,1.5,1.5
25.08.2021 02:18:36.306,3.90057,3.8975300000000006,1.5,1.5
25.08.2021 02:18:36.656,3.90056,3.8975400000000002,1.5,1.5
25.08.2021 02:18:40.123,3.90057,3.8975300000000006,1.5,1.5
25.08.2021 02:18:44.902,3.9004900000000005,3.8975300000000006,1.5,1.5
25.08.2021 02:18:52.809,3.9004800000000004,3.8975400000000002,1.5,1.5
25.08.2021 02:19:01.883,3.9004900000000005,3.8975300000000006,1.5,1.5
25.08.2021 02:19:06.882,3.9004900000000005,3.8975300000000006,1.5,1.5
25.08.2021 02:19:36.302,3.9004800000000004,3.8976400000000004,1.5,1.5
25.08.2021 02:19:42.226,3.9005,3.89756,1.5,1
25.08.2021 02:20:02.901,3.9005500000000004,3.89756,1.5,1
25.08.2021 02:20:03.291,3.9005500000000004,3.89756,1.5,1
25.08.2021 02:20:30.049,3.9005800000000006,3.8974900000000003,1.5,1.5
25.08.2021 02:20:32.258,3.9005800000000006,3.8974900000000003,1.5,1
25.08.2021 02:20:32.458,3.90057,3.8975000000000004,1.5,1.5
25.08.2021 02:20:33.637,3.9005800000000006,3.8974900000000003,1.5,1
25.08.2021 02:20:40.048,3.9006400000000006,3.8976,1.5,1
25.08.2021 02:20:59.626,3.90065,3.8975900000000006,1.62,1
25.08.2021 02:21:28.096,3.9006400000000006,3.89774,1,1
25.08.2021 02:21:28.147,3.90065,3.8977300000000006,1,1
25.08.2021 02:21:46.600,3.90082,3.89781,1,1
25.08.2021 02:21:47.929,3.9007199999999997,3.89766,1.5,1
25.08.2021 02:22:15.610,3.90071,3.8976699999999997,1.5,1
25.08.2021 02:22:15.661,3.9005500000000004,3.8974900000000003,1.5,1.5
25.08.2021 02:22:22.563,3.9005500000000004,3.8974900000000003,1.5,1
25.08.2021 02:22:29.251,3.9005500000000004,3.8974900000000003,1.5,1
25.08.2021 02:22:49.783,3.9005500000000004,3.8974900000000003,1.5,1.5
25.08.2021 02:23:28.924,3.9007199999999997,3.89737,1.62,1.5
25.08.2021 02:23:37.602,3.9007199999999997,3.89737,1.62,1.5
25.08.2021 02:23:50.426,3.90071,3.8973800000000005,1.62,1.5
25.08.2021 02:23:55.160,3.9007199999999997,3.89737,1.62,1.5
25.08.2021 02:23:55.357,3.9007199999999997,3.8974699999999998,1,1.5
25.08.2021 02:24:03.582,3.90091,3.8976,1,1.5
25.08.2021 02:24:04.004,3.90091,3.8976,1,1.5
25.08.2021 02:24:11.605,3.9009,3.8977500000000003,1,1.5
25.08.2021 02:24:20.104,3.9010800000000003,3.89774,1.62,1.5
25.08.2021 02:24:24.463,3.9010800000000003,3.89774,1.62,1.5
25.08.2021 02:24:24.882,3.90107,3.8977500000000003,1.62,1.5
25.08.2021 02:24:25.902,3.9010800000000003,3.89774,1.62,1.5
25.08.2021 02:24:30.657,3.90107,3.8977500000000003,1.62,1.5
25.08.2021 02:24:30.819,3.90107,3.8977500000000003,1.62,1.5
25.08.2021 02:24:31.902,3.9010800000000003,3.89774,1.62,1.5
25.08.2021 02:24:32.069,3.9010800000000003,3.89774,1.62,1.5
25.08.2021 02:24:32.271,3.9010800000000003,3.89774,1.62,1.5
25.08.2021 02:24:32.473,3.9010800000000003,3.89774,1.62,1.5
25.08.2021 02:24:32.906,3.9010800000000003,3.89774,1.62,1.5
25.08.2021 02:24:36.907,3.9011,3.8978699999999997,1,1.5
25.08.2021 02:24:39.233,3.9011,3.8978699999999997,1,1.5
25.08.2021 02:24:48.603,3.90107,3.8977800000000005,1.5,1.5
25.08.2021 02:24:48.823,3.90107,3.8977800000000005,1.5,1
25.08.2021 02:24:56.443,3.9009500000000004,3.8976100000000002,1.5,1.5
25.08.2021 02:25:01.314,3.90076,3.8976100000000002,1.5,1.5
25.08.2021 02:25:04.343,3.9009,3.89777,1,1
25.08.2021 02:25:06.337,3.9008900000000004,3.8975800000000005,1,1.5
25.08.2021 02:25:06.388,3.9009,3.89757,1,1.5
25.08.2021 02:25:06.891,3.9009,3.89757,1,1.5
25.08.2021 02:25:07.385,3.9009,3.89757,1,1.5
25.08.2021 02:25:07.803,3.9008900000000004,3.8975800000000005,1,1.5
25.08.2021 02:25:11.400,3.9009,3.89757,1,1.5
25.08.2021 02:25:11.891,3.9009,3.89757,1,1.5
25.08.2021 02:25:47.911,3.9009,3.89757,1,1.5
25.08.2021 02:25:48.111,3.9008900000000004,3.8975800000000005,1,1.5
25.08.2021 02:26:00.131,3.9009,3.8975800000000005,1,1.5
25.08.2021 02:26:00.331,3.90091,3.89757,1,1.5
25.08.2021 02:26:04.535,3.9007400000000003,3.8975000000000004,1,1.5
25.08.2021 02:26:32.407,3.9007400000000003,3.8975000000000004,1,1
25.08.2021 02:26:32.569,3.90065,3.8973400000000002,1.5,1.5
25.08.2021 02:26:52.940,3.90056,3.89722,1,1.5
25.08.2021 02:26:53.094,3.9004800000000004,3.89705,1.5,1.5
25.08.2021 02:26:58.810,3.9004800000000004,3.89705,1.5,1.5
25.08.2021 02:27:00.815,3.9004800000000004,3.89705,1.5,1.5
25.08.2021 02:27:05.409,3.9004800000000004,3.89705,1.5,1.5
25.08.2021 02:27:14.439,3.9004800000000004,3.89705,1.5,1.5
25.08.2021 02:27:16.402,3.9004800000000004,3.89705,1.5,1.5
25.08.2021 02:27:20.216,3.9004800000000004,3.89705,1.5,1.5
25.08.2021 02:27:20.430,3.90024,3.89705,1.5,1.5
25.08.2021 02:27:21.888,3.90024,3.89705,1.5,1.5
25.08.2021 02:27:22.449,3.9002300000000005,3.89706,1.5,1.5
25.08.2021 02:27:22.896,3.90024,3.89705,1.5,1.5
25.08.2021 02:27:27.792,3.9002300000000005,3.89719,1.5,1.5
25.08.2021 02:27:28.857,3.9002300000000005,3.89719,1.5,1.5
25.08.2021 02:27:32.672,3.9002300000000005,3.89719,1.5,1.5
25.08.2021 02:27:37.180,3.90024,3.8971800000000005,1.5,1.5
25.08.2021 02:27:44.545,3.90024,3.8971800000000005,1.5,1.5
25.08.2021 02:27:47.485,3.90024,3.8971800000000005,1.5,1.5
25.08.2021 02:28:12.902,3.90057,3.8971800000000005,1,1.5
25.08.2021 02:28:14.148,3.90057,3.8971800000000005,1,1.5
25.08.2021 02:28:21.275,3.90056,3.8971300000000006,1,1.5
25.08.2021 02:28:21.453,3.90057,3.8971199999999997,1,1.5
25.08.2021 02:28:23.601,3.9004000000000003,3.89722,1.5,1.5
25.08.2021 02:28:29.396,3.9007500000000004,3.89722,1,1.5
25.08.2021 02:28:31.705,3.9007500000000004,3.89722,1,1.5
25.08.2021 02:28:33.427,3.9007500000000004,3.89722,1,1.5
25.08.2021 02:28:38.949,3.9007500000000004,3.89722,1,1.5
25.08.2021 02:28:48.533,3.9007500000000004,3.89722,1,1.5
25.08.2021 02:28:49.970,3.9007400000000003,3.8972300000000004,1,1.5
25.08.2021 02:28:51.846,3.9007500000000004,3.89722,1,1.5
25.08.2021 02:28:52.250,3.9007500000000004,3.89722,1,1.5
25.08.2021 02:28:57.862,3.9007400000000003,3.8972300000000004,1,1.5
25.08.2021 02:29:01.670,3.9007500000000004,3.89722,1,1.5
25.08.2021 02:29:02.075,3.9007400000000003,3.8973300000000006,1,1.5
25.08.2021 02:29:02.558,3.9007400000000003,3.8973300000000006,1,1.5
25.08.2021 02:29:02.775,3.9008800000000003,3.89746,1,1.5
25.08.2021 02:29:34.741,3.90087,3.8974699999999998,1,1.5
25.08.2021 02:29:47.939,3.90087,3.8974699999999998,1,1.5
25.08.2021 02:29:50.427,3.9008800000000003,3.89746,1,1.5
25.08.2021 02:30:00.926,3.9007199999999997,3.8972300000000004,1,1.5
25.08.2021 02:30:01.467,3.9007199999999997,3.8972300000000004,1,1.5
25.08.2021 02:30:01.669,3.9007199999999997,3.8972300000000004,1,1.5
25.08.2021 02:30:06.806,3.9007199999999997,3.8972300000000004,1,1.5
25.08.2021 02:30:07.628,3.9006600000000002,3.89707,1.5,1.5
25.08.2021 02:30:11.340,3.9005500000000004,3.89706,1,1.5
25.08.2021 02:30:13.902,3.9005500000000004,3.89706,1,1.5
25.08.2021 02:30:20.300,3.9005400000000003,3.89707,1,1.5
25.08.2021 02:30:23.968,3.9005500000000004,3.89706,1,1.5
25.08.2021 02:30:31.006,3.9005,3.89687,1.5,1.5
25.08.2021 02:30:52.637,3.90037,3.89687,1,1.5
25.08.2021 02:30:53.000,3.90036,3.8968800000000003,1,1.5
25.08.2021 02:30:53.173,3.90037,3.89687,1,1.5
25.08.2021 02:31:00.346,3.90037,3.89687,1,1.5
25.08.2021 02:31:07.073,3.90037,3.89687,1,1.5
25.08.2021 02:31:15.197,3.90037,3.89687,1,1.5
25.08.2021 02:31:19.781,3.90037,3.89687,1,1.5
25.08.2021 02:31:33.831,3.90032,3.8967500000000004,1.5,1.5
25.08.2021 02:31:43.337,3.90021,3.8967500000000004,1,1.5
25.08.2021 02:32:02.463,3.9000500000000002,3.8967400000000003,1,1.5
25.08.2021 02:32:06.433,3.90021,3.8967400000000003,1,1.5
25.08.2021 02:32:07.169,3.90021,3.8967400000000003,1,1.5
25.08.2021 02:32:12.095,3.9002000000000003,3.8967500000000004,1,1.5
25.08.2021 02:32:16.876,3.90021,3.8967400000000003,1,1.5
25.08.2021 02:32:17.094,3.90021,3.8967400000000003,1,1.5
25.08.2021 02:32:17.296,3.9002000000000003,3.8967500000000004,1,1.5
25.08.2021 02:32:32.108,3.90021,3.8967400000000003,1,1.5
25.08.2021 02:32:42.116,3.90021,3.8967400000000003,1,1.5
25.08.2021 02:32:46.076,3.90021,3.8967400000000003,1,1.5
25.08.2021 02:32:48.216,3.9002000000000003,3.8967500000000004,1,1.5
25.08.2021 02:32:49.515,3.9002000000000003,3.8967500000000004,1,1.5
25.08.2021 02:32:52.932,3.90021,3.8967400000000003,1,1.5
25.08.2021 02:32:59.465,3.9002000000000003,3.8967500000000004,1,1.5
25.08.2021 02:33:01.843,3.90021,3.8967400000000003,1,1.5
25.08.2021 02:33:01.921,3.90021,3.8967400000000003,1,1.5
25.08.2021 02:33:03.903,3.90021,3.8967400000000003,1,1.5
25.08.2021 02:33:13.628,3.90024,3.8967400000000003,1,1.5
25.08.2021 02:33:50.939,3.9002300000000005,3.8967500000000004,1,1.5
25.08.2021 02:33:51.141,3.90024,3.8967400000000003,1,1.5
25.08.2021 02:33:52.760,3.9002300000000005,3.8967500000000004,1,1.5
25.08.2021 02:34:06.554,3.9001900000000003,3.8967400000000003,1,1.5
25.08.2021 02:34:09.734,3.9001800000000006,3.8965800000000006,1,1.5
25.08.2021 02:34:42.168,3.8999900000000003,3.8965800000000006,1,1.5
25.08.2021 02:34:43.402,3.9000000000000004,3.89657,1,1.5
25.08.2021 02:35:23.172,3.9000000000000004,3.89657,1,1.5
25.08.2021 02:35:23.411,3.9000000000000004,3.89657,1,1.5
25.08.2021 02:35:27.780,3.9000000000000004,3.89657,1,1.5
25.08.2021 02:35:33.390,3.9000000000000004,3.89637,1,1.5
25.08.2021 02:35:43.570,3.8999,3.8963800000000006,1,1.5
25.08.2021 02:35:44.062,3.89991,3.89637,1,1.5
25.08.2021 02:35:45.059,3.89991,3.89637,1,1.5
25.08.2021 02:35:45.617,3.8997400000000004,3.8962300000000005,1,1.5
25.08.2021 02:35:53.861,3.8997300000000004,3.89624,1,1.5
25.08.2021 02:35:54.061,3.8997300000000004,3.89624,1,1.5
25.08.2021 02:35:59.730,3.8997300000000004,3.89624,1,1.5
25.08.2021 02:36:22.971,3.8997400000000004,3.8962300000000005,1,1.5
25.08.2021 02:36:26.650,3.8997300000000004,3.89624,1,1.5
25.08.2021 02:37:12.234,3.8997,3.89624,1,1.5
25.08.2021 02:37:23.182,3.8997,3.89624,1,1.5
25.08.2021 02:37:23.624,3.8997,3.89611,1,1.5
25.08.2021 02:37:23.827,3.8997100000000002,3.8961,1,1.5
25.08.2021 02:37:32.286,3.89952,3.8961,1,1.5
25.08.2021 02:37:36.459,3.89952,3.8959699999999997,1,1.5
25.08.2021 02:37:36.712,3.89952,3.8959699999999997,1,1.5
25.08.2021 02:37:54.713,3.89921,3.8959900000000003,1.5,1.5
25.08.2021 02:37:55.202,3.8990800000000005,3.8958800000000005,1.5,1.5
25.08.2021 02:37:57.451,3.8990800000000005,3.8958300000000006,1.5,1.5
25.08.2021 02:37:59.874,3.8989800000000003,3.89591,1.5,1.5
25.08.2021 02:38:16.019,3.8991400000000005,3.89595,1.5,1.5
25.08.2021 02:38:16.184,3.8991300000000004,3.89596,1.5,1.5
25.08.2021 02:38:18.562,3.8991400000000005,3.89595,1.5,1.5
25.08.2021 02:38:24.320,3.8991400000000005,3.8958800000000005,1.5,1.5
25.08.2021 02:38:28.938,3.89926,3.8958800000000005,1.5,1.5
25.08.2021 02:38:33.510,3.89926,3.8958800000000005,1.5,1.5
25.08.2021 02:38:58.007,3.89926,3.8958800000000005,1.5,1.5
25.08.2021 02:38:58.411,3.89926,3.8958800000000005,1.5,1.5
25.08.2021 02:38:59.012,3.8992500000000003,3.8958900000000005,1.5,1.5
25.08.2021 02:38:59.536,3.89926,3.8958800000000005,1.5,1.5
25.08.2021 02:39:00.025,3.89926,3.8958800000000005,1.5,1.5
25.08.2021 02:39:01.341,3.89926,3.8958800000000005,1.5,1.5
25.08.2021 02:39:01.731,3.89926,3.8958800000000005,1.5,1.5
25.08.2021 02:39:01.934,3.89926,3.8958800000000005,1.5,1.5
25.08.2021 02:39:03.073,3.8994300000000006,3.89604,1.5,1.5
25.08.2021 02:39:05.556,3.89942,3.8960500000000002,1.5,1.5
25.08.2021 02:39:13.568,3.8994300000000006,3.89604,1.5,1.5
25.08.2021 02:39:27.402,3.8994300000000006,3.89604,1.5,1.5
25.08.2021 02:39:32.090,3.89942,3.8960500000000002,1.5,1.5
25.08.2021 02:39:32.298,3.89942,3.8960500000000002,1.5,1.5
25.08.2021 02:39:33.945,3.89942,3.8960500000000002,1.5,1.5
25.08.2021 02:39:39.557,3.89942,3.8960500000000002,1.5,1.5
25.08.2021 02:39:51.524,3.8994300000000006,3.89604,1.5,1.5
25.08.2021 02:39:51.927,3.8994300000000006,3.89604,1.5,1.5
25.08.2021 02:39:56.448,3.8994300000000006,3.89604,1.5,1.5
25.08.2021 02:40:05.082,3.8994,3.89604,1.5,1.5
25.08.2021 02:40:10.104,3.8994,3.89604,1.5,1.5
25.08.2021 02:40:14.798,3.8993900000000004,3.8960500000000002,1.5,1.5
25.08.2021 02:40:15.002,3.8994300000000006,3.89604,1.5,1.5
25.08.2021 02:40:17.065,3.8994300000000006,3.89604,1.5,1.5
25.08.2021 02:40:23.826,3.8994300000000006,3.89604,1.5,1.5
25.08.2021 02:40:25.113,3.8994300000000006,3.89604,1.5,1.5
25.08.2021 02:40:31.403,3.89942,3.8960500000000002,1.5,1.5
25.08.2021 02:40:38.549,3.8994300000000006,3.89604,1.5,1.5
25.08.2021 02:40:50.346,3.8994300000000006,3.89604,1.5,1.5
25.08.2021 02:40:51.779,3.8994400000000002,3.89622,1.5,1.5
25.08.2021 02:40:52.339,3.89942,3.89621,1.5,1.5
25.08.2021 02:41:07.133,3.89926,3.89622,1.5,1.5
25.08.2021 02:41:13.903,3.8992300000000006,3.89604,1.5,1.5
25.08.2021 02:41:17.778,3.8992300000000006,3.89604,1.5,1.5
25.08.2021 02:41:59.152,3.89915,3.8960500000000002,1.5,1.5
25.08.2021 02:42:13.301,3.8990800000000005,3.89604,1.5,1.5
25.08.2021 02:42:42.385,3.89901,3.89595,1.5,1.5
25.08.2021 02:42:43.045,3.89901,3.89595,1.5,1.5
25.08.2021 02:42:43.247,3.8990800000000005,3.89595,1.5,1.5
25.08.2021 02:42:45.498,3.8990800000000005,3.89595,1.5,1.5
25.08.2021 02:42:57.427,3.8993300000000004,3.89612,1.5,1.5
25.08.2021 02:42:57.999,3.8992400000000003,3.89622,1.5,1.5
25.08.2021 02:43:02.226,3.8992400000000003,3.89635,1.5,1.5
25.08.2021 02:43:13.034,3.8997,3.89636,1.5,1.5
25.08.2021 02:43:24.552,3.8995,3.8965,1.5,1.5
25.08.2021 02:43:40.739,3.8992300000000006,3.8962300000000005,1.5,1
25.08.2021 02:43:59.221,3.89972,3.89627,1.62,1.5
25.08.2021 02:43:59.422,3.8997100000000002,3.8962800000000004,1.62,1.5
25.08.2021 02:44:04.496,3.89972,3.89627,1.62,1.5
25.08.2021 02:44:12.458,3.89961,3.8962800000000004,1,1.5
25.08.2021 02:44:18.570,3.89961,3.8961400000000004,1.62,1.5
25.08.2021 02:44:23.132,3.8989000000000003,3.89591,1.5,1.5
25.08.2021 02:44:23.925,3.89936,3.8959400000000004,1,1.5
25.08.2021 02:44:24.144,3.89935,3.89595,1,1.5
25.08.2021 02:44:25.373,3.89935,3.89595,1,1.5
25.08.2021 02:44:25.575,3.89936,3.8959400000000004,1,1.5
25.08.2021 02:44:26.663,3.89936,3.8959400000000004,1,1.5
25.08.2021 02:44:29.193,3.89936,3.8959400000000004,1,1.5
25.08.2021 02:44:38.925,3.89936,3.8959400000000004,1,1.5
