Gmt time,Ask,Bid,AskVolume,BidVolume
30.08.2021 00:00:00.066,3.8802000000000003,3.8756500000000003,1,1
30.08.2021 00:00:00.116,3.8801900000000002,3.8756900000000005,1,1
30.08.2021 00:00:00.788,3.8802000000000003,3.8756500000000003,1,1
30.08.2021 00:00:01.869,3.8802000000000003,3.87564,1,1
30.08.2021 00:00:01.958,3.8802000000000003,3.8756800000000005,1,1
30.08.2021 00:00:03.419,3.8802000000000003,3.87571,1,1
30.08.2021 00:00:03.469,3.8802000000000003,3.8756800000000005,1,1
30.08.2021 00:00:12.492,3.8802000000000003,3.8726300000000005,1,1
30.08.2021 00:00:12.795,3.8802000000000003,3.8726300000000005,1,1
30.08.2021 00:00:13.411,3.8801900000000002,3.8726300000000005,1,1
30.08.2021 00:00:19.860,3.8835100000000002,3.8726400000000005,1,1
30.08.2021 00:00:19.910,3.8835100000000002,3.8726400000000005,1,1
30.08.2021 00:00:20.028,3.88352,3.8726300000000005,1,1
30.08.2021 00:00:20.563,3.8834500000000003,3.87257,1,1
30.08.2021 00:00:20.613,3.8834400000000002,3.8725800000000006,1,1
30.08.2021 00:00:20.664,3.8834500000000003,3.87257,1,1
30.08.2021 00:00:20.871,3.8834500000000003,3.87257,1,1
30.08.2021 00:00:20.996,3.8834500000000003,3.87257,1,1
30.08.2021 00:00:21.118,3.8834500000000003,3.87617,1,1
30.08.2021 00:00:22.022,3.88361,3.87602,1,1
30.08.2021 00:00:22.073,3.88361,3.87271,1,1
30.08.2021 00:00:24.282,3.8835699999999997,3.8726800000000003,1,1
30.08.2021 00:00:24.383,3.8835699999999997,3.8726800000000003,1,1
30.08.2021 00:00:24.484,3.8835699999999997,3.8726800000000003,1,1
30.08.2021 00:00:24.635,3.88036,3.8759900000000003,1,1
30.08.2021 00:00:27.178,3.88037,3.87601,1,1
30.08.2021 00:00:28.007,3.88037,3.8759699999999997,1,1
30.08.2021 00:00:30.446,3.88037,3.8759800000000006,1,1
30.08.2021 00:00:30.637,3.8802000000000003,3.87605,1,1
30.08.2021 00:00:30.738,3.8835699999999997,3.8762900000000005,1,1
30.08.2021 00:00:30.789,3.8835800000000007,3.8761800000000006,1,1
30.08.2021 00:00:31.629,3.88362,3.8727400000000003,1,1
30.08.2021 00:00:32.452,3.8803,3.8761400000000004,1,1
30.08.2021 00:00:34.380,3.88361,3.8727400000000003,1,1
30.08.2021 00:00:34.611,3.8836000000000004,3.87271,1,1
30.08.2021 00:00:35.492,3.8836000000000004,3.87271,1,1
30.08.2021 00:00:35.593,3.8834300000000006,3.87256,1,1
30.08.2021 00:00:38.548,3.88336,3.87247,1,1
30.08.2021 00:00:38.954,3.88336,3.8724800000000004,1,1
30.08.2021 00:00:41.769,3.8834000000000004,3.8725199999999997,1,1
30.08.2021 00:00:42.721,3.8834900000000006,3.8726000000000003,1,1
30.08.2021 00:00:42.888,3.8834900000000006,3.8726000000000003,1,1
30.08.2021 00:01:00.900,3.8834800000000005,3.87259,1,1
30.08.2021 00:01:01.592,3.8833800000000003,3.87242,1,1
30.08.2021 00:01:04.920,3.8832300000000006,3.8723500000000004,1,1
30.08.2021 00:01:29.253,3.8831800000000003,3.87231,1,1
30.08.2021 00:01:29.342,3.8831800000000003,3.87231,1,1
30.08.2021 00:01:45.113,3.8833699999999998,3.8724900000000004,1,1
30.08.2021 00:01:45.164,3.88336,3.8725,1,1
30.08.2021 00:01:45.411,3.88336,3.8725,1,1
30.08.2021 00:01:53.149,3.8836500000000003,3.87267,1,1
30.08.2021 00:01:54.839,3.88356,3.87266,1,1
30.08.2021 00:01:54.889,3.88356,3.87266,1,1
30.08.2021 00:01:56.674,3.8836500000000003,3.87277,1,1
30.08.2021 00:01:57.156,3.88364,3.8727800000000006,1,1
30.08.2021 00:01:58.748,3.88362,3.8727500000000004,1,1
30.08.2021 00:01:58.849,3.88362,3.8727500000000004,1,1
30.08.2021 00:02:00.904,3.8833800000000003,3.87251,1,1
30.08.2021 00:02:00.954,3.8833900000000003,3.8725,1,1
30.08.2021 00:02:03.965,3.8836300000000006,3.8727400000000003,1,1
30.08.2021 00:02:04.015,3.8836300000000006,3.8727400000000003,1,1
30.08.2021 00:02:04.277,3.8836300000000006,3.8727400000000003,1,1
30.08.2021 00:02:04.566,3.8836300000000006,3.8727400000000003,1,1
30.08.2021 00:02:04.617,3.88362,3.8727500000000004,1,1
30.08.2021 00:02:04.835,3.8835,3.87261,1,1
30.08.2021 00:02:21.150,3.8835800000000007,3.8726900000000004,1,1
30.08.2021 00:02:26.137,3.88352,3.87265,1,1
30.08.2021 00:02:26.217,3.8835300000000004,3.8726400000000005,1,1
30.08.2021 00:02:26.366,3.8835300000000004,3.8726400000000005,1,1
30.08.2021 00:02:26.416,3.8835300000000004,3.8726400000000005,1,1
30.08.2021 00:02:26.479,3.8835300000000004,3.8726400000000005,1,1
30.08.2021 00:02:26.685,3.8835300000000004,3.8726400000000005,1,1
30.08.2021 00:02:26.904,3.8835300000000004,3.8726400000000005,1,1
30.08.2021 00:02:27.087,3.8835300000000004,3.8726400000000005,1,1
30.08.2021 00:02:27.292,3.8835300000000004,3.8726400000000005,1,1
30.08.2021 00:02:27.489,3.8835300000000004,3.8726400000000005,1,1
30.08.2021 00:02:27.539,3.88352,3.87265,1,1
30.08.2021 00:02:34.587,3.8837300000000003,3.87286,1,1
30.08.2021 00:02:34.638,3.8837300000000003,3.87286,1,1
30.08.2021 00:02:39.947,3.88375,3.87286,1,1
30.08.2021 00:03:01.939,3.8837300000000003,3.87286,1,1
30.08.2021 00:03:05.548,3.88375,3.87286,1,1
30.08.2021 00:03:14.012,3.8837,3.87281,1,1
30.08.2021 00:03:14.062,3.8837,3.87281,1,1
30.08.2021 00:03:45.337,3.88371,3.87282,1,1
30.08.2021 00:03:45.499,3.88371,3.87282,1,1
30.08.2021 00:03:45.549,3.88387,3.87297,1,1
30.08.2021 00:03:45.608,3.8838800000000004,3.87296,1,1
30.08.2021 00:03:48.805,3.88396,3.87307,1,1
30.08.2021 00:03:48.856,3.88395,3.8730800000000003,1,1
30.08.2021 00:04:03.176,3.88412,3.8732400000000005,1,1
30.08.2021 00:04:03.881,3.88412,3.8732300000000004,1,1
30.08.2021 00:04:05.228,3.88412,3.8732400000000005,1,1
30.08.2021 00:04:10.665,3.8840300000000005,3.87317,1,1
30.08.2021 00:04:10.884,3.88404,3.87316,1,1
30.08.2021 00:04:16.613,3.8839800000000007,3.87311,1,1
30.08.2021 00:04:16.682,3.8839800000000007,3.87311,1,1
30.08.2021 00:04:16.873,3.8805,3.87311,1,1
30.08.2021 00:04:21.790,3.88421,3.87332,1,1
30.08.2021 00:05:21.836,3.88424,3.8733500000000003,1,1
30.08.2021 00:05:34.806,3.88425,3.87336,1,1
30.08.2021 00:05:34.947,3.88425,3.87336,1,1
30.08.2021 00:05:48.473,3.88437,3.8735000000000004,1,1
30.08.2021 00:05:48.606,3.88437,3.8735000000000004,1,1
30.08.2021 00:05:49.175,3.8843800000000006,3.8734900000000003,1,1
30.08.2021 00:05:49.226,3.88437,3.8735000000000004,1,1
30.08.2021 00:05:49.276,3.8843800000000006,3.8734900000000003,1,1
30.08.2021 00:05:53.247,3.88462,3.8737500000000002,1,1
30.08.2021 00:05:53.325,3.88462,3.8737500000000002,1,1
30.08.2021 00:05:54.196,3.8846600000000002,3.87376,1,1
30.08.2021 00:05:54.246,3.88465,3.87377,1,1
30.08.2021 00:05:56.055,3.8845199999999998,3.8736300000000004,1,1
30.08.2021 00:06:12.155,3.88476,3.8738900000000003,1,1
30.08.2021 00:06:12.205,3.8809199999999997,3.8738900000000003,1,1
30.08.2021 00:06:12.256,3.88477,3.8738800000000007,1,1
30.08.2021 00:06:25.755,3.8845500000000004,3.87366,1,1
30.08.2021 00:07:00.344,3.8809300000000007,3.8738900000000003,1,1
30.08.2021 00:07:03.697,3.88462,3.87374,1,1
30.08.2021 00:07:03.888,3.88462,3.87374,1,1
30.08.2021 00:07:04.219,3.88462,3.87374,1,1
30.08.2021 00:07:05.372,3.88457,3.8737000000000004,1,1
30.08.2021 00:07:05.422,3.8845800000000006,3.8736900000000003,1,1
30.08.2021 00:08:03.802,3.8845800000000006,3.8737000000000004,1,1
30.08.2021 00:08:05.375,3.8844800000000004,3.87354,1,1
30.08.2021 00:09:03.804,3.8844900000000004,3.8736300000000004,1,1
30.08.2021 00:09:04.343,3.8845,3.87362,1,1
30.08.2021 00:09:05.377,3.8845300000000003,3.8736400000000004,1,1
30.08.2021 00:10:04.323,3.88442,3.8735300000000006,1,1
30.08.2021 00:10:05.383,3.88442,3.8735300000000006,1,1
30.08.2021 00:11:04.314,3.8843800000000006,3.8734900000000003,1,1
30.08.2021 00:11:05.381,3.8843800000000006,3.8735000000000004,1,1
30.08.2021 00:11:39.551,3.88441,3.8735300000000006,1,1
30.08.2021 00:11:39.601,3.88441,3.8735300000000006,1,1
30.08.2021 00:11:39.651,3.88441,3.8735300000000006,1,1
30.08.2021 00:11:39.861,3.8843199999999998,3.87342,1,1
30.08.2021 00:11:40.162,3.8843199999999998,3.87342,1,1
30.08.2021 00:11:40.212,3.8843300000000003,3.8734100000000002,1,1
30.08.2021 00:11:46.289,3.8842300000000005,3.8733400000000002,1,1
30.08.2021 00:11:46.342,3.8842300000000005,3.8733400000000002,1,1
30.08.2021 00:11:46.392,3.8842300000000005,3.8733400000000002,1,1
30.08.2021 00:12:46.377,3.8841300000000003,3.8732400000000005,1,1
30.08.2021 00:13:10.230,3.88411,3.8732300000000004,1,1
30.08.2021 00:13:10.280,3.88411,3.8732300000000004,1,1
30.08.2021 00:13:22.245,3.88422,3.8733300000000006,1,1
30.08.2021 00:13:23.021,3.88421,3.87332,1,1
30.08.2021 00:13:27.344,3.8841699999999997,3.8732800000000003,1,1
30.08.2021 00:13:27.394,3.8841699999999997,3.8732800000000003,1,1
30.08.2021 00:14:11.005,3.8843900000000002,3.8735000000000004,1,1
30.08.2021 00:14:11.055,3.8843800000000006,3.87351,1,1
30.08.2021 00:14:11.184,3.88079,3.87351,1,1
30.08.2021 00:14:11.235,3.8843900000000002,3.8735000000000004,1,1
30.08.2021 00:14:17.796,3.8845199999999998,3.8736400000000004,1,1
30.08.2021 00:14:19.468,3.8844800000000004,3.8735900000000005,1,1
30.08.2021 00:14:20.541,3.88059,3.8733,1,1
30.08.2021 00:14:20.809,3.8841800000000006,3.87331,1,1
30.08.2021 00:14:21.566,3.88059,3.8733,1,1
30.08.2021 00:14:21.617,3.8841900000000003,3.8733,1,1
30.08.2021 00:14:24.665,3.8841900000000003,3.87332,1,1
30.08.2021 00:14:24.716,3.8841900000000003,3.87332,1,1
30.08.2021 00:14:24.777,3.8842000000000003,3.87331,1,1
30.08.2021 00:14:24.827,3.8842000000000003,3.87331,1,1
30.08.2021 00:15:01.654,3.88431,3.87342,1,1
30.08.2021 00:15:01.717,3.88431,3.87342,1,1
30.08.2021 00:15:26.574,3.88059,3.8734800000000003,1,1
30.08.2021 00:15:26.624,3.88436,3.8734800000000003,1,1
30.08.2021 00:16:01.661,3.8843800000000006,3.8734900000000003,1,1
30.08.2021 00:16:08.762,3.88059,3.8734900000000003,1,1
30.08.2021 00:16:08.813,3.88437,3.8734900000000003,1,1
30.08.2021 00:16:08.863,3.8805800000000006,3.8735000000000004,1,1
30.08.2021 00:16:08.982,3.88437,3.8734900000000003,1,1
30.08.2021 00:16:09.405,3.8843900000000002,3.8734800000000003,1,1
30.08.2021 00:16:09.469,3.8843900000000002,3.8734800000000003,1,1
30.08.2021 00:17:08.226,3.8840900000000005,3.8732300000000004,1,1
30.08.2021 00:17:08.276,3.8841,3.87322,1,1
30.08.2021 00:17:20.264,3.8839699999999997,3.8731,1,1
30.08.2021 00:17:20.472,3.8839699999999997,3.8731,1,1
30.08.2021 00:18:20.472,3.8840800000000004,3.87322,1,1
30.08.2021 00:18:43.957,3.8841400000000004,3.87325,1,1
30.08.2021 00:18:44.053,3.8841400000000004,3.87325,1,1
30.08.2021 00:18:52.130,3.88396,3.8730900000000004,1,1
30.08.2021 00:19:05.100,3.88387,3.8729800000000005,1,1
30.08.2021 00:19:16.020,3.8837800000000007,3.8728900000000004,1,1
30.08.2021 00:19:16.070,3.8837800000000007,3.8728900000000004,1,1
30.08.2021 00:19:17.413,3.8835900000000003,3.87271,1,1
30.08.2021 00:19:17.463,3.8835800000000007,3.8727199999999997,1,1
30.08.2021 00:19:27.296,3.8836500000000003,3.87276,1,1
30.08.2021 00:19:29.746,3.8837900000000003,3.8729,1,1
30.08.2021 00:19:41.809,3.88381,3.8729400000000003,1,1
30.08.2021 00:19:51.813,3.8839300000000003,3.8730400000000005,1,1
30.08.2021 00:20:08.812,3.8837699999999997,3.8728900000000004,1,1
30.08.2021 00:20:08.862,3.8837699999999997,3.8728900000000004,1,1
30.08.2021 00:20:53.118,3.8837800000000007,3.8729,1,1
30.08.2021 00:20:53.641,3.8837699999999997,3.87291,1,1
30.08.2021 00:20:53.691,3.8837800000000007,3.8729,1,1
30.08.2021 00:20:54.409,3.88366,3.8727500000000004,1,1
30.08.2021 00:21:08.756,3.88371,3.87282,1,1
30.08.2021 00:21:08.806,3.88371,3.87282,1,1
30.08.2021 00:21:09.236,3.87976,3.8728300000000004,1,1
30.08.2021 00:21:09.749,3.8837,3.8728300000000004,1,1
30.08.2021 00:21:35.226,3.8834800000000005,3.8726000000000003,1,1
30.08.2021 00:21:39.754,3.8834800000000005,3.8726000000000003,1,1
30.08.2021 00:21:51.000,3.8833699999999998,3.8724800000000004,1,1
30.08.2021 00:22:10.512,3.88341,3.8724900000000004,1,1
30.08.2021 00:22:10.563,3.8834000000000004,3.8725,1,1
30.08.2021 00:22:39.035,3.8833800000000003,3.8724900000000004,1,1
30.08.2021 00:22:39.755,3.88336,3.87247,1,1
30.08.2021 00:22:44.784,3.88327,3.8724000000000003,1,1
30.08.2021 00:23:18.164,3.88326,3.87237,1,1
30.08.2021 00:23:39.830,3.88317,3.8722900000000005,1,1
30.08.2021 00:24:04.456,3.88322,3.8723300000000003,1,1
30.08.2021 00:24:39.772,3.88321,3.8723400000000003,1,1
30.08.2021 00:24:54.971,3.8832300000000006,3.8723400000000003,1,1
30.08.2021 00:24:55.022,3.8832300000000006,3.8723400000000003,1,1
30.08.2021 00:24:55.072,3.8832300000000006,3.8723400000000003,1,1
30.08.2021 00:25:28.850,3.88316,3.8722800000000004,1,1
30.08.2021 00:25:28.985,3.88316,3.8722800000000004,1,1
30.08.2021 00:25:33.564,3.8830400000000003,3.87215,1,1
30.08.2021 00:25:33.976,3.8830500000000003,3.8721800000000006,1,1
30.08.2021 00:25:39.297,3.8829400000000005,3.87205,1,1
30.08.2021 00:25:44.713,3.88276,3.87187,1,1
30.08.2021 00:25:44.763,3.88276,3.87187,1,1
30.08.2021 00:25:48.973,3.8828,3.87192,1,1
30.08.2021 00:26:04.007,3.8829300000000004,3.87204,1,1
30.08.2021 00:26:04.065,3.8829300000000004,3.87204,1,1
30.08.2021 00:26:27.982,3.8830199999999997,3.8761800000000006,1,1
30.08.2021 00:26:28.033,3.8830199999999997,3.8721300000000003,1,1
30.08.2021 00:26:42.955,3.8832500000000003,3.8723800000000006,1,1
30.08.2021 00:26:43.043,3.88326,3.87237,1,1
30.08.2021 00:26:44.562,3.8833400000000005,3.87245,1,1
30.08.2021 00:26:44.613,3.8833300000000004,3.8724600000000002,1,1
30.08.2021 00:26:45.063,3.88336,3.8724900000000004,1,1
30.08.2021 00:26:45.113,3.88336,3.8724900000000004,1,1
30.08.2021 00:27:42.929,3.88329,3.87241,1,1
30.08.2021 00:27:45.091,3.88326,3.8724000000000003,1,1
30.08.2021 00:28:42.976,3.8833400000000005,3.87245,1,1
30.08.2021 00:28:45.094,3.88335,3.8724600000000002,1,1
30.08.2021 00:29:19.157,3.8833800000000003,3.8724900000000004,1,1
30.08.2021 00:29:19.207,3.8833699999999998,3.8725,1,1
30.08.2021 00:29:21.917,3.88352,3.87265,1,1
30.08.2021 00:29:21.967,3.8835300000000004,3.8726400000000005,1,1
30.08.2021 00:29:22.025,3.88352,3.87265,1,1
30.08.2021 00:29:22.075,3.8835300000000004,3.8726400000000005,1,1
30.08.2021 00:29:45.365,3.8833900000000003,3.87251,1,1
30.08.2021 00:29:45.428,3.8833800000000003,3.8725199999999997,1,1
30.08.2021 00:30:00.215,3.8833699999999998,3.87247,1,1
30.08.2021 00:30:00.265,3.88336,3.8724800000000004,1,1
30.08.2021 00:30:00.985,3.8833699999999998,3.87247,1,1
30.08.2021 00:30:01.036,3.8833699999999998,3.87247,1,1
30.08.2021 00:30:04.565,3.88327,3.87239,1,1
30.08.2021 00:30:04.616,3.88327,3.87239,1,1
30.08.2021 00:30:04.750,3.88327,3.87239,1,1
30.08.2021 00:30:04.800,3.88327,3.87239,1,1
30.08.2021 00:30:05.103,3.88341,3.8725199999999997,1,1
30.08.2021 00:30:14.280,3.88335,3.8724600000000002,1,1
30.08.2021 00:30:14.330,3.88335,3.8724600000000002,1,1
30.08.2021 00:30:18.741,3.8832800000000005,3.87239,1,1
30.08.2021 00:30:18.791,3.8832800000000005,3.87239,1,1
30.08.2021 00:30:19.806,3.8832800000000005,3.87239,1,1
30.08.2021 00:30:22.117,3.8832,3.8723199999999998,1,1
30.08.2021 00:30:22.168,3.8831900000000004,3.8723300000000003,1,1
30.08.2021 00:30:24.376,3.8831900000000004,3.8723199999999998,1,1
30.08.2021 00:30:24.563,3.8832,3.87231,1,1
30.08.2021 00:30:24.613,3.8831900000000004,3.8723199999999998,1,1
30.08.2021 00:30:27.094,3.8831300000000004,3.87225,1,1
30.08.2021 00:30:27.195,3.8831400000000005,3.87227,1,1
30.08.2021 00:30:31.864,3.883,3.8721300000000003,1,1
30.08.2021 00:30:31.914,3.88301,3.87212,1,1
30.08.2021 00:30:40.026,3.88296,3.87207,1,1
30.08.2021 00:30:40.076,3.88296,3.87207,1,1
30.08.2021 00:30:53.997,3.88297,3.87206,1,1
30.08.2021 00:30:57.818,3.8831900000000004,3.8723,1,1
30.08.2021 00:31:54.032,3.8833800000000003,3.8724900000000004,1,1
30.08.2021 00:31:57.812,3.88342,3.8725300000000007,1,1
30.08.2021 00:32:05.036,3.88342,3.8725300000000007,1,1
30.08.2021 00:32:05.141,3.88341,3.8725400000000003,1,1
30.08.2021 00:32:05.386,3.8830500000000003,3.87207,1,1
30.08.2021 00:32:50.166,3.88311,3.87222,1,1
30.08.2021 00:32:50.216,3.8830800000000005,3.87221,1,1
30.08.2021 00:32:55.242,3.88317,3.8723,1,1
30.08.2021 00:32:55.293,3.8831800000000003,3.8722900000000005,1,1
30.08.2021 00:33:05.471,3.88309,3.87217,1,1
30.08.2021 00:33:26.555,3.88301,3.8721300000000003,1,1
30.08.2021 00:33:26.605,3.883,3.8721400000000004,1,1
30.08.2021 00:33:58.425,3.88297,3.8721,1,1
30.08.2021 00:34:05.372,3.8828400000000003,3.87195,1,1
30.08.2021 00:34:36.711,3.8829800000000003,3.8720300000000005,1,1
30.08.2021 00:34:38.798,3.8830199999999997,3.8721300000000003,1,1
30.08.2021 00:34:52.913,3.88315,3.8722600000000003,1,1
30.08.2021 00:34:53.041,3.8831400000000005,3.87227,1,1
30.08.2021 00:34:53.116,3.88315,3.8722600000000003,1,1
30.08.2021 00:34:53.178,3.88315,3.8722600000000003,1,1
30.08.2021 00:34:53.635,3.88315,3.8722600000000003,1,1
30.08.2021 00:34:55.195,3.88342,3.8725300000000007,1,1
30.08.2021 00:34:59.285,3.8835,3.87261,1,1
30.08.2021 00:34:59.367,3.8835,3.87261,1,1
30.08.2021 00:34:59.487,3.8835,3.87261,1,1
30.08.2021 00:34:59.537,3.8835,3.87261,1,1
30.08.2021 00:34:59.688,3.8835,3.87261,1,1
30.08.2021 00:34:59.738,3.8835,3.87261,1,1
30.08.2021 00:35:01.662,3.88356,3.87267,1,1
30.08.2021 00:35:10.788,3.88341,3.8725500000000004,1,1
30.08.2021 00:35:14.377,3.8833,3.87242,1,1
30.08.2021 00:35:41.353,3.88347,3.8725800000000006,1,1
30.08.2021 00:35:41.403,3.88346,3.87259,1,1
30.08.2021 00:36:14.364,3.8833400000000005,3.87247,1,1
30.08.2021 00:36:14.465,3.88335,3.8724600000000002,1,1
30.08.2021 00:36:14.810,3.88335,3.8724600000000002,1,1
30.08.2021 00:36:23.053,3.88322,3.8723300000000003,1,1
30.08.2021 00:36:23.104,3.88322,3.8723300000000003,1,1
30.08.2021 00:36:24.160,3.8831800000000003,3.87222,1,1
30.08.2021 00:36:54.873,3.8832800000000005,3.87239,1,1
30.08.2021 00:36:56.750,3.8832,3.8722300000000005,1,1
30.08.2021 00:36:56.812,3.88321,3.87222,1,1
30.08.2021 00:36:57.187,3.88307,3.8721900000000002,1,1
30.08.2021 00:37:03.487,3.8829300000000004,3.87205,1,1
30.08.2021 00:37:03.604,3.8829300000000004,3.87205,1,1
30.08.2021 00:37:03.804,3.88292,3.87206,1,1
30.08.2021 00:37:04.255,3.8828800000000006,3.8719900000000003,1,1
30.08.2021 00:37:04.962,3.88287,3.8720000000000003,1,1
30.08.2021 00:37:05.013,3.88287,3.8720000000000003,1,1
30.08.2021 00:37:25.245,3.8828400000000003,3.8760800000000004,1,1
30.08.2021 00:37:26.572,3.8793100000000003,3.87202,1,1
30.08.2021 00:37:30.329,3.8831300000000004,3.87224,1,1
30.08.2021 00:37:38.559,3.8833,3.87241,1,1
30.08.2021 00:37:39.941,3.87944,3.87247,1,1
30.08.2021 00:37:40.041,3.88326,3.87239,1,1
30.08.2021 00:38:39.938,3.88322,3.87236,1,1
30.08.2021 00:38:40.488,3.8832300000000006,3.87622,1,1
30.08.2021 00:38:44.390,3.88321,3.87611,1,1
30.08.2021 00:38:49.388,3.88317,3.8722800000000004,1,1
30.08.2021 00:39:14.262,3.88311,3.8721900000000002,1,1
30.08.2021 00:39:29.233,3.8791900000000004,3.87195,1,1
30.08.2021 00:39:29.512,3.8792400000000002,3.8719900000000003,1,1
30.08.2021 00:39:30.739,3.88301,3.87212,1,1
30.08.2021 00:39:54.115,3.8793100000000003,3.8723,1,1
30.08.2021 00:39:54.259,3.8793100000000003,3.8722600000000003,1,1
30.08.2021 00:40:00.920,3.8793100000000003,3.8762900000000005,1,1
30.08.2021 00:40:02.769,3.87932,3.8761800000000006,1,1
30.08.2021 00:40:03.155,3.87932,3.8722800000000004,1,1
30.08.2021 00:40:07.823,3.88311,3.8761800000000006,1,1
30.08.2021 00:40:20.983,3.87932,3.8722600000000003,1,1
30.08.2021 00:40:32.031,3.88316,3.87227,1,1
30.08.2021 00:40:42.121,3.8793100000000003,3.8722900000000005,1,1
30.08.2021 00:40:52.420,3.8791900000000004,3.8723,1,1
30.08.2021 00:40:52.471,3.8831900000000004,3.8723,1,1
30.08.2021 00:40:52.589,3.8831900000000004,3.8723,1,1
30.08.2021 00:40:57.213,3.8791900000000004,3.8718800000000004,1,1
30.08.2021 00:41:00.470,3.87911,3.87207,1,1
30.08.2021 00:41:00.912,3.88295,3.87207,1,1
30.08.2021 00:41:01.439,3.88289,3.8720000000000003,1,1
30.08.2021 00:41:20.662,3.8789800000000003,3.8719300000000003,1,1
30.08.2021 00:41:32.158,3.8789800000000003,3.87195,1,1
30.08.2021 00:41:32.499,3.8789800000000003,3.87195,1,1
30.08.2021 00:41:32.549,3.8828300000000007,3.87196,1,1
30.08.2021 00:41:38.196,3.8830300000000006,3.87215,1,1
30.08.2021 00:41:43.160,3.8792500000000003,3.8720900000000005,1,1
30.08.2021 00:41:46.720,3.88316,3.87227,1,1
30.08.2021 00:42:03.225,3.8830300000000006,3.87215,1,1
30.08.2021 00:42:33.988,3.8833800000000003,3.8724900000000004,1,1
30.08.2021 00:42:34.342,3.8833800000000003,3.8724900000000004,1,1
30.08.2021 00:42:39.074,3.8830300000000006,3.87207,1,1
30.08.2021 00:42:44.323,3.88317,3.8722800000000004,1,1
30.08.2021 00:42:44.373,3.88317,3.8722800000000004,1,1
30.08.2021 00:43:01.298,3.8830199999999997,3.87215,1,1
30.08.2021 00:43:32.196,3.8833,3.87241,1,1
30.08.2021 00:43:36.195,3.88311,3.87222,1,1
30.08.2021 00:43:54.634,3.88306,3.8721800000000006,1,1
30.08.2021 00:43:59.239,3.87911,3.87217,1,1
30.08.2021 00:44:05.011,3.87911,3.8721400000000004,1,1
30.08.2021 00:44:05.169,3.8830300000000006,3.8721400000000004,1,1
30.08.2021 00:44:51.805,3.8832,3.87231,1,1
30.08.2021 00:44:51.856,3.8832,3.87231,1,1
30.08.2021 00:44:55.842,3.88271,3.87182,1,1
30.08.2021 00:45:02.265,3.88277,3.8719,1,1
30.08.2021 00:45:02.316,3.8827800000000003,3.8718900000000005,1,1
30.08.2021 00:45:03.813,3.88272,3.8718300000000005,1,1
30.08.2021 00:45:04.244,3.88272,3.8718300000000005,1,1
30.08.2021 00:45:04.295,3.88272,3.8718300000000005,1,1
30.08.2021 00:45:22.598,3.8825900000000004,3.8717,1,1
30.08.2021 00:45:22.717,3.8825900000000004,3.8717,1,1
30.08.2021 00:45:24.250,3.87877,3.8718300000000005,1,1
30.08.2021 00:45:25.569,3.88251,3.87164,1,1
30.08.2021 00:45:28.276,3.8826300000000007,3.8717400000000004,1,1
30.08.2021 00:45:28.327,3.8826300000000007,3.8717400000000004,1,1
30.08.2021 00:45:40.187,3.88249,3.8716000000000004,1,1
30.08.2021 00:45:40.242,3.8824800000000006,3.87161,1,1
30.08.2021 00:45:40.620,3.8826199999999997,3.87175,1,1
30.08.2021 00:45:50.094,3.8828,3.87192,1,1
30.08.2021 00:45:50.177,3.8827900000000004,3.8719300000000003,1,1
30.08.2021 00:45:54.239,3.8788,3.8717,1,1
30.08.2021 00:46:04.769,3.8827000000000003,3.87182,1,1
30.08.2021 00:46:50.145,3.88277,3.8718800000000004,1,1
30.08.2021 00:46:55.202,3.8825000000000003,3.8715300000000004,1,1
30.08.2021 00:47:19.239,3.8785900000000004,3.87171,1,1
30.08.2021 00:47:19.819,3.8825900000000004,3.87172,1,1
30.08.2021 00:47:28.061,3.8825400000000005,3.87166,1,1
30.08.2021 00:47:34.751,3.8822900000000002,3.8712,1,1
30.08.2021 00:47:34.817,3.8822900000000002,3.8712,1,1
30.08.2021 00:47:42.147,3.8823300000000005,3.87144,1,1
30.08.2021 00:47:49.269,3.8784300000000003,3.87152,1,1
30.08.2021 00:47:49.558,3.8824,3.8715100000000002,1,1
30.08.2021 00:47:54.309,3.8823900000000005,3.8715,1,1
30.08.2021 00:47:54.431,3.8784300000000003,3.8715100000000002,1,1
30.08.2021 00:47:54.754,3.8823900000000005,3.8715,1,1
30.08.2021 00:47:55.039,3.8823800000000004,3.8715100000000002,1,1
30.08.2021 00:47:58.679,3.8825000000000003,3.87161,1,1
30.08.2021 00:47:58.729,3.8825000000000003,3.87161,1,1
30.08.2021 00:48:00.708,3.8786400000000003,3.87152,1,1
30.08.2021 00:48:01.248,3.8824400000000003,3.87156,1,1
30.08.2021 00:48:24.580,3.8823800000000004,3.8714900000000005,1,1
30.08.2021 00:48:38.151,3.8824300000000003,3.8715400000000004,1,1
30.08.2021 00:48:58.703,3.88231,3.87142,1,1
30.08.2021 00:49:06.238,3.8823600000000003,3.87147,1,1
30.08.2021 00:49:09.524,3.8823300000000005,3.8714500000000003,1,1
30.08.2021 00:49:09.574,3.88232,3.87146,1,1
30.08.2021 00:49:13.720,3.88212,3.8712500000000003,1,1
30.08.2021 00:49:13.770,3.88212,3.8712500000000003,1,1
30.08.2021 00:49:14.242,3.87812,3.8712500000000003,1,1
30.08.2021 00:49:15.514,3.8781300000000005,3.8711400000000005,1,1
30.08.2021 00:49:19.889,3.88197,3.87097,1,1
30.08.2021 00:49:20.055,3.88196,3.8709800000000003,1,1
30.08.2021 00:49:21.496,3.88214,3.8712800000000005,1,1
30.08.2021 00:50:05.328,3.87841,3.8713,1,1
30.08.2021 00:50:05.468,3.87841,3.8712800000000005,1,1
30.08.2021 00:50:05.519,3.8784,3.87129,1,1
30.08.2021 00:50:21.515,3.88227,3.8713900000000003,1,1
30.08.2021 00:50:22.646,3.8821900000000005,3.87126,1,1
30.08.2021 00:51:22.646,3.882,3.87112,1,1
30.08.2021 00:51:53.190,3.882,3.87111,1,1
30.08.2021 00:51:53.240,3.882,3.87111,1,1
30.08.2021 00:52:03.867,3.88217,3.87129,1,1
30.08.2021 00:52:03.917,3.88216,3.8713,1,1
30.08.2021 00:52:11.762,3.88201,3.87112,1,1
30.08.2021 00:52:12.364,3.88212,3.8712300000000006,1,1
30.08.2021 00:52:23.351,3.8820699999999997,3.8711800000000003,1,1
30.08.2021 00:52:44.021,3.8820699999999997,3.8711800000000003,1,1
30.08.2021 00:53:02.006,3.88197,3.8711,1,1
30.08.2021 00:53:02.093,3.87846,3.87481,1,1
30.08.2021 00:53:02.144,3.87846,3.8745600000000002,1,1
30.08.2021 00:53:02.250,3.87846,3.8743000000000003,1,1
30.08.2021 00:53:02.908,3.8784500000000004,3.87425,1,1
30.08.2021 00:53:04.238,3.8818,3.8742400000000004,1,1
30.08.2021 00:53:05.505,3.87815,3.8742400000000004,1,1
30.08.2021 00:53:14.811,3.87816,3.8742400000000004,1,1
30.08.2021 00:53:34.242,3.8781300000000005,3.8742400000000004,1,1
30.08.2021 00:53:34.748,3.88181,3.8742400000000004,1,1
30.08.2021 00:53:44.299,3.87812,3.8742400000000004,1,1
30.08.2021 00:53:44.803,3.88176,3.87425,1,1
30.08.2021 00:53:53.111,3.88176,3.8742400000000004,1,1
30.08.2021 00:54:05.773,3.87841,3.8741000000000003,1,1
30.08.2021 00:54:06.585,3.8784199999999998,3.8740300000000003,1,1
30.08.2021 00:54:06.781,3.88165,3.8740300000000003,1,1
30.08.2021 00:54:09.199,3.8815900000000005,3.8740300000000003,1,1
30.08.2021 00:54:09.343,3.8781900000000005,3.8738699999999997,1,1
30.08.2021 00:54:09.443,3.8815900000000005,3.8737800000000004,1,1
30.08.2021 00:54:09.847,3.87782,3.8737800000000004,1,1
30.08.2021 00:54:09.897,3.87782,3.8707000000000003,1,1
30.08.2021 00:54:10.037,3.87782,3.87057,1,1
30.08.2021 00:54:10.225,3.87782,3.8736800000000007,1,1
30.08.2021 00:54:21.877,3.88156,3.87385,1,1
30.08.2021 00:54:25.083,3.8815800000000005,3.87386,1,1
30.08.2021 00:54:25.134,3.8815900000000005,3.8707000000000003,1,1
30.08.2021 00:54:25.289,3.8815800000000005,3.87071,1,1
30.08.2021 00:54:25.391,3.87802,3.87071,1,1
30.08.2021 00:54:31.507,3.8780300000000003,3.8707400000000005,1,1
30.08.2021 00:54:31.763,3.8780900000000003,3.8707400000000005,1,1
30.08.2021 00:54:34.366,3.87802,3.8707400000000005,1,1
30.08.2021 00:54:39.170,3.8784500000000004,3.8708199999999997,1,1
30.08.2021 00:54:40.321,3.8780699999999997,3.87077,1,1
30.08.2021 00:54:41.413,3.8780699999999997,3.87075,1,1
30.08.2021 00:54:45.600,3.87805,3.87081,1,1
30.08.2021 00:54:46.146,3.8780699999999997,3.8708,1,1
30.08.2021 00:54:47.250,3.87806,3.87077,1,1
30.08.2021 00:54:47.795,3.8780699999999997,3.87077,1,1
30.08.2021 00:54:48.346,3.87805,3.8707800000000003,1,1
30.08.2021 00:54:48.895,3.8780699999999997,3.87077,1,1
30.08.2021 00:54:49.445,3.87806,3.87077,1,1
30.08.2021 00:54:50.545,3.8780699999999997,3.87077,1,1
30.08.2021 00:54:52.451,3.8780699999999997,3.8741300000000005,1,1
30.08.2021 00:54:52.603,3.8816800000000007,3.87414,1,1
30.08.2021 00:54:53.147,3.8782300000000003,3.8741300000000005,1,1
30.08.2021 00:54:54.376,3.87822,3.8708300000000007,1,1
30.08.2021 00:54:54.427,3.88174,3.8708199999999997,1,1
30.08.2021 00:54:55.127,3.8817300000000006,3.8708300000000007,1,1
30.08.2021 00:54:55.188,3.8783800000000004,3.8708199999999997,1,1
30.08.2021 00:54:55.554,3.8783800000000004,3.87095,1,1
30.08.2021 00:54:57.020,3.8783800000000004,3.87437,1,1
30.08.2021 00:54:57.077,3.882,3.87446,1,1
30.08.2021 00:54:57.887,3.8785000000000003,3.87437,1,1
30.08.2021 00:54:58.919,3.88205,3.8743800000000004,1,1
30.08.2021 00:55:00.091,3.8821000000000003,3.87437,1,1
30.08.2021 00:55:00.192,3.87892,3.87121,1,1
30.08.2021 00:55:00.326,3.87881,3.87121,1,1
30.08.2021 00:55:00.487,3.8821000000000003,3.87121,1,1
30.08.2021 00:55:00.763,3.88211,3.8712400000000002,1,1
30.08.2021 00:55:06.413,3.87881,3.8712300000000006,1,1
30.08.2021 00:55:06.551,3.8821000000000003,3.8712400000000002,1,1
30.08.2021 00:55:06.631,3.88211,3.8712300000000006,1,1
30.08.2021 00:55:06.681,3.88211,3.8712300000000006,1,1
30.08.2021 00:55:07.569,3.8823600000000003,3.87147,1,1
30.08.2021 00:55:07.619,3.8823600000000003,3.87147,1,1
30.08.2021 00:55:09.270,3.88227,3.8713800000000003,1,1
30.08.2021 00:55:19.273,3.88234,3.87147,1,1
30.08.2021 00:55:22.194,3.8823600000000003,3.87147,1,1
30.08.2021 00:55:23.307,3.8822,3.8713400000000004,1,1
30.08.2021 00:55:29.300,3.88214,3.87126,1,1
30.08.2021 00:55:49.767,3.8822,3.8713300000000004,1,1
30.08.2021 00:55:49.817,3.88221,3.87132,1,1
30.08.2021 00:55:50.567,3.88221,3.8713300000000004,1,1
30.08.2021 00:55:53.608,3.88206,3.8712,1,1
30.08.2021 00:55:53.972,3.88206,3.8712,1,1
30.08.2021 00:55:54.022,3.8820699999999997,3.8711900000000004,1,1
30.08.2021 00:56:05.862,3.88201,3.8711300000000004,1,1
30.08.2021 00:56:07.493,3.8820300000000003,3.8711400000000005,1,1
30.08.2021 00:56:16.663,3.88211,3.8712400000000002,1,1
30.08.2021 00:56:16.713,3.88211,3.8712400000000002,1,1
30.08.2021 00:56:16.833,3.88211,3.8712400000000002,1,1
30.08.2021 00:56:18.436,3.88221,3.87132,1,1
30.08.2021 00:56:18.486,3.88221,3.87132,1,1
30.08.2021 00:56:18.640,3.88221,3.87132,1,1
30.08.2021 00:56:50.692,3.8820800000000006,3.8712,1,1
30.08.2021 00:56:50.750,3.8820800000000006,3.8712,1,1
30.08.2021 00:56:52.955,3.88205,3.87116,1,1
30.08.2021 00:57:06.574,3.8820699999999997,3.8711800000000003,1,1
30.08.2021 00:57:06.624,3.88206,3.8711900000000004,1,1
30.08.2021 00:57:21.111,3.88212,3.8712300000000006,1,1
30.08.2021 00:57:21.175,3.88211,3.8712400000000002,1,1
30.08.2021 00:57:23.063,3.88206,3.8712,1,1
30.08.2021 00:57:23.361,3.8820699999999997,3.8711900000000004,1,1
30.08.2021 00:57:52.952,3.8822,3.87132,1,1
30.08.2021 00:57:53.503,3.88197,3.87109,1,1
30.08.2021 00:58:52.948,3.88196,3.87109,1,1
30.08.2021 00:59:04.171,3.8818300000000003,3.8709400000000005,1,1
30.08.2021 00:59:09.498,3.88176,3.87089,1,1
30.08.2021 00:59:09.549,3.88177,3.8708800000000005,1,1
30.08.2021 00:59:38.274,3.88172,3.8708500000000003,1,1
30.08.2021 00:59:38.324,3.8817300000000006,3.8708400000000003,1,1
30.08.2021 01:00:03.802,3.8816,3.8707300000000004,1,1
30.08.2021 01:00:09.525,3.88166,3.8707800000000003,1,1
30.08.2021 01:00:22.492,3.8817500000000003,3.8708800000000005,1,1
30.08.2021 01:00:22.542,3.88176,3.87087,1,1
30.08.2021 01:00:25.534,3.8816900000000003,3.8707400000000005,1,1
30.08.2021 01:00:25.584,3.8816900000000003,3.8707400000000005,1,1
30.08.2021 01:00:53.971,3.8818,3.87091,1,1
30.08.2021 01:00:54.022,3.8818,3.87091,1,1
30.08.2021 01:00:54.470,3.8818,3.87091,1,1
30.08.2021 01:01:00.834,3.8819900000000005,3.8711,1,1
30.08.2021 01:01:22.127,3.8819900000000005,3.87112,1,1
30.08.2021 01:01:22.200,3.8819900000000005,3.87112,1,1
30.08.2021 01:01:39.186,3.8821300000000005,3.8712500000000003,1,1
30.08.2021 01:02:17.894,3.88201,3.8711400000000005,1,1
30.08.2021 01:02:17.944,3.88201,3.8711400000000005,1,1
30.08.2021 01:02:18.989,3.88201,3.87112,1,1
30.08.2021 01:02:22.125,3.8819900000000005,3.8711300000000004,1,1
30.08.2021 01:02:30.069,3.88196,3.87107,1,1
30.08.2021 01:02:30.119,3.88196,3.87107,1,1
30.08.2021 01:02:50.669,3.8818300000000003,3.8709400000000005,1,1
30.08.2021 01:02:54.531,3.88197,3.8709900000000004,1,1
30.08.2021 01:03:13.732,3.8818800000000007,3.87101,1,1
30.08.2021 01:03:17.304,3.8817300000000006,3.87086,1,1
30.08.2021 01:03:26.465,3.88174,3.8708500000000003,1,1
30.08.2021 01:03:26.515,3.8817300000000006,3.87086,1,1
30.08.2021 01:03:29.203,3.88171,3.8708199999999997,1,1
30.08.2021 01:03:32.994,3.8817800000000005,3.87092,1,1
30.08.2021 01:03:33.093,3.8817900000000005,3.87091,1,1
30.08.2021 01:03:33.253,3.8819000000000004,3.871,1,1
30.08.2021 01:03:44.268,3.8820699999999997,3.8711800000000003,1,1
30.08.2021 01:03:48.513,3.882,3.87112,1,1
30.08.2021 01:03:48.614,3.882,3.87112,1,1
30.08.2021 01:03:49.913,3.88205,3.8711699999999998,1,1
30.08.2021 01:03:49.964,3.8820400000000004,3.8711800000000003,1,1
30.08.2021 01:03:50.164,3.88205,3.8711699999999998,1,1
30.08.2021 01:03:50.215,3.88201,3.8711300000000004,1,1
30.08.2021 01:03:57.503,3.88192,3.8710300000000006,1,1
30.08.2021 01:04:02.476,3.88194,3.87107,1,1
30.08.2021 01:04:04.947,3.8820300000000003,3.8711699999999998,1,1
30.08.2021 01:04:10.848,3.88215,3.8712800000000005,1,1
30.08.2021 01:04:11.132,3.88215,3.8712800000000005,1,1
30.08.2021 01:04:11.183,3.88216,3.87127,1,1
30.08.2021 01:04:14.532,3.88217,3.8713,1,1
30.08.2021 01:04:14.698,3.88217,3.8713,1,1
30.08.2021 01:04:49.416,3.88216,3.87127,1,1
30.08.2021 01:04:57.246,3.8821000000000003,3.8712300000000006,1,1
30.08.2021 01:04:57.692,3.8819900000000005,3.8711,1,1
30.08.2021 01:04:57.874,3.8819800000000004,3.87111,1,1
30.08.2021 01:05:00.962,3.88194,3.8710500000000003,1,1
30.08.2021 01:05:06.008,3.8820800000000006,3.8711900000000004,1,1
30.08.2021 01:05:20.175,3.88231,3.8714300000000006,1,1
30.08.2021 01:05:20.226,3.88231,3.8714300000000006,1,1
30.08.2021 01:05:20.790,3.88231,3.8714300000000006,1,1
30.08.2021 01:05:25.903,3.8823600000000003,3.87147,1,1
30.08.2021 01:05:26.225,3.8823600000000003,3.87147,1,1
30.08.2021 01:05:34.700,3.88241,3.87152,1,1
30.08.2021 01:05:35.758,3.88257,3.8716500000000003,1,1
30.08.2021 01:05:35.809,3.8825600000000002,3.87166,1,1
30.08.2021 01:05:40.294,3.8824199999999998,3.87155,1,1
30.08.2021 01:05:58.855,3.8825300000000005,3.87164,1,1
30.08.2021 01:06:01.405,3.8827900000000004,3.8718000000000004,1,1
30.08.2021 01:06:34.802,3.8827300000000005,3.8718300000000005,1,1
30.08.2021 01:06:58.817,3.88251,3.87162,1,1
30.08.2021 01:07:01.407,3.8824400000000003,3.87156,1,1
30.08.2021 01:07:09.242,3.8821900000000005,3.8713,1,1
30.08.2021 01:07:24.579,3.8821800000000004,3.8713100000000003,1,1
30.08.2021 01:07:35.624,3.8821800000000004,3.87129,1,1
30.08.2021 01:07:37.795,3.8819500000000002,3.87109,1,1
30.08.2021 01:07:39.237,3.88201,3.8711400000000005,1,1
30.08.2021 01:07:40.194,3.88201,3.87112,1,1
30.08.2021 01:07:52.089,3.88182,3.8709300000000004,1,1
30.08.2021 01:07:54.243,3.8819000000000004,3.87101,1,1
30.08.2021 01:07:55.261,3.8819000000000004,3.8710199999999997,1,1
30.08.2021 01:08:08.300,3.88177,3.8708300000000007,1,1
30.08.2021 01:08:38.097,3.88176,3.87087,1,1
30.08.2021 01:09:08.285,3.8817300000000006,3.8708400000000003,1,1
30.08.2021 01:09:22.418,3.88171,3.8708500000000003,1,1
30.08.2021 01:09:22.469,3.88171,3.8708500000000003,1,1
30.08.2021 01:09:54.365,3.8817300000000006,3.8708400000000003,1,1
30.08.2021 01:09:54.415,3.88172,3.8708500000000003,1,1
30.08.2021 01:09:54.960,3.88181,3.87092,1,1
30.08.2021 01:09:55.011,3.88181,3.87092,1,1
30.08.2021 01:10:07.534,3.8818,3.8709400000000005,1,1
30.08.2021 01:10:07.584,3.8818,3.8709400000000005,1,1
30.08.2021 01:10:16.441,3.8817800000000005,3.87091,1,1
30.08.2021 01:10:23.342,3.8818400000000004,3.87095,1,1
30.08.2021 01:10:23.393,3.8818400000000004,3.87095,1,1
30.08.2021 01:10:30.253,3.88181,3.8709300000000004,1,1
30.08.2021 01:10:30.303,3.88181,3.8709300000000004,1,1
30.08.2021 01:10:37.156,3.8818,3.8709300000000004,1,1
30.08.2021 01:10:37.206,3.88181,3.87092,1,1
30.08.2021 01:10:38.068,3.8818,3.87092,1,1
30.08.2021 01:11:09.131,3.8816900000000003,3.87075,1,1
30.08.2021 01:11:09.583,3.8816900000000003,3.87075,1,1
30.08.2021 01:11:14.980,3.8817800000000005,3.87091,1,1
30.08.2021 01:11:15.030,3.8817800000000005,3.87091,1,1
30.08.2021 01:11:25.352,3.8816800000000007,3.8707900000000004,1,1
30.08.2021 01:11:47.809,3.88166,3.8708,1,1
30.08.2021 01:11:47.859,3.88166,3.8708,1,1
30.08.2021 01:12:05.087,3.88177,3.8708800000000005,1,1
30.08.2021 01:12:05.254,3.8817500000000003,3.87086,1,1
30.08.2021 01:12:08.279,3.88165,3.87077,1,1
30.08.2021 01:12:13.014,3.88174,3.8708500000000003,1,1
30.08.2021 01:12:13.082,3.88174,3.8708500000000003,1,1
30.08.2021 01:12:13.133,3.88174,3.8708500000000003,1,1
30.08.2021 01:12:13.287,3.88174,3.8708500000000003,1,1
30.08.2021 01:12:13.338,3.88174,3.8708500000000003,1,1
30.08.2021 01:12:16.714,3.8818300000000003,3.8709400000000005,1,1
30.08.2021 01:12:16.765,3.88182,3.87095,1,1
30.08.2021 01:12:41.040,3.8818900000000003,3.8710300000000006,1,1
30.08.2021 01:12:42.263,3.8815500000000003,3.87067,1,1
30.08.2021 01:13:13.893,3.88154,3.8706400000000003,1,1
30.08.2021 01:13:28.900,3.88156,3.8707000000000003,1,1
30.08.2021 01:13:28.950,3.88156,3.8707000000000003,1,1
30.08.2021 01:13:35.102,3.88156,3.8707000000000003,1,1
30.08.2021 01:13:35.152,3.88157,3.87069,1,1
30.08.2021 01:13:35.895,3.88154,3.87066,1,1
30.08.2021 01:13:42.006,3.88154,3.8706500000000004,1,1
30.08.2021 01:13:42.056,3.88154,3.8706500000000004,1,1
30.08.2021 01:14:04.985,3.88152,3.8706500000000004,1,1
30.08.2021 01:14:05.101,3.8815300000000006,3.8706400000000003,1,1
30.08.2021 01:14:15.296,3.88137,3.8704800000000006,1,1
30.08.2021 01:14:15.348,3.88137,3.8704800000000006,1,1
30.08.2021 01:14:18.932,3.88142,3.8705300000000005,1,1
30.08.2021 01:14:18.983,3.88142,3.8705300000000005,1,1
30.08.2021 01:14:25.580,3.8813300000000006,3.87046,1,1
30.08.2021 01:14:25.631,3.8813400000000002,3.8704500000000004,1,1
30.08.2021 01:14:32.001,3.8814300000000004,3.8705400000000005,1,1
30.08.2021 01:14:43.286,3.88151,3.8706400000000003,1,1
30.08.2021 01:14:43.498,3.88152,3.8706300000000007,1,1
30.08.2021 01:14:43.548,3.88151,3.8706400000000003,1,1
30.08.2021 01:14:49.054,3.8816400000000004,3.87077,1,1
30.08.2021 01:14:49.105,3.8816400000000004,3.87077,1,1
30.08.2021 01:14:56.556,3.8816,3.8707300000000004,1,1
30.08.2021 01:14:56.607,3.8816100000000002,3.87072,1,1
30.08.2021 01:15:01.091,3.88156,3.8706800000000006,1,1
30.08.2021 01:15:01.142,3.8815500000000003,3.87069,1,1
30.08.2021 01:15:01.441,3.88156,3.8706800000000006,1,1
30.08.2021 01:15:01.492,3.8815500000000003,3.87069,1,1
30.08.2021 01:15:04.033,3.8816300000000004,3.8707400000000005,1,1
30.08.2021 01:15:04.180,3.8817000000000004,3.87081,1,1
30.08.2021 01:15:04.231,3.8817000000000004,3.87081,1,1
30.08.2021 01:15:27.336,3.8817000000000004,3.87081,1,1
30.08.2021 01:15:28.217,3.8815900000000005,3.8707000000000003,1,1
30.08.2021 01:15:44.452,3.8815900000000005,3.8707000000000003,1,1
30.08.2021 01:15:47.676,3.88157,3.8707000000000003,1,1
30.08.2021 01:15:47.726,3.88157,3.8707000000000003,1,1
30.08.2021 01:16:44.401,3.88165,3.87076,1,1
30.08.2021 01:16:47.680,3.88166,3.8707800000000003,1,1
30.08.2021 01:17:00.493,3.88162,3.8707300000000004,1,1
30.08.2021 01:17:01.183,3.8816100000000002,3.8707300000000004,1,1
30.08.2021 01:17:01.234,3.8816100000000002,3.8707300000000004,1,1
30.08.2021 01:17:31.839,3.8818,3.87091,1,1
30.08.2021 01:17:54.145,3.88174,3.8708500000000003,1,1
30.08.2021 01:17:54.268,3.88174,3.8746199999999997,1,1
30.08.2021 01:17:58.248,3.88176,3.87087,1,1
30.08.2021 01:17:58.419,3.88176,3.87087,1,1
30.08.2021 01:17:58.470,3.88176,3.87087,1,1
30.08.2021 01:18:08.146,3.8815800000000005,3.8707000000000003,1,1
30.08.2021 01:18:12.029,3.8813800000000005,3.87052,1,1
30.08.2021 01:18:12.276,3.8813800000000005,3.87052,1,1
30.08.2021 01:18:12.460,3.8776800000000007,3.87052,1,1
30.08.2021 01:18:12.510,3.8776900000000003,3.87051,1,1
30.08.2021 01:18:12.681,3.88139,3.87051,1,1
30.08.2021 01:18:12.732,3.8776900000000003,3.87051,1,1
30.08.2021 01:18:12.782,3.8776800000000007,3.87052,1,1
30.08.2021 01:18:12.853,3.8813800000000005,3.87052,1,1
30.08.2021 01:18:17.056,3.88146,3.87057,1,1
30.08.2021 01:18:17.106,3.88145,3.8705800000000004,1,1
30.08.2021 01:18:17.156,3.88146,3.87057,1,1
30.08.2021 01:18:42.987,3.88139,3.8705300000000005,1,1
30.08.2021 01:18:47.301,3.8812400000000005,3.87035,1,1
30.08.2021 01:18:58.259,3.8810000000000002,3.8701300000000005,1,1
30.08.2021 01:18:58.309,3.88101,3.87012,1,1
30.08.2021 01:18:58.360,3.88101,3.87012,1,1
30.08.2021 01:18:58.414,3.88101,3.87012,1,1
30.08.2021 01:18:59.563,3.8810400000000005,3.87015,1,1
30.08.2021 01:18:59.614,3.8810300000000004,3.87016,1,1
30.08.2021 01:18:59.757,3.8810400000000005,3.87015,1,1
30.08.2021 01:18:59.807,3.8810400000000005,3.87015,1,1
30.08.2021 01:18:59.926,3.8810400000000005,3.87015,1,1
30.08.2021 01:19:11.468,3.8808800000000003,3.8699900000000005,1,1
30.08.2021 01:19:11.518,3.8808800000000003,3.8699900000000005,1,1
30.08.2021 01:19:22.834,3.8808800000000003,3.8699900000000005,1,1
30.08.2021 01:19:24.498,3.8810000000000002,3.87011,1,1
30.08.2021 01:19:24.705,3.88099,3.87012,1,1
30.08.2021 01:19:46.062,3.8810300000000004,3.87017,1,1
30.08.2021 01:19:57.094,3.88102,3.87015,1,1
30.08.2021 01:19:57.145,3.8810300000000004,3.87014,1,1
30.08.2021 01:19:57.216,3.8810300000000004,3.87014,1,1
30.08.2021 01:19:57.377,3.88102,3.87015,1,1
30.08.2021 01:20:06.472,3.8810300000000004,3.87016,1,1
30.08.2021 01:20:06.522,3.8810300000000004,3.87016,1,1
30.08.2021 01:20:27.335,3.88105,3.87017,1,1
30.08.2021 01:20:27.386,3.8810400000000005,3.8701800000000004,1,1
30.08.2021 01:20:27.464,3.8810400000000005,3.8701800000000004,1,1
30.08.2021 01:20:27.515,3.8810400000000005,3.8701800000000004,1,1
30.08.2021 01:20:29.143,3.8812,3.8703300000000005,1,1
30.08.2021 01:20:34.438,3.8812800000000003,3.8704,1,1
30.08.2021 01:20:34.488,3.8812800000000003,3.8704,1,1
30.08.2021 01:20:41.094,3.8811800000000005,3.8702900000000002,1,1
30.08.2021 01:20:41.144,3.8811800000000005,3.8702900000000002,1,1
30.08.2021 01:20:50.828,3.8812,3.87031,1,1
30.08.2021 01:20:54.354,3.8812,3.87031,1,1
30.08.2021 01:21:05.836,3.88121,3.87032,1,1
30.08.2021 01:21:05.886,3.88121,3.87032,1,1
30.08.2021 01:21:05.944,3.88121,3.87032,1,1
30.08.2021 01:21:05.994,3.88121,3.87032,1,1
30.08.2021 01:21:41.850,3.8814300000000004,3.8705400000000005,1,1
30.08.2021 01:21:41.900,3.8814300000000004,3.8705400000000005,1,1
30.08.2021 01:21:51.032,3.8812800000000003,3.8703900000000004,1,1
30.08.2021 01:21:51.083,3.8812800000000003,3.8703900000000004,1,1
30.08.2021 01:22:05.473,3.8814100000000002,3.87055,1,1
30.08.2021 01:22:05.984,3.8814100000000002,3.87055,1,1
30.08.2021 01:22:14.573,3.8815000000000004,3.87061,1,1
30.08.2021 01:22:14.784,3.8815000000000004,3.87061,1,1
30.08.2021 01:22:14.849,3.8814900000000003,3.8706199999999997,1,1
30.08.2021 01:22:14.899,3.8815000000000004,3.87061,1,1
30.08.2021 01:22:15.000,3.8816,3.87046,1,1
30.08.2021 01:22:15.050,3.8776,3.87047,1,1
30.08.2021 01:22:15.448,3.8816,3.87046,1,1
30.08.2021 01:22:29.229,3.87762,3.8707300000000004,1,1
30.08.2021 01:22:29.459,3.88154,3.8706199999999997,1,1
30.08.2021 01:22:29.884,3.88154,3.8706199999999997,1,1
30.08.2021 01:22:29.961,3.8815300000000006,3.8706300000000007,1,1
30.08.2021 01:22:30.238,3.88154,3.8706199999999997,1,1
30.08.2021 01:22:31.041,3.8812900000000004,3.87034,1,1
30.08.2021 01:22:34.241,3.8812699999999998,3.8703900000000004,1,1
30.08.2021 01:23:01.026,3.8812800000000003,3.8703900000000004,1,1
30.08.2021 01:23:01.076,3.8812699999999998,3.8704,1,1
30.08.2021 01:23:05.381,3.8812800000000003,3.8703900000000004,1,1
30.08.2021 01:23:19.032,3.8811500000000003,3.87026,1,1
30.08.2021 01:23:19.083,3.8811500000000003,3.87026,1,1
30.08.2021 01:23:29.374,3.88121,3.87032,1,1
30.08.2021 01:23:29.425,3.88121,3.87032,1,1
30.08.2021 01:23:43.480,3.8811400000000003,3.87025,1,1
30.08.2021 01:23:43.531,3.8811400000000003,3.87025,1,1
30.08.2021 01:24:16.229,3.8810300000000004,3.87014,1,1
30.08.2021 01:24:29.396,3.88102,3.87014,1,1
30.08.2021 01:24:49.802,3.8809300000000007,3.8700400000000004,1,1
30.08.2021 01:25:29.402,3.8808900000000004,3.87002,1,1
30.08.2021 01:25:43.595,3.8809,3.87002,1,1
30.08.2021 01:26:02.216,3.8809,3.87001,1,1
30.08.2021 01:26:02.266,3.8809,3.87001,1,1
30.08.2021 01:26:45.378,3.8809800000000005,3.87012,1,1
30.08.2021 01:27:08.187,3.88105,3.87016,1,1
30.08.2021 01:27:08.238,3.8810400000000005,3.87017,1,1
30.08.2021 01:27:21.514,3.8810000000000002,3.87011,1,1
30.08.2021 01:27:21.564,3.8810000000000002,3.87011,1,1
30.08.2021 01:27:33.731,3.88105,3.8701900000000005,1,1
30.08.2021 01:27:34.891,3.88097,3.8701000000000003,1,1
30.08.2021 01:27:53.555,3.8809400000000003,3.87005,1,1
30.08.2021 01:27:53.606,3.8809400000000003,3.87005,1,1
30.08.2021 01:27:59.114,3.88105,3.8701800000000004,1,1
30.08.2021 01:27:59.224,3.88105,3.8701800000000004,1,1
30.08.2021 01:27:59.412,3.88106,3.87017,1,1
30.08.2021 01:28:07.452,3.8807300000000007,3.8698699999999997,1,1
30.08.2021 01:29:05.593,3.88081,3.86992,1,1
30.08.2021 01:29:05.644,3.88081,3.86992,1,1
30.08.2021 01:29:07.517,3.88076,3.8698699999999997,1,1
30.08.2021 01:29:47.484,3.8807400000000003,3.86986,1,1
30.08.2021 01:29:55.872,3.8807300000000007,3.8698400000000004,1,1
30.08.2021 01:30:07.571,3.8807800000000006,3.8699000000000003,1,1
30.08.2021 01:30:15.707,3.8807800000000006,3.8698900000000003,1,1
30.08.2021 01:30:30.893,3.88079,3.8699000000000003,1,1
30.08.2021 01:30:55.529,3.8807300000000007,3.86986,1,1
30.08.2021 01:31:07.533,3.8809500000000003,3.8700800000000006,1,1
30.08.2021 01:31:35.405,3.88061,3.86972,1,1
30.08.2021 01:31:35.482,3.88061,3.86972,1,1
30.08.2021 01:32:35.401,3.8809400000000003,3.87006,1,1
30.08.2021 01:32:35.453,3.8809400000000003,3.87006,1,1
30.08.2021 01:33:35.403,3.8809800000000005,3.87011,1,1
30.08.2021 01:33:35.457,3.88099,3.8701000000000003,1,1
30.08.2021 01:34:12.218,3.88105,3.8701800000000004,1,1
30.08.2021 01:34:35.464,3.8809300000000007,3.8700400000000004,1,1
30.08.2021 01:35:12.174,3.8811400000000003,3.87025,1,1
30.08.2021 01:35:23.064,3.8810400000000005,3.8701300000000005,1,1
30.08.2021 01:35:23.114,3.8810300000000004,3.87015,1,1
30.08.2021 01:35:29.820,3.88101,3.87012,1,1
30.08.2021 01:35:35.473,3.88097,3.8700800000000006,1,1
30.08.2021 01:36:08.804,3.88105,3.87016,1,1
30.08.2021 01:36:08.855,3.88105,3.87016,1,1
30.08.2021 01:36:32.545,3.88096,3.8700699999999997,1,1
30.08.2021 01:36:45.392,3.8811199999999997,3.87026,1,1
30.08.2021 01:36:45.511,3.8811300000000006,3.87025,1,1
30.08.2021 01:36:57.531,3.88096,3.8700800000000006,1,1
30.08.2021 01:36:57.722,3.8809500000000003,3.8700900000000003,1,1
30.08.2021 01:37:01.214,3.8810400000000005,3.8737900000000005,1,1
30.08.2021 01:37:02.413,3.88105,3.87016,1,1
30.08.2021 01:37:05.367,3.8810400000000005,3.87017,1,1
30.08.2021 01:37:05.417,3.8810400000000005,3.87017,1,1
30.08.2021 01:37:05.848,3.8810400000000005,3.87017,1,1
30.08.2021 01:37:17.556,3.8810400000000005,3.87015,1,1
30.08.2021 01:37:17.679,3.8810400000000005,3.87015,1,1
30.08.2021 01:37:26.530,3.88107,3.8701800000000004,1,1
30.08.2021 01:37:26.580,3.88107,3.8701800000000004,1,1
30.08.2021 01:38:26.536,3.88097,3.8700800000000006,1,1
30.08.2021 01:38:42.406,3.88099,3.8701000000000003,1,1
30.08.2021 01:38:42.456,3.88096,3.8700699999999997,1,1
30.08.2021 01:39:02.010,3.8809199999999997,3.87005,1,1
30.08.2021 01:39:17.948,3.88102,3.8701000000000003,1,1
30.08.2021 01:39:20.523,3.8811300000000006,3.8702400000000003,1,1
30.08.2021 01:39:26.210,3.88116,3.87027,1,1
30.08.2021 01:39:30.524,3.88116,3.87027,1,1
30.08.2021 01:39:31.322,3.8811300000000006,3.8702400000000003,1,1
30.08.2021 01:39:42.230,3.88154,3.8706800000000006,1,1
30.08.2021 01:40:31.321,3.8814100000000002,3.8705300000000005,1,1
30.08.2021 01:40:42.183,3.8814100000000002,3.8705400000000005,1,1
30.08.2021 01:40:44.138,3.88142,3.8705300000000005,1,1
30.08.2021 01:40:44.189,3.88142,3.8705300000000005,1,1
30.08.2021 01:40:44.734,3.8816900000000003,3.87076,1,1
30.08.2021 01:41:38.671,3.88151,3.8706199999999997,1,1
30.08.2021 01:41:42.183,3.8814699999999998,3.8706,1,1
30.08.2021 01:41:50.837,3.88151,3.8706300000000007,1,1
30.08.2021 01:41:59.246,3.8814699999999998,3.8705800000000004,1,1
30.08.2021 01:42:42.174,3.8813800000000005,3.8705000000000003,1,1
30.08.2021 01:42:59.247,3.8813400000000002,3.8704400000000003,1,1
30.08.2021 01:43:31.313,3.88126,3.8704,1,1
30.08.2021 01:43:38.304,3.8811800000000005,3.8702900000000002,1,1
30.08.2021 01:43:55.193,3.8811300000000006,3.87027,1,1
30.08.2021 01:44:02.151,3.8813500000000003,3.8704300000000003,1,1
30.08.2021 01:44:55.242,3.8814800000000003,3.8705900000000004,1,1
30.08.2021 01:45:02.093,3.8814699999999998,3.87061,1,1
30.08.2021 01:45:55.197,3.88111,3.8702199999999998,1,1
30.08.2021 01:46:01.776,3.88111,3.8702199999999998,1,1
30.08.2021 01:46:01.827,3.88111,3.8702199999999998,1,1
30.08.2021 01:46:06.776,3.88116,3.87027,1,1
30.08.2021 01:46:06.827,3.88116,3.87027,1,1
30.08.2021 01:46:06.882,3.8811500000000003,3.8702800000000006,1,1
30.08.2021 01:46:06.982,3.8811300000000006,3.8701800000000004,1,1
30.08.2021 01:46:21.794,3.88122,3.8703300000000005,1,1
30.08.2021 01:46:21.894,3.88121,3.87034,1,1
30.08.2021 01:46:31.821,3.88097,3.8700900000000003,1,1
30.08.2021 01:46:36.571,3.8810300000000004,3.87014,1,1
30.08.2021 01:46:36.622,3.88102,3.87015,1,1
30.08.2021 01:46:40.567,3.88097,3.8700800000000006,1,1
30.08.2021 01:46:40.617,3.88097,3.8700800000000006,1,1
30.08.2021 01:46:45.440,3.88086,3.87,1,1
30.08.2021 01:46:51.184,3.8777500000000003,3.8732800000000003,1,1
30.08.2021 01:46:55.442,3.88085,3.8699900000000005,1,1
30.08.2021 01:47:01.185,3.8810000000000002,3.87011,1,1
30.08.2021 01:47:52.603,3.8810400000000005,3.87016,1,1
30.08.2021 01:47:58.614,3.88096,3.8699800000000004,1,1
30.08.2021 01:47:59.361,3.88096,3.8699800000000004,1,1
30.08.2021 01:47:59.565,3.88097,3.8700800000000006,1,1
30.08.2021 01:48:08.632,3.8811300000000006,3.87026,1,1
30.08.2021 01:48:14.152,3.8811300000000006,3.87025,1,1
30.08.2021 01:48:14.203,3.8811199999999997,3.87026,1,1
30.08.2021 01:48:41.599,3.8811300000000006,3.87026,1,1
30.08.2021 01:48:41.649,3.8811400000000003,3.87025,1,1
30.08.2021 01:48:42.574,3.8811400000000003,3.87025,1,1
30.08.2021 01:48:42.625,3.8811400000000003,3.87025,1,1
30.08.2021 01:49:04.283,3.8811199999999997,3.87025,1,1
30.08.2021 01:49:04.580,3.8811300000000006,3.8702400000000003,1,1
30.08.2021 01:49:07.591,3.8808900000000004,3.87,1,1
30.08.2021 01:49:08.591,3.8808800000000003,3.87002,1,1
30.08.2021 01:49:13.479,3.88091,3.87002,1,1
30.08.2021 01:49:14.023,3.88091,3.87002,1,1
30.08.2021 01:49:28.500,3.8810800000000003,3.8701900000000005,1,1
30.08.2021 01:49:49.729,3.8811300000000006,3.8702400000000003,1,1
30.08.2021 01:50:28.579,3.88122,3.8703300000000005,1,1
30.08.2021 01:50:39.630,3.88106,3.8702,1,1
30.08.2021 01:50:44.895,3.88111,3.8702400000000003,1,1
30.08.2021 01:50:49.592,3.8811400000000003,3.87025,1,1
30.08.2021 01:50:57.013,3.8812,3.87031,1,1
30.08.2021 01:50:57.063,3.88119,3.87032,1,1
30.08.2021 01:51:39.675,3.88122,3.8703300000000005,1,1
30.08.2021 01:51:39.726,3.88122,3.8703300000000005,1,1
30.08.2021 01:51:53.704,3.8809500000000003,3.8700699999999997,1,1
30.08.2021 01:51:53.754,3.8809500000000003,3.8700699999999997,1,1
30.08.2021 01:52:00.997,3.8809400000000003,3.87006,1,1
30.08.2021 01:52:01.047,3.8809400000000003,3.87006,1,1
30.08.2021 01:52:01.097,3.8809400000000003,3.8700699999999997,1,1
30.08.2021 01:52:01.148,3.8809500000000003,3.87006,1,1
30.08.2021 01:52:01.198,3.8809500000000003,3.87006,1,1
30.08.2021 01:52:01.248,3.8809500000000003,3.87006,1,1
30.08.2021 01:52:01.377,3.8809400000000003,3.8700699999999997,1,1
30.08.2021 01:52:01.428,3.8809400000000003,3.8700699999999997,1,1
30.08.2021 01:52:02.251,3.8809300000000007,3.8700400000000004,1,1
30.08.2021 01:52:10.226,3.88099,3.87012,1,1
30.08.2021 01:52:38.175,3.88106,3.8702,1,1
30.08.2021 01:53:10.258,3.88122,3.8703000000000003,1,1
30.08.2021 01:53:38.129,3.8811500000000003,3.8702800000000006,1,1
30.08.2021 01:53:55.236,3.8811199999999997,3.8702300000000003,1,1
30.08.2021 01:53:55.639,3.8809199999999997,3.8699900000000005,1,1
30.08.2021 01:54:02.147,3.8808900000000004,3.87,1,1
30.08.2021 01:54:02.198,3.8808800000000003,3.87001,1,1
30.08.2021 01:54:09.052,3.8808400000000005,3.8699500000000002,1,1
30.08.2021 01:54:52.588,3.88085,3.86996,1,1
30.08.2021 01:54:52.813,3.88085,3.86996,1,1
30.08.2021 01:54:52.863,3.88085,3.86996,1,1
30.08.2021 01:55:42.356,3.8810300000000004,3.87016,1,1
30.08.2021 01:55:49.804,3.8812,3.8703300000000005,1,1
30.08.2021 01:56:49.805,3.8811800000000005,3.8702900000000002,1,1
30.08.2021 01:57:33.020,3.8811300000000006,3.87027,1,1
30.08.2021 01:57:33.070,3.8811400000000003,3.87026,1,1
30.08.2021 01:57:38.042,3.88102,3.8701300000000005,1,1
30.08.2021 01:57:38.093,3.88101,3.87014,1,1
30.08.2021 01:57:46.586,3.88091,3.87,1,1
30.08.2021 01:57:50.132,3.8809199999999997,3.8700400000000004,1,1
30.08.2021 01:57:50.183,3.8809199999999997,3.8700400000000004,1,1
30.08.2021 01:57:50.781,3.8808800000000003,3.8699900000000005,1,1
30.08.2021 01:58:02.248,3.8808300000000004,3.86994,1,1
30.08.2021 01:58:02.298,3.8808300000000004,3.86994,1,1
30.08.2021 01:58:03.272,3.8808300000000004,3.86994,1,1
30.08.2021 01:58:03.323,3.8808300000000004,3.86994,1,1
30.08.2021 01:58:04.731,3.88082,3.86994,1,1
30.08.2021 01:58:04.791,3.88082,3.86994,1,1
30.08.2021 01:58:09.255,3.88096,3.8700800000000006,1,1
30.08.2021 01:58:09.306,3.88096,3.8700800000000006,1,1
30.08.2021 01:58:13.554,3.87707,3.87006,1,1
30.08.2021 01:58:24.043,3.87707,3.86992,1,1
30.08.2021 01:58:29.882,3.87707,3.8700300000000003,1,1
30.08.2021 01:58:43.166,3.88091,3.8700300000000003,1,1
30.08.2021 01:58:43.217,3.88091,3.8700300000000003,1,1
30.08.2021 01:58:43.513,3.8809,3.8700400000000004,1,1
30.08.2021 01:58:43.563,3.88091,3.8737800000000004,1,1
30.08.2021 01:58:44.520,3.88101,3.87015,1,1
30.08.2021 01:59:16.062,3.88111,3.8702400000000003,1,1
30.08.2021 01:59:16.113,3.88111,3.8702400000000003,1,1
30.08.2021 01:59:33.886,3.88105,3.8701800000000004,1,1
30.08.2021 02:00:03.887,3.8810900000000004,3.87021,1,1
30.08.2021 02:00:09.415,3.87717,3.87021,1,1
30.08.2021 02:00:33.886,3.87717,3.8702300000000003,1,1
30.08.2021 02:00:37.711,3.88101,3.87011,1,1
30.08.2021 02:00:37.762,3.87716,3.87011,1,1
30.08.2021 02:00:37.844,3.88101,3.87011,1,1
30.08.2021 02:00:39.206,3.88099,3.8701000000000003,1,1
30.08.2021 02:00:39.256,3.88099,3.8701000000000003,1,1
30.08.2021 02:00:40.257,3.8809,3.86997,1,1
30.08.2021 02:00:49.630,3.8810400000000005,3.87015,1,1
30.08.2021 02:00:49.767,3.8810300000000004,3.87016,1,1
30.08.2021 02:00:58.583,3.88102,3.87016,1,1
30.08.2021 02:00:58.633,3.8810300000000004,3.87015,1,1
30.08.2021 02:01:58.585,3.8809,3.8700300000000003,1,1
30.08.2021 02:02:01.260,3.8809500000000003,3.87006,1,1
30.08.2021 02:02:03.048,3.88105,3.8701800000000004,1,1
30.08.2021 02:02:14.701,3.8810800000000003,3.8701900000000005,1,1
30.08.2021 02:02:14.751,3.8810800000000003,3.8701900000000005,1,1
30.08.2021 02:02:24.372,3.8811800000000005,3.8702900000000002,1,1
30.08.2021 02:02:24.423,3.8811800000000005,3.8702900000000002,1,1
30.08.2021 02:03:24.365,3.8810900000000004,3.87021,1,1
30.08.2021 02:03:24.466,3.8810800000000003,3.87021,1,1
30.08.2021 02:03:41.186,3.8810900000000004,3.8702199999999998,1,1
30.08.2021 02:03:41.427,3.8811,3.87021,1,1
30.08.2021 02:04:18.318,3.88125,3.8703800000000004,1,1
30.08.2021 02:04:18.368,3.88126,3.87037,1,1
30.08.2021 02:04:22.655,3.88151,3.8706199999999997,1,1
30.08.2021 02:04:31.476,3.8817000000000004,3.8708199999999997,1,1
30.08.2021 02:04:31.718,3.8816900000000003,3.8708300000000007,1,1
30.08.2021 02:04:33.904,3.8817000000000004,3.87081,1,1
30.08.2021 02:05:13.022,3.88166,3.87077,1,1
30.08.2021 02:05:16.025,3.8816300000000004,3.87075,1,1
30.08.2021 02:05:31.586,3.88151,3.8706199999999997,1,1
30.08.2021 02:05:31.637,3.88151,3.8706199999999997,1,1
30.08.2021 02:06:11.247,3.8813500000000003,3.87047,1,1
30.08.2021 02:06:11.298,3.8813400000000002,3.8704800000000006,1,1
30.08.2021 02:06:18.659,3.88136,3.87047,1,1
30.08.2021 02:06:18.709,3.88136,3.87047,1,1
30.08.2021 02:06:31.629,3.8813400000000002,3.8704500000000004,1,1
30.08.2021 02:07:00.418,3.8813,3.8704300000000003,1,1
30.08.2021 02:07:02.473,3.8812800000000003,3.8704,1,1
30.08.2021 02:07:12.746,3.8811800000000005,3.8702900000000002,1,1
30.08.2021 02:07:13.012,3.8810900000000004,3.87016,1,1
30.08.2021 02:07:13.062,3.8810900000000004,3.87016,1,1
30.08.2021 02:07:22.448,3.8809400000000003,3.87006,1,1
30.08.2021 02:07:30.868,3.8808900000000004,3.87001,1,1
30.08.2021 02:07:42.543,3.8809800000000005,3.8700900000000003,1,1
30.08.2021 02:07:50.696,3.88097,3.8700800000000006,1,1
30.08.2021 02:07:51.067,3.8810000000000002,3.87012,1,1
30.08.2021 02:07:51.117,3.8810000000000002,3.87012,1,1
30.08.2021 02:08:49.700,3.8811400000000003,3.87026,1,1
30.08.2021 02:08:50.650,3.8811199999999997,3.87025,1,1
30.08.2021 02:09:10.092,3.8811300000000006,3.87025,1,1
30.08.2021 02:09:11.806,3.8812800000000003,3.8703900000000004,1,1
30.08.2021 02:09:44.121,3.88119,3.87032,1,1
30.08.2021 02:09:44.171,3.8812,3.87031,1,1
30.08.2021 02:09:44.274,3.88111,3.87021,1,1
30.08.2021 02:10:05.855,3.88101,3.87012,1,1
30.08.2021 02:10:09.968,3.8809500000000003,3.8700699999999997,1,1
30.08.2021 02:10:29.023,3.88117,3.8702900000000002,1,1
30.08.2021 02:10:29.074,3.88117,3.8702900000000002,1,1
30.08.2021 02:10:36.239,3.8810900000000004,3.8702,1,1
30.08.2021 02:11:29.040,3.8813,3.8704300000000003,1,1
30.08.2021 02:11:42.844,3.88119,3.87032,1,1
30.08.2021 02:11:48.810,3.88111,3.8702300000000003,1,1
30.08.2021 02:12:01.530,3.8809800000000005,3.8700900000000003,1,1
30.08.2021 02:12:20.079,3.8809800000000005,3.8701000000000003,1,1
30.08.2021 02:12:48.810,3.88105,3.8701800000000004,1,1
30.08.2021 02:13:20.105,3.88116,3.87027,1,1
30.08.2021 02:13:41.703,3.8811500000000003,3.8702800000000006,1,1
30.08.2021 02:14:39.246,3.88101,3.87012,1,1
30.08.2021 02:14:45.801,3.8810000000000002,3.87012,1,1
30.08.2021 02:15:00.597,3.88097,3.8700800000000006,1,1
30.08.2021 02:15:45.799,3.8809300000000007,3.8700400000000004,1,1
30.08.2021 02:16:00.595,3.8809199999999997,3.8700300000000003,1,1
30.08.2021 02:17:00.598,3.8809800000000005,3.8700900000000003,1,1
30.08.2021 02:17:07.140,3.8810400000000005,3.87015,1,1
30.08.2021 02:17:07.191,3.8810400000000005,3.87015,1,1
30.08.2021 02:17:33.231,3.8805,3.8695000000000004,1,1
30.08.2021 02:17:40.329,3.8803199999999998,3.8694400000000004,1,1
30.08.2021 02:17:40.698,3.8803199999999998,3.8694400000000004,1,1
30.08.2021 02:17:46.683,3.88067,3.8697800000000004,1,1
30.08.2021 02:17:46.740,3.88067,3.8697800000000004,1,1
30.08.2021 02:17:56.716,3.8802800000000004,3.8693900000000006,1,1
30.08.2021 02:17:56.766,3.88027,3.8694,1,1
30.08.2021 02:17:57.192,3.8802800000000004,3.8693900000000006,1,1
30.08.2021 02:17:57.243,3.8802800000000004,3.8693900000000006,1,1
30.08.2021 02:18:01.248,3.88027,3.8694,1,1
30.08.2021 02:18:01.527,3.8802800000000004,3.8693900000000006,1,1
30.08.2021 02:18:15.379,3.88027,3.8693800000000005,1,1
30.08.2021 02:18:15.429,3.88027,3.8693800000000005,1,1
30.08.2021 02:18:20.013,3.88016,3.8692699999999998,1,1
30.08.2021 02:18:22.693,3.8802900000000005,3.8694,1,1
30.08.2021 02:18:27.775,3.8802900000000005,3.8694,1,1
30.08.2021 02:19:02.451,3.88022,3.8693300000000006,1,1
30.08.2021 02:19:22.695,3.8803400000000003,3.86945,1,1
30.08.2021 02:20:00.166,3.88025,3.8693900000000006,1,1
30.08.2021 02:20:00.295,3.88026,3.8693800000000005,1,1
30.08.2021 02:20:56.681,3.88061,3.8697500000000002,1,1
30.08.2021 02:21:00.253,3.8804600000000002,3.86957,1,1
30.08.2021 02:21:05.806,3.8803900000000002,3.86951,1,1
30.08.2021 02:21:15.410,3.8805199999999997,3.8696300000000003,1,1
30.08.2021 02:21:18.036,3.8804800000000004,3.8696,1,1
30.08.2021 02:21:32.677,3.88062,3.8697300000000006,1,1
30.08.2021 02:21:36.697,3.88045,3.86956,1,1
30.08.2021 02:21:36.953,3.88044,3.86957,1,1
30.08.2021 02:22:00.637,3.88047,3.8696,1,1
30.08.2021 02:22:00.813,3.88042,3.86952,1,1
30.08.2021 02:22:01.677,3.88042,3.86952,1,1
30.08.2021 02:22:17.215,3.8805,3.86961,1,1
30.08.2021 02:22:17.266,3.8805,3.86961,1,1
30.08.2021 02:22:21.003,3.88037,3.8694800000000007,1,1
30.08.2021 02:22:21.085,3.88037,3.8694800000000007,1,1
30.08.2021 02:23:21.088,3.8805300000000003,3.8696400000000004,1,1
30.08.2021 02:24:21.091,3.8804000000000003,3.86952,1,1
30.08.2021 02:24:53.380,3.88057,3.8696900000000003,1,1
30.08.2021 02:24:53.529,3.88056,3.8697000000000004,1,1
30.08.2021 02:25:11.866,3.88062,3.8697500000000002,1,1
30.08.2021 02:25:11.916,3.8806300000000005,3.86974,1,1
30.08.2021 02:25:12.970,3.88065,3.86976,1,1
30.08.2021 02:25:13.055,3.88065,3.86976,1,1
30.08.2021 02:25:54.723,3.8807500000000004,3.8698800000000007,1,1
30.08.2021 02:25:58.242,3.8807,3.86982,1,1
30.08.2021 02:26:17.204,3.8806400000000005,3.8697500000000002,1,1
30.08.2021 02:26:20.200,3.8808000000000002,3.8699300000000005,1,1
30.08.2021 02:26:46.209,3.8807400000000003,3.8698699999999997,1,1
30.08.2021 02:26:46.319,3.8806300000000005,3.86974,1,1
30.08.2021 02:27:46.204,3.88061,3.86972,1,1
30.08.2021 02:28:02.414,3.88057,3.8697000000000004,1,1
30.08.2021 02:28:33.228,3.88059,3.86972,1,1
30.08.2021 02:28:52.784,3.88065,3.8697300000000006,1,1
30.08.2021 02:29:52.785,3.88056,3.8696699999999997,1,1
30.08.2021 02:30:38.642,3.88067,3.8697800000000004,1,1
30.08.2021 02:30:38.718,3.88067,3.8697800000000004,1,1
30.08.2021 02:30:39.255,3.88059,3.86962,1,1
30.08.2021 02:30:39.617,3.88059,3.86962,1,1
30.08.2021 02:30:57.256,3.8806300000000005,3.86974,1,1
30.08.2021 02:30:57.745,3.88057,3.8696900000000003,1,1
30.08.2021 02:31:09.488,3.88071,3.86982,1,1
30.08.2021 02:31:09.538,3.8807,3.8698300000000003,1,1
30.08.2021 02:31:42.020,3.88062,3.86974,1,1
30.08.2021 02:32:21.056,3.8806300000000005,3.86976,1,1
30.08.2021 02:32:24.672,3.8807,3.86981,1,1
30.08.2021 02:32:32.592,3.88057,3.8696900000000003,1,1
30.08.2021 02:32:49.972,3.88079,3.86992,1,1
30.08.2021 02:32:59.030,3.8807,3.8698300000000003,1,1
30.08.2021 02:33:11.113,3.8809400000000003,3.87005,1,1
30.08.2021 02:33:11.237,3.8809400000000003,3.87005,1,1
30.08.2021 02:33:30.849,3.8808800000000003,3.8699900000000005,1,1
30.08.2021 02:33:30.963,3.8808800000000003,3.8699900000000005,1,1
30.08.2021 02:33:31.287,3.8807,3.86972,1,1
30.08.2021 02:33:58.617,3.88079,3.8699000000000003,1,1
30.08.2021 02:33:59.744,3.8808300000000004,3.86994,1,1
30.08.2021 02:34:58.614,3.8808400000000005,3.8699500000000002,1,1
30.08.2021 02:34:59.744,3.8808400000000005,3.8699500000000002,1,1
30.08.2021 02:35:41.126,3.8807199999999997,3.86985,1,1
30.08.2021 02:35:57.907,3.88079,3.8699000000000003,1,1
30.08.2021 02:36:21.709,3.8806900000000004,3.8698,1,1
30.08.2021 02:36:24.809,3.8805400000000003,3.86966,1,1
30.08.2021 02:37:21.686,3.8804600000000002,3.8695900000000005,1,1
30.08.2021 02:37:24.812,3.8804800000000004,3.86961,1,1
30.08.2021 02:37:38.308,3.8805199999999997,3.86966,1,1
30.08.2021 02:37:48.725,3.88059,3.8696400000000004,1,1
30.08.2021 02:37:50.012,3.88051,3.86962,1,1
30.08.2021 02:37:50.062,3.8805,3.8696300000000003,1,1
30.08.2021 02:38:21.756,3.88065,3.86977,1,1
30.08.2021 02:38:32.861,3.88065,3.8697800000000004,1,1
30.08.2021 02:38:34.371,3.88059,3.86972,1,1
30.08.2021 02:38:35.624,3.8807199999999997,3.86985,1,1
30.08.2021 02:39:34.354,3.8807300000000007,3.8698400000000004,1,1
30.08.2021 02:39:35.624,3.8807300000000007,3.8698400000000004,1,1
30.08.2021 02:39:37.616,3.8807,3.86981,1,1
30.08.2021 02:40:08.192,3.8808900000000004,3.87,1,1
30.08.2021 02:40:09.960,3.88082,3.8699300000000005,1,1
30.08.2021 02:40:35.626,3.8804600000000002,3.8696,1,1
30.08.2021 02:41:10.087,3.8806300000000005,3.8697000000000004,1,1
30.08.2021 02:41:45.445,3.88061,3.8697300000000006,1,1
30.08.2021 02:41:45.496,3.8806000000000003,3.86974,1,1
30.08.2021 02:42:30.733,3.8803800000000006,3.8694900000000003,1,1
30.08.2021 02:42:45.452,3.88037,3.8694800000000007,1,1
30.08.2021 02:42:45.740,3.88037,3.8694800000000007,1,1
30.08.2021 02:42:49.759,3.8802300000000005,3.8693400000000002,1,1
30.08.2021 02:42:53.641,3.8803400000000003,3.8694699999999997,1,1
30.08.2021 02:43:03.298,3.88035,3.8694800000000007,1,1
30.08.2021 02:43:03.354,3.88036,3.8694699999999997,1,1
30.08.2021 02:43:03.445,3.88036,3.8694699999999997,1,1
30.08.2021 02:43:05.548,3.88027,3.8693900000000006,1,1
30.08.2021 02:43:05.813,3.8804000000000003,3.86951,1,1
30.08.2021 02:43:14.475,3.8805400000000003,3.86965,1,1
30.08.2021 02:43:18.181,3.88059,3.8697300000000006,1,1
30.08.2021 02:43:18.771,3.8806000000000003,3.86972,1,1
30.08.2021 02:43:18.822,3.8806000000000003,3.86972,1,1
30.08.2021 02:43:26.060,3.88045,3.8695900000000005,1,1
30.08.2021 02:43:31.243,3.88065,3.8697900000000005,1,1
30.08.2021 02:43:46.081,3.8805800000000006,3.8696900000000003,1,1
30.08.2021 02:43:46.269,3.88057,3.8697000000000004,1,1
30.08.2021 02:43:48.843,3.8807,3.86981,1,1
30.08.2021 02:44:46.082,3.88079,3.86991,1,1
30.08.2021 02:44:52.445,3.8808000000000002,3.86992,1,1
30.08.2021 02:44:52.546,3.8807199999999997,3.8696400000000004,1,1
30.08.2021 02:44:55.707,3.8805199999999997,3.8696300000000003,1,1
30.08.2021 02:45:12.529,3.88047,3.8695800000000005,1,1
30.08.2021 02:45:29.190,3.88062,3.8697300000000006,1,1
30.08.2021 02:45:35.913,3.88059,3.8697000000000004,1,1
30.08.2021 02:45:40.250,3.8806300000000005,3.86976,1,1
30.08.2021 02:46:35.744,3.8806000000000003,3.86971,1,1
30.08.2021 02:46:40.208,3.88056,3.8696699999999997,1,1
30.08.2021 02:47:35.744,3.8805,3.86962,1,1
30.08.2021 02:47:40.198,3.8805199999999997,3.8696300000000003,1,1
30.08.2021 02:47:49.190,3.88067,3.8698,1,1
30.08.2021 02:47:49.248,3.8806800000000004,3.8697900000000005,1,1
30.08.2021 02:48:49.188,3.8806400000000005,3.8697800000000004,1,1
30.08.2021 02:48:49.966,3.88066,3.86977,1,1
30.08.2021 02:49:03.957,3.8806400000000005,3.86977,1,1
30.08.2021 02:49:04.028,3.88065,3.86976,1,1
30.08.2021 02:49:06.302,3.8806800000000004,3.8698,1,1
30.08.2021 02:49:07.234,3.88067,3.8697900000000005,1,1
30.08.2021 02:49:07.284,3.88066,3.8698,1,1
30.08.2021 02:49:31.189,3.8806300000000005,3.8697500000000002,1,1
30.08.2021 02:49:37.197,3.8809,3.8700300000000003,1,1
30.08.2021 02:50:37.198,3.8806300000000005,3.8697500000000002,1,1
30.08.2021 02:50:37.248,3.8806300000000005,3.8697500000000002,1,1
30.08.2021 02:51:37.199,3.8806400000000005,3.86976,1,1
30.08.2021 02:51:37.259,3.8806400000000005,3.86976,1,1
30.08.2021 02:51:43.898,3.8807400000000003,3.87356,1,1
30.08.2021 02:51:44.054,3.8807500000000004,3.8735800000000005,1,1
30.08.2021 02:51:46.048,3.88077,3.87361,1,1
30.08.2021 02:51:47.601,3.88077,3.8736400000000004,1,1
30.08.2021 02:51:50.897,3.88081,3.86992,1,1
30.08.2021 02:51:50.947,3.8808000000000002,3.87362,1,1
30.08.2021 02:51:55.576,3.88082,3.87365,1,1
30.08.2021 02:52:02.618,3.8808300000000004,3.8735900000000005,1,1
30.08.2021 02:52:02.669,3.8808400000000005,3.87361,1,1
30.08.2021 02:52:03.413,3.8808300000000004,3.87365,1,1
30.08.2021 02:52:31.718,3.8808400000000005,3.8699500000000002,1,1
30.08.2021 02:52:31.769,3.8808400000000005,3.8699500000000002,1,1
30.08.2021 02:52:31.834,3.8808300000000004,3.8737500000000002,1,1
30.08.2021 02:52:31.973,3.8808400000000005,3.8737800000000004,1,1
30.08.2021 02:52:35.726,3.8809,3.87372,1,1
30.08.2021 02:52:35.776,3.88087,3.87374,1,1
30.08.2021 02:52:35.915,3.88087,3.8699900000000005,1,1
30.08.2021 02:53:03.739,3.88085,3.8736400000000004,1,1
30.08.2021 02:53:26.506,3.88106,3.8736400000000004,1,1
30.08.2021 02:53:27.326,3.88105,3.8735900000000005,1,1
30.08.2021 02:53:27.376,3.88105,3.87362,1,1
30.08.2021 02:53:31.748,3.88105,3.87362,1,1
30.08.2021 02:53:36.509,3.88107,3.87361,1,1
30.08.2021 02:53:38.375,3.88107,3.8736400000000004,1,1
30.08.2021 02:53:40.306,3.88107,3.8736800000000007,1,1
30.08.2021 02:53:42.454,3.88106,3.87362,1,1
30.08.2021 02:53:42.504,3.88106,3.87365,1,1
30.08.2021 02:53:54.778,3.88106,3.8701800000000004,1,1
30.08.2021 02:53:54.829,3.88106,3.87361,1,1
30.08.2021 02:54:10.479,3.88106,3.8736400000000004,1,1
30.08.2021 02:54:29.760,3.8809500000000003,3.8736800000000007,1,1
30.08.2021 02:54:30.555,3.8809500000000003,3.87362,1,1
30.08.2021 02:54:30.605,3.8809500000000003,3.8736400000000004,1,1
30.08.2021 02:54:36.508,3.8809500000000003,3.8736400000000004,1,1
30.08.2021 02:54:48.859,3.8809500000000003,3.8736800000000007,1,1
30.08.2021 02:54:51.420,3.88096,3.87371,1,1
30.08.2021 02:54:51.563,3.88096,3.8737800000000004,1,1
30.08.2021 02:54:51.775,3.88096,3.87381,1,1
30.08.2021 02:54:52.180,3.8810900000000004,3.87376,1,1
30.08.2021 02:54:52.231,3.8811,3.8737800000000004,1,1
30.08.2021 02:54:59.243,3.8809400000000003,3.8736900000000003,1,1
30.08.2021 02:54:59.393,3.8809500000000003,3.87371,1,1
30.08.2021 02:55:00.074,3.8809400000000003,3.87366,1,1
30.08.2021 02:55:00.124,3.8809500000000003,3.8736800000000007,1,1
30.08.2021 02:55:00.358,3.8809400000000003,3.87371,1,1
30.08.2021 02:55:06.393,3.8811300000000006,3.87374,1,1
30.08.2021 02:55:06.700,3.8811199999999997,3.87382,1,1
30.08.2021 02:55:07.563,3.8811500000000003,3.8738400000000004,1,1
30.08.2021 02:55:07.619,3.8811400000000003,3.8737900000000005,1,1
30.08.2021 02:55:07.669,3.8811500000000003,3.87381,1,1
30.08.2021 02:55:09.590,3.88125,3.8703800000000004,1,1
30.08.2021 02:55:09.640,3.88126,3.8737800000000004,1,1
30.08.2021 02:55:10.135,3.88125,3.87372,1,1
30.08.2021 02:55:10.185,3.88125,3.87374,1,1
30.08.2021 02:55:10.473,3.88125,3.8737800000000004,1,1
30.08.2021 02:55:10.523,3.88125,3.87037,1,1
30.08.2021 02:55:10.594,3.88125,3.87371,1,1
30.08.2021 02:55:12.787,3.8811400000000003,3.87374,1,1
30.08.2021 02:55:17.284,3.8811199999999997,3.8702300000000003,1,1
30.08.2021 02:55:17.334,3.88111,3.87372,1,1
30.08.2021 02:55:19.206,3.8811199999999997,3.87374,1,1
30.08.2021 02:55:19.709,3.8811199999999997,3.8702300000000003,1,1
30.08.2021 02:55:19.760,3.8811199999999997,3.87371,1,1
30.08.2021 02:55:20.938,3.8811199999999997,3.87374,1,1
30.08.2021 02:55:22.074,3.88111,3.8737800000000004,1,1
30.08.2021 02:55:25.904,3.88105,3.87372,1,1
30.08.2021 02:55:25.954,3.88105,3.87374,1,1
30.08.2021 02:55:28.455,3.8810300000000004,3.8737800000000004,1,1
30.08.2021 02:55:29.086,3.8810300000000004,3.87372,1,1
30.08.2021 02:55:29.136,3.8810300000000004,3.87374,1,1
30.08.2021 02:55:30.040,3.88116,3.8737800000000004,1,1
30.08.2021 02:55:36.510,3.88116,3.8737900000000005,1,1
30.08.2021 02:55:44.981,3.88117,3.87382,1,1
30.08.2021 02:55:45.049,3.8811800000000005,3.8737500000000002,1,1
30.08.2021 02:55:45.099,3.88117,3.8737900000000005,1,1
30.08.2021 02:55:46.030,3.8812800000000003,3.87381,1,1
30.08.2021 02:55:47.469,3.8812800000000003,3.8702800000000006,1,1
30.08.2021 02:55:47.520,3.88116,3.8737800000000004,1,1
30.08.2021 02:55:52.674,3.88117,3.87372,1,1
30.08.2021 02:55:52.724,3.88116,3.8737500000000002,1,1
30.08.2021 02:55:55.329,3.88116,3.8702900000000002,1,1
30.08.2021 02:55:55.380,3.88117,3.87371,1,1
30.08.2021 02:55:55.434,3.88117,3.8702800000000006,1,1
30.08.2021 02:55:55.591,3.88117,3.87371,1,1
30.08.2021 02:55:55.642,3.88116,3.8702900000000002,1,1
30.08.2021 02:55:55.826,3.8811,3.8736900000000003,1,1
30.08.2021 02:55:56.032,3.88111,3.87362,1,1
30.08.2021 02:55:56.083,3.8811,3.87365,1,1
30.08.2021 02:55:56.408,3.88111,3.8702300000000003,1,1
30.08.2021 02:55:56.459,3.88111,3.87361,1,1
30.08.2021 02:55:59.375,3.8809800000000005,3.8700900000000003,1,1
30.08.2021 02:55:59.425,3.8809800000000005,3.8700900000000003,1,1
30.08.2021 02:55:59.759,3.88097,3.8735900000000005,1,1
30.08.2021 02:56:00.575,3.88101,3.8701300000000005,1,1
30.08.2021 02:56:03.082,3.8810000000000002,3.87011,1,1
30.08.2021 02:56:03.132,3.88099,3.87346,1,1
30.08.2021 02:56:03.515,3.88099,3.87352,1,1
30.08.2021 02:56:09.925,3.88087,3.87346,1,1
30.08.2021 02:56:16.560,3.8807300000000007,3.8698400000000004,1,1
30.08.2021 02:56:18.338,3.88071,3.8734100000000002,1,1
30.08.2021 02:56:18.388,3.88071,3.8733800000000005,1,1
30.08.2021 02:56:21.759,3.8807800000000006,3.8734100000000002,1,1
30.08.2021 02:56:22.309,3.88079,3.87345,1,1
30.08.2021 02:56:24.067,3.88076,3.8734,1,1
30.08.2021 02:56:24.117,3.88077,3.8734100000000002,1,1
30.08.2021 02:56:27.267,3.8807300000000007,3.87346,1,1
30.08.2021 02:56:31.548,3.8807500000000004,3.8734800000000003,1,1
30.08.2021 02:56:31.608,3.8807400000000003,3.8734300000000004,1,1
30.08.2021 02:56:31.658,3.8807500000000004,3.87345,1,1
30.08.2021 02:56:32.229,3.8807500000000004,3.87339,1,1
30.08.2021 02:56:32.373,3.8807500000000004,3.8734100000000002,1,1
30.08.2021 02:56:36.670,3.8807500000000004,3.87345,1,1
30.08.2021 02:56:38.661,3.8807,3.87339,1,1
30.08.2021 02:56:38.711,3.8806900000000004,3.87342,1,1
30.08.2021 02:56:39.195,3.8806900000000004,3.87346,1,1
30.08.2021 02:56:40.897,3.8806900000000004,3.8734900000000003,1,1
30.08.2021 02:56:40.953,3.8807,3.87342,1,1
30.08.2021 02:56:41.003,3.8806900000000004,3.87346,1,1
30.08.2021 02:56:45.319,3.88076,3.8734800000000003,1,1
30.08.2021 02:56:45.721,3.88076,3.87342,1,1
30.08.2021 02:56:45.772,3.88076,3.87345,1,1
30.08.2021 02:56:46.095,3.88076,3.8734800000000003,1,1
30.08.2021 02:56:46.234,3.88076,3.87342,1,1
30.08.2021 02:56:46.285,3.88076,3.87345,1,1
30.08.2021 02:56:46.926,3.8809,3.8734800000000003,1,1
30.08.2021 02:56:47.488,3.8809,3.87342,1,1
30.08.2021 02:56:47.538,3.8809,3.87345,1,1
30.08.2021 02:56:52.997,3.8809199999999997,3.8734800000000003,1,1
30.08.2021 02:56:53.375,3.8809199999999997,3.8734800000000003,1,1
30.08.2021 02:56:53.487,3.88091,3.87356,1,1
30.08.2021 02:56:53.792,3.88091,3.87362,1,1
30.08.2021 02:56:53.971,3.88091,3.87,1,1
30.08.2021 02:57:03.076,3.8808400000000005,3.8699500000000002,1,1
30.08.2021 02:57:05.593,3.88091,3.8700400000000004,1,1
30.08.2021 02:57:28.067,3.8809,3.87362,1,1
30.08.2021 02:57:30.404,3.8808300000000004,3.86994,1,1
30.08.2021 02:57:31.073,3.8808300000000004,3.87361,1,1
30.08.2021 02:57:31.226,3.8808300000000004,3.86994,1,1
30.08.2021 02:57:32.346,3.8808300000000004,3.87361,1,1
30.08.2021 02:57:35.029,3.8808300000000004,3.86994,1,1
30.08.2021 02:57:35.140,3.88082,3.87362,1,1
30.08.2021 02:57:35.311,3.8808300000000004,3.86994,1,1
30.08.2021 02:57:36.812,3.8808300000000004,3.87361,1,1
30.08.2021 02:57:37.194,3.88082,3.8699500000000002,1,1
30.08.2021 02:57:41.432,3.88082,3.87361,1,1
30.08.2021 02:57:41.633,3.88082,3.86994,1,1
30.08.2021 02:57:43.331,3.88082,3.87362,1,1
30.08.2021 02:57:43.381,3.88082,3.8699500000000002,1,1
30.08.2021 02:57:52.346,3.88082,3.87361,1,1
30.08.2021 02:57:52.956,3.8808300000000004,3.8736400000000004,1,1
30.08.2021 02:57:53.483,3.88082,3.8699500000000002,1,1
30.08.2021 02:57:53.533,3.8808300000000004,3.87361,1,1
30.08.2021 02:57:54.089,3.8808300000000004,3.8736400000000004,1,1
30.08.2021 02:57:55.189,3.88082,3.8699500000000002,1,1
30.08.2021 02:57:55.240,3.88082,3.87362,1,1
30.08.2021 02:57:55.469,3.8808300000000004,3.8736400000000004,1,1
30.08.2021 02:57:56.263,3.8808300000000004,3.8736900000000003,1,1
30.08.2021 02:58:01.564,3.8810800000000003,3.87371,1,1
30.08.2021 02:58:01.669,3.8810800000000003,3.87365,1,1
30.08.2021 02:58:01.719,3.88107,3.8736900000000003,1,1
30.08.2021 02:58:02.743,3.8810000000000002,3.87371,1,1
30.08.2021 02:58:03.507,3.8810400000000005,3.87365,1,1
30.08.2021 02:58:03.558,3.8810300000000004,3.8736900000000003,1,1
30.08.2021 02:58:05.593,3.88096,3.8736800000000007,1,1
30.08.2021 02:58:10.445,3.8809500000000003,3.87362,1,1
30.08.2021 02:58:10.495,3.88082,3.8736400000000004,1,1
30.08.2021 02:58:11.154,3.88081,3.8736900000000003,1,1
30.08.2021 02:58:11.210,3.88082,3.87362,1,1
30.08.2021 02:58:11.261,3.88082,3.8736400000000004,1,1
30.08.2021 02:58:12.075,3.8808900000000004,3.8736900000000003,1,1
30.08.2021 02:58:17.591,3.8809199999999997,3.87371,1,1
30.08.2021 02:58:17.978,3.8809199999999997,3.8737800000000004,1,1
30.08.2021 02:58:18.089,3.88091,3.87005,1,1
30.08.2021 02:58:18.139,3.88091,3.8737500000000002,1,1
30.08.2021 02:58:18.798,3.88091,3.8737900000000005,1,1
30.08.2021 02:58:19.402,3.88106,3.87372,1,1
30.08.2021 02:58:19.452,3.88106,3.87374,1,1
30.08.2021 02:58:20.826,3.88105,3.8737900000000005,1,1
30.08.2021 02:58:28.304,3.8810300000000004,3.87372,1,1
30.08.2021 02:58:28.354,3.8810300000000004,3.87374,1,1
30.08.2021 02:58:29.031,3.8810300000000004,3.8736800000000007,1,1
30.08.2021 02:58:29.081,3.8810300000000004,3.87371,1,1
30.08.2021 02:58:29.199,3.88101,3.87374,1,1
30.08.2021 02:58:36.329,3.8809500000000003,3.8736800000000007,1,1
30.08.2021 02:58:36.380,3.8809500000000003,3.87371,1,1
30.08.2021 02:58:36.499,3.8809500000000003,3.87374,1,1
30.08.2021 02:58:37.968,3.88086,3.8737800000000004,1,1
30.08.2021 02:58:41.104,3.8809400000000003,3.87372,1,1
30.08.2021 02:58:41.154,3.8809300000000007,3.8737500000000002,1,1
30.08.2021 02:58:42.038,3.8809300000000007,3.8737900000000005,1,1
30.08.2021 02:58:45.245,3.88125,3.87382,1,1
30.08.2021 02:58:46.220,3.88122,3.8737900000000005,1,1
30.08.2021 02:58:49.689,3.8811800000000005,3.87372,1,1
30.08.2021 02:58:49.739,3.8811800000000005,3.87374,1,1
30.08.2021 02:58:50.938,3.8811800000000005,3.8737800000000004,1,1
30.08.2021 02:59:05.597,3.88125,3.8737800000000004,1,1
30.08.2021 02:59:06.302,3.8812900000000004,3.87372,1,1
30.08.2021 02:59:06.475,3.8812900000000004,3.87381,1,1
30.08.2021 02:59:07.533,3.8812900000000004,3.8704300000000003,1,1
30.08.2021 02:59:07.583,3.8813,3.8737800000000004,1,1
30.08.2021 02:59:08.134,3.8813,3.87381,1,1
30.08.2021 02:59:08.782,3.8814300000000004,3.8737500000000002,1,1
30.08.2021 02:59:08.832,3.8814300000000004,3.8737800000000004,1,1
30.08.2021 02:59:09.971,3.8812699999999998,3.87382,1,1
30.08.2021 02:59:11.660,3.8813500000000003,3.8737500000000002,1,1
30.08.2021 02:59:11.711,3.8813500000000003,3.8737800000000004,1,1
30.08.2021 02:59:15.943,3.8812900000000004,3.87381,1,1
30.08.2021 02:59:19.374,3.8812800000000003,3.8737500000000002,1,1
30.08.2021 02:59:19.424,3.8812800000000003,3.8737800000000004,1,1
30.08.2021 02:59:23.622,3.8813,3.87382,1,1
30.08.2021 02:59:23.779,3.88131,3.8738400000000004,1,1
30.08.2021 02:59:23.909,3.8813,3.8738800000000007,1,1
30.08.2021 02:59:24.768,3.88136,3.87381,1,1
30.08.2021 02:59:24.819,3.88136,3.8738400000000004,1,1
30.08.2021 02:59:27.960,3.88122,3.8737800000000004,1,1
30.08.2021 02:59:28.010,3.88122,3.87381,1,1
30.08.2021 02:59:30.625,3.8811199999999997,3.8737500000000002,1,1
30.08.2021 02:59:30.675,3.8811199999999997,3.8737800000000004,1,1
30.08.2021 02:59:31.591,3.8811199999999997,3.87381,1,1
30.08.2021 02:59:31.642,3.88111,3.8737900000000005,1,1
30.08.2021 02:59:32.193,3.8811199999999997,3.87381,1,1
30.08.2021 02:59:34.666,3.8811,3.8737500000000002,1,1
30.08.2021 02:59:34.717,3.8811,3.8737800000000004,1,1
30.08.2021 02:59:35.267,3.88107,3.87381,1,1
30.08.2021 02:59:35.664,3.88107,3.8738400000000004,1,1
30.08.2021 02:59:38.107,3.8811400000000003,3.8737800000000004,1,1
30.08.2021 02:59:38.158,3.8811400000000003,3.87381,1,1
30.08.2021 02:59:38.398,3.8811400000000003,3.8738400000000004,1,1
30.08.2021 02:59:38.468,3.8811400000000003,3.8737800000000004,1,1
30.08.2021 02:59:38.518,3.8811400000000003,3.87381,1,1
30.08.2021 02:59:43.375,3.8811,3.87376,1,1
30.08.2021 02:59:43.425,3.8811,3.8737900000000005,1,1
30.08.2021 02:59:45.485,3.88106,3.87372,1,1
30.08.2021 02:59:45.536,3.88106,3.87374,1,1
30.08.2021 02:59:46.030,3.88106,3.8737800000000004,1,1
30.08.2021 02:59:46.337,3.88107,3.87382,1,1
30.08.2021 02:59:50.159,3.8811,3.8737500000000002,1,1
30.08.2021 02:59:50.209,3.8810900000000004,3.8737900000000005,1,1
30.08.2021 02:59:50.317,3.8811,3.8738400000000004,1,1
30.08.2021 02:59:50.496,3.8810900000000004,3.87385,1,1
30.08.2021 02:59:50.578,3.8811,3.8738699999999997,1,1
30.08.2021 02:59:50.838,3.8810900000000004,3.8739500000000002,1,1
30.08.2021 02:59:50.962,3.8810900000000004,3.8702199999999998,1,1
30.08.2021 02:59:51.012,3.8811,3.87391,1,1
30.08.2021 02:59:57.661,3.8812800000000003,3.8739500000000002,1,1
30.08.2021 02:59:58.232,3.8812800000000003,3.8739800000000004,1,1
30.08.2021 02:59:58.786,3.88131,3.8704199999999997,1,1
30.08.2021 02:59:58.837,3.8813,3.8739500000000002,1,1
30.08.2021 03:00:04.737,3.88131,3.87405,1,1
30.08.2021 03:00:04.892,3.88132,3.8740699999999997,1,1
30.08.2021 03:00:07.253,3.88136,3.8740800000000006,1,1
30.08.2021 03:00:07.304,3.88137,3.8741000000000003,1,1
30.08.2021 03:00:07.836,3.8816400000000004,3.87414,1,1
30.08.2021 03:00:09.559,3.88145,3.87421,1,1
30.08.2021 03:00:10.128,3.8815500000000003,3.8742400000000004,1,1
30.08.2021 03:00:10.560,3.88156,3.87427,1,1
30.08.2021 03:00:10.611,3.88156,3.8742300000000003,1,1
30.08.2021 03:00:11.207,3.88156,3.87427,1,1
30.08.2021 03:00:12.109,3.8815500000000003,3.8706800000000006,1,1
30.08.2021 03:00:12.159,3.8815500000000003,3.8742400000000004,1,1
30.08.2021 03:00:13.341,3.8815500000000003,3.8742800000000006,1,1
30.08.2021 03:00:14.830,3.8815900000000005,3.87421,1,1
30.08.2021 03:00:14.881,3.8815900000000005,3.8742300000000003,1,1
30.08.2021 03:00:15.237,3.8815800000000005,3.8741800000000004,1,1
30.08.2021 03:00:15.287,3.8815800000000005,3.87421,1,1
30.08.2021 03:00:19.037,3.88162,3.8742300000000003,1,1
30.08.2021 03:00:20.106,3.8815500000000003,3.87427,1,1
30.08.2021 03:00:21.668,3.8814900000000003,3.87427,1,1
30.08.2021 03:00:21.768,3.8814900000000003,3.8743000000000003,1,1
30.08.2021 03:00:22.113,3.8814900000000003,3.8706,1,1
30.08.2021 03:00:22.163,3.8814900000000003,3.8743000000000003,1,1
30.08.2021 03:00:28.962,3.88151,3.87437,1,1
30.08.2021 03:00:29.710,3.88191,3.87441,1,1
30.08.2021 03:00:31.074,3.8818300000000003,3.8744400000000003,1,1
30.08.2021 03:00:31.505,3.8818300000000003,3.87447,1,1
30.08.2021 03:00:31.931,3.8818800000000007,3.8744,1,1
30.08.2021 03:00:31.981,3.8818699999999997,3.8744400000000003,1,1
30.08.2021 03:00:32.302,3.8818699999999997,3.871,1,1
30.08.2021 03:00:32.352,3.8818800000000007,3.8744,1,1
30.08.2021 03:00:32.972,3.88185,3.8744300000000003,1,1
30.08.2021 03:00:35.627,3.8818699999999997,3.87446,1,1
30.08.2021 03:00:35.677,3.8818699999999997,3.8744300000000003,1,1
30.08.2021 03:00:36.483,3.8818400000000004,3.87447,1,1
30.08.2021 03:00:40.752,3.8817800000000005,3.87447,1,1
30.08.2021 03:00:40.864,3.8817900000000005,3.8745600000000002,1,1
30.08.2021 03:00:41.070,3.8817900000000005,3.8746,1,1
30.08.2021 03:00:41.355,3.8817900000000005,3.8746,1,1
30.08.2021 03:00:41.483,3.88192,3.8746300000000007,1,1
30.08.2021 03:00:41.837,3.88192,3.87457,1,1
30.08.2021 03:00:41.887,3.88192,3.8746,1,1
30.08.2021 03:00:43.962,3.8819300000000005,3.8745400000000005,1,1
30.08.2021 03:00:44.063,3.8819300000000005,3.8745000000000003,1,1
30.08.2021 03:00:44.250,3.88192,3.8745400000000005,1,1
30.08.2021 03:00:44.468,3.88186,3.8745600000000002,1,1
30.08.2021 03:00:46.995,3.88185,3.8746,1,1
30.08.2021 03:00:47.177,3.88185,3.87466,1,1
30.08.2021 03:00:47.329,3.8818400000000004,3.8747000000000003,1,1
30.08.2021 03:00:47.473,3.88196,3.8747300000000005,1,1
30.08.2021 03:00:48.847,3.88211,3.87467,1,1
30.08.2021 03:00:48.897,3.88211,3.87469,1,1
30.08.2021 03:00:49.484,3.88211,3.8747300000000005,1,1
30.08.2021 03:00:51.186,3.88214,3.87467,1,1
30.08.2021 03:00:51.237,3.88214,3.8746,1,1
30.08.2021 03:00:51.301,3.88214,3.8746300000000007,1,1
30.08.2021 03:00:51.353,3.88214,3.87457,1,1
30.08.2021 03:00:51.403,3.8821300000000005,3.87461,1,1
30.08.2021 03:00:53.552,3.88205,3.8747000000000003,1,1
30.08.2021 03:00:54.447,3.88215,3.8747300000000005,1,1
30.08.2021 03:00:58.053,3.8820900000000003,3.8747300000000005,1,1
30.08.2021 03:00:58.161,3.8820900000000003,3.8748,1,1
30.08.2021 03:00:58.267,3.8820900000000003,3.87489,1,1
30.08.2021 03:00:58.479,3.8820800000000006,3.87497,1,1
30.08.2021 03:00:59.754,3.8824400000000003,3.8749000000000002,1,1
30.08.2021 03:00:59.804,3.8824400000000003,3.87492,1,1
30.08.2021 03:00:59.906,3.8824300000000003,3.87497,1,1
30.08.2021 03:01:00.662,3.8822900000000002,3.87491,1,1
30.08.2021 03:01:00.713,3.8823000000000003,3.87486,1,1
30.08.2021 03:01:00.935,3.8823000000000003,3.87141,1,1
30.08.2021 03:01:00.990,3.8822900000000002,3.8748400000000003,1,1
30.08.2021 03:01:01.080,3.8823000000000003,3.87477,1,1
30.08.2021 03:01:01.130,3.8823000000000003,3.8747900000000004,1,1
30.08.2021 03:01:01.211,3.8823000000000003,3.87141,1,1
30.08.2021 03:01:01.261,3.8823000000000003,3.87476,1,1
30.08.2021 03:01:02.837,3.88214,3.8712500000000003,1,1
30.08.2021 03:01:04.375,3.8821900000000005,3.87132,1,1
30.08.2021 03:01:04.425,3.8822,3.87466,1,1
30.08.2021 03:01:05.713,3.88205,3.87461,1,1
30.08.2021 03:01:05.763,3.88206,3.8746300000000007,1,1
30.08.2021 03:01:05.843,3.88206,3.87457,1,1
30.08.2021 03:01:08.481,3.8818800000000007,3.8746,1,1
30.08.2021 03:01:08.644,3.8818800000000007,3.8746300000000007,1,1
30.08.2021 03:01:09.528,3.8819900000000005,3.87466,1,1
30.08.2021 03:01:10.525,3.8820900000000003,3.8747000000000003,1,1
30.08.2021 03:01:11.391,3.8820900000000003,3.8747400000000005,1,1
30.08.2021 03:01:11.749,3.88216,3.87467,1,1
30.08.2021 03:01:11.800,3.88215,3.8712800000000005,1,1
30.08.2021 03:01:47.224,3.8819500000000002,3.87106,1,1
30.08.2021 03:01:47.275,3.8819500000000002,3.87106,1,1
30.08.2021 03:02:01.515,3.8818800000000007,3.8709400000000005,1,1
30.08.2021 03:02:11.227,3.8818900000000003,3.8710199999999997,1,1
30.08.2021 03:02:26.177,3.8818,3.8709300000000004,1,1
30.08.2021 03:02:31.186,3.8818699999999997,3.8709800000000003,1,1
30.08.2021 03:02:36.907,3.88186,3.87097,1,1
30.08.2021 03:02:36.957,3.88185,3.8709800000000003,1,1
30.08.2021 03:03:20.244,3.8822900000000002,3.87141,1,1
30.08.2021 03:03:21.808,3.88217,3.8712800000000005,1,1
30.08.2021 03:03:43.981,3.8818699999999997,3.8709900000000004,1,1
30.08.2021 03:03:44.083,3.88186,3.871,1,1
30.08.2021 03:04:10.664,3.88176,3.87449,1,1
30.08.2021 03:04:15.912,3.8819000000000004,3.8710300000000006,1,1
30.08.2021 03:04:21.912,3.8818900000000003,3.871,1,1
30.08.2021 03:04:22.512,3.8818800000000007,3.8746300000000007,1,1
30.08.2021 03:04:25.272,3.8818400000000004,3.87469,1,1
30.08.2021 03:04:37.057,3.87806,3.87469,1,1
30.08.2021 03:04:42.409,3.87806,3.87489,1,1
30.08.2021 03:04:45.730,3.87826,3.8748800000000005,1,1
30.08.2021 03:05:00.574,3.88196,3.8748800000000005,1,1
30.08.2021 03:05:04.322,3.88192,3.87487,1,1
30.08.2021 03:05:08.735,3.87811,3.8747300000000005,1,1
30.08.2021 03:05:51.361,3.88174,3.8708500000000003,1,1
30.08.2021 03:06:00.575,3.8816900000000003,3.8744800000000006,1,1
30.08.2021 03:06:02.922,3.8816800000000007,3.8744300000000003,1,1
30.08.2021 03:07:17.693,3.8816900000000003,3.8745800000000004,1,1
30.08.2021 03:08:00.580,3.88176,3.8745800000000004,1,1
30.08.2021 03:08:01.785,3.87791,3.8744,1,1
30.08.2021 03:08:01.835,3.87792,3.8744800000000006,1,1
30.08.2021 03:08:06.948,3.87785,3.87449,1,1
30.08.2021 03:08:31.318,3.8776699999999997,3.8744800000000006,1,1
30.08.2021 03:08:36.309,3.8776699999999997,3.8742800000000006,1,1
30.08.2021 03:09:01.546,3.8776699999999997,3.8743800000000004,1,1
30.08.2021 03:09:10.997,3.8776699999999997,3.8744800000000006,1,1
30.08.2021 03:10:16.432,3.8776699999999997,3.8743800000000004,1,1
30.08.2021 03:10:27.207,3.87766,3.8742900000000002,1,1
30.08.2021 03:10:50.927,3.87752,3.8742900000000002,1,1
30.08.2021 03:10:51.099,3.8775300000000006,3.8741800000000004,1,1
30.08.2021 03:10:51.638,3.87752,3.87412,1,1
30.08.2021 03:11:00.380,3.8773300000000006,3.8740900000000003,1,1
30.08.2021 03:11:12.435,3.8775000000000004,3.8740900000000003,1,1
30.08.2021 03:11:24.320,3.87751,3.8738800000000007,1,1
30.08.2021 03:11:24.371,3.8776,3.8738800000000007,1,1
30.08.2021 03:11:24.472,3.88122,3.8737800000000004,1,1
30.08.2021 03:11:49.883,3.88107,3.8701800000000004,1,1
30.08.2021 03:12:20.408,3.88105,3.87017,1,1
30.08.2021 03:12:21.570,3.8811400000000003,3.87027,1,1
30.08.2021 03:13:20.483,3.88121,3.87032,1,1
30.08.2021 03:14:20.402,3.8811300000000006,3.8702400000000003,1,1
30.08.2021 03:14:20.460,3.8811300000000006,3.8702400000000003,1,1
30.08.2021 03:15:09.270,3.8811500000000003,3.8738300000000003,1,1
30.08.2021 03:15:13.453,3.88117,3.87386,1,1
30.08.2021 03:15:20.404,3.8810900000000004,3.87386,1,1
30.08.2021 03:15:26.296,3.8810800000000003,3.8738900000000003,1,1
30.08.2021 03:15:26.407,3.8810800000000003,3.8738300000000003,1,1
30.08.2021 03:15:26.458,3.88107,3.8738699999999997,1,1
30.08.2021 03:15:38.703,3.8810800000000003,3.8738900000000003,1,1
30.08.2021 03:15:38.754,3.8810800000000003,3.87386,1,1
30.08.2021 03:15:39.975,3.8810800000000003,3.8738900000000003,1,1
30.08.2021 03:15:43.159,3.8810900000000004,3.8739300000000005,1,1
30.08.2021 03:15:43.210,3.8810900000000004,3.87386,1,1
30.08.2021 03:15:49.055,3.8810900000000004,3.8738900000000003,1,1
30.08.2021 03:15:57.835,3.8810800000000003,3.8738400000000004,1,1
30.08.2021 03:15:57.885,3.8810900000000004,3.87386,1,1
30.08.2021 03:15:59.368,3.88107,3.8739000000000003,1,1
30.08.2021 03:16:03.220,3.8810800000000003,3.8738400000000004,1,1
30.08.2021 03:16:03.271,3.8810800000000003,3.8738699999999997,1,1
30.08.2021 03:16:03.919,3.8810800000000003,3.8739000000000003,1,1
30.08.2021 03:16:04.698,3.8810800000000003,3.8738400000000004,1,1
30.08.2021 03:16:04.749,3.8810800000000003,3.8738699999999997,1,1
30.08.2021 03:16:12.244,3.8810900000000004,3.8738900000000003,1,1
30.08.2021 03:16:12.984,3.8810800000000003,3.8738300000000003,1,1
30.08.2021 03:16:13.035,3.88107,3.8738699999999997,1,1
30.08.2021 03:16:20.404,3.8810900000000004,3.87386,1,1
30.08.2021 03:17:31.459,3.8811300000000006,3.8738,1,1
30.08.2021 03:17:31.510,3.8811300000000006,3.8738300000000003,1,1
30.08.2021 03:17:42.179,3.8811199999999997,3.87386,1,1
30.08.2021 03:17:43.198,3.8811199999999997,3.8738,1,1
30.08.2021 03:17:43.249,3.8811199999999997,3.8738300000000003,1,1
30.08.2021 03:17:50.299,3.8811400000000003,3.8738900000000003,1,1
30.08.2021 03:17:55.254,3.8812400000000005,3.8738400000000004,1,1
30.08.2021 03:17:55.304,3.88125,3.87386,1,1
30.08.2021 03:17:55.771,3.8812400000000005,3.8739000000000003,1,1
30.08.2021 03:17:55.822,3.88125,3.87386,1,1
30.08.2021 03:17:57.392,3.8812400000000005,3.87035,1,1
30.08.2021 03:17:57.442,3.8812300000000004,3.8738400000000004,1,1
30.08.2021 03:18:12.710,3.88117,3.8703000000000003,1,1
30.08.2021 03:18:20.504,3.8811800000000005,3.8702900000000002,1,1
30.08.2021 03:18:45.057,3.88105,3.8701900000000005,1,1
30.08.2021 03:18:45.124,3.88105,3.8701900000000005,1,1
30.08.2021 03:18:45.436,3.88105,3.8737300000000006,1,1
30.08.2021 03:18:47.036,3.88101,3.87012,1,1
30.08.2021 03:19:20.411,3.8810800000000003,3.8736800000000007,1,1
30.08.2021 03:19:27.258,3.8809500000000003,3.8700800000000006,1,1
30.08.2021 03:20:20.413,3.8810400000000005,3.87015,1,1
30.08.2021 03:20:25.707,3.8809500000000003,3.87006,1,1
30.08.2021 03:20:26.707,3.8809500000000003,3.87006,1,1
30.08.2021 03:21:26.709,3.8809500000000003,3.8700699999999997,1,1
30.08.2021 03:21:27.921,3.8809500000000003,3.87006,1,1
30.08.2021 03:21:35.172,3.8810300000000004,3.8737800000000004,1,1
30.08.2021 03:21:35.659,3.88102,3.87382,1,1
30.08.2021 03:21:35.794,3.8810300000000004,3.8738400000000004,1,1
30.08.2021 03:21:35.845,3.8810300000000004,3.87381,1,1
30.08.2021 03:21:36.145,3.88102,3.87385,1,1
30.08.2021 03:21:37.221,3.8810300000000004,3.87397,1,1
30.08.2021 03:22:21.120,3.8812,3.87402,1,1
30.08.2021 03:22:21.832,3.88121,3.87401,1,1
30.08.2021 03:22:21.959,3.88121,3.87032,1,1
30.08.2021 03:22:22.010,3.8812,3.8739800000000004,1,1
30.08.2021 03:22:26.670,3.88121,3.87034,1,1
30.08.2021 03:22:27.718,3.88119,3.8739500000000002,1,1
30.08.2021 03:22:28.263,3.8812,3.87031,1,1
30.08.2021 03:22:30.325,3.8812,3.87394,1,1
30.08.2021 03:22:33.715,3.88122,3.87397,1,1
30.08.2021 03:22:33.765,3.88122,3.87394,1,1
30.08.2021 03:22:44.115,3.8812,3.87032,1,1
30.08.2021 03:22:50.428,3.8811199999999997,3.8702300000000003,1,1
30.08.2021 03:23:01.495,3.8811199999999997,3.87391,1,1
30.08.2021 03:23:01.924,3.8811199999999997,3.87394,1,1
30.08.2021 03:23:09.473,3.8811500000000003,3.8738800000000007,1,1
30.08.2021 03:23:21.832,3.88111,3.8738800000000007,1,1
30.08.2021 03:23:29.151,3.88111,3.87381,1,1
30.08.2021 03:23:29.201,3.88111,3.8738400000000004,1,1
30.08.2021 03:23:29.443,3.8811300000000006,3.8738699999999997,1,1
30.08.2021 03:23:40.366,3.8811300000000006,3.87391,1,1
30.08.2021 03:23:40.518,3.8811199999999997,3.8739500000000002,1,1
30.08.2021 03:23:40.729,3.8811300000000006,3.87397,1,1
30.08.2021 03:24:03.223,3.88117,3.8739800000000004,1,1
30.08.2021 03:24:03.273,3.88117,3.87405,1,1
30.08.2021 03:24:03.391,3.8811800000000005,3.8702900000000002,1,1
30.08.2021 03:24:10.180,3.88125,3.8739500000000002,1,1
30.08.2021 03:24:15.136,3.8812400000000005,3.8739900000000005,1,1
30.08.2021 03:24:43.112,3.8812300000000004,3.8739500000000002,1,1
30.08.2021 03:25:03.222,3.88117,3.87396,1,1
30.08.2021 03:26:03.224,3.88117,3.8739500000000002,1,1
30.08.2021 03:26:21.408,3.88117,3.87396,1,1
30.08.2021 03:26:21.459,3.88117,3.8703000000000003,1,1
30.08.2021 03:26:32.866,3.8811300000000006,3.8702400000000003,1,1
30.08.2021 03:26:32.916,3.8811199999999997,3.8737300000000006,1,1
30.08.2021 03:26:53.993,3.88085,3.87356,1,1
30.08.2021 03:26:55.148,3.8775800000000005,3.87356,1,1
30.08.2021 03:26:55.829,3.87762,3.87356,1,1
30.08.2021 03:26:58.221,3.88097,3.87356,1,1
30.08.2021 03:27:05.152,3.8809400000000003,3.87005,1,1
30.08.2021 03:27:20.658,3.8809400000000003,3.8737300000000006,1,1
30.08.2021 03:27:56.947,3.88101,3.87386,1,1
30.08.2021 03:28:05.150,3.88097,3.87386,1,1
30.08.2021 03:28:09.613,3.8810000000000002,3.87386,1,1
30.08.2021 03:28:19.610,3.88097,3.87386,1,1
30.08.2021 03:29:07.065,3.88099,3.8701000000000003,1,1
30.08.2021 03:29:07.119,3.88099,3.87386,1,1
30.08.2021 03:29:07.680,3.88099,3.87394,1,1
30.08.2021 03:29:07.730,3.88099,3.87394,1,1
30.08.2021 03:29:07.835,3.88099,3.8701000000000003,1,1
30.08.2021 03:29:08.054,3.8812400000000005,3.87411,1,1
30.08.2021 03:29:43.435,3.88145,3.87415,1,1
30.08.2021 03:29:43.485,3.88145,3.87415,1,1
30.08.2021 03:30:29.667,3.8814900000000003,3.8706,1,1
30.08.2021 03:30:43.398,3.88157,3.8706800000000006,1,1
30.08.2021 03:30:43.448,3.8814800000000003,3.87051,1,1
30.08.2021 03:30:51.301,3.8813,3.8704400000000003,1,1
30.08.2021 03:30:51.411,3.88131,3.8704300000000003,1,1
30.08.2021 03:30:51.799,3.8813,3.8704400000000003,1,1
30.08.2021 03:31:47.812,3.88157,3.87071,1,1
30.08.2021 03:31:51.422,3.88162,3.87075,1,1
30.08.2021 03:32:14.107,3.88145,3.87057,1,1
30.08.2021 03:32:14.157,3.88145,3.87057,1,1
30.08.2021 03:32:21.222,3.8775800000000005,3.8703600000000002,1,1
30.08.2021 03:32:56.296,3.88125,3.87037,1,1
30.08.2021 03:32:56.397,3.8811300000000006,3.8700699999999997,1,1
30.08.2021 03:32:56.459,3.8811400000000003,3.87006,1,1
30.08.2021 03:32:56.510,3.8811300000000006,3.8700699999999997,1,1
30.08.2021 03:32:56.630,3.87719,3.87006,1,1
30.08.2021 03:33:00.444,3.88086,3.86997,1,1
30.08.2021 03:33:00.677,3.88085,3.8699800000000004,1,1
30.08.2021 03:33:24.780,3.88087,3.87,1,1
30.08.2021 03:33:56.175,3.88096,3.8700699999999997,1,1
30.08.2021 03:34:24.779,3.8810400000000005,3.87015,1,1
30.08.2021 03:34:56.073,3.88101,3.87012,1,1
30.08.2021 03:35:24.782,3.88102,3.8701300000000005,1,1
30.08.2021 03:36:11.575,3.8811,3.8702300000000003,1,1
30.08.2021 03:36:11.625,3.88111,3.8702199999999998,1,1
30.08.2021 03:36:11.819,3.88121,3.87031,1,1
30.08.2021 03:36:20.687,3.88119,3.8703300000000005,1,1
30.08.2021 03:37:11.579,3.88125,3.8703600000000002,1,1
30.08.2021 03:37:11.782,3.8812400000000005,3.87037,1,1
30.08.2021 03:37:30.606,3.8811800000000005,3.8702900000000002,1,1
30.08.2021 03:38:11.745,3.8814400000000004,3.87057,1,1
30.08.2021 03:38:30.606,3.88157,3.8707000000000003,1,1
30.08.2021 03:39:30.608,3.8814400000000004,3.8705800000000004,1,1
30.08.2021 03:40:11.774,3.88156,3.87069,1,1
30.08.2021 03:40:30.609,3.88165,3.8707900000000004,1,1
30.08.2021 03:41:11.751,3.8816100000000002,3.87072,1,1
30.08.2021 03:41:30.611,3.88151,3.8706199999999997,1,1
30.08.2021 03:41:55.616,3.8814699999999998,3.8742400000000004,1,1
30.08.2021 03:41:55.782,3.8814800000000003,3.87426,1,1
30.08.2021 03:41:55.868,3.8814699999999998,3.8706,1,1
30.08.2021 03:41:55.918,3.8814800000000003,3.8742300000000003,1,1
30.08.2021 03:41:57.156,3.88146,3.87426,1,1
30.08.2021 03:41:58.950,3.88145,3.8743000000000003,1,1
30.08.2021 03:42:00.112,3.8814400000000004,3.87057,1,1
30.08.2021 03:42:00.218,3.8815800000000005,3.8744,1,1
30.08.2021 03:42:07.726,3.88165,3.8744300000000003,1,1
30.08.2021 03:42:08.420,3.88165,3.8744300000000003,1,1
30.08.2021 03:42:08.642,3.8817300000000006,3.87447,1,1
30.08.2021 03:42:08.799,3.8817300000000006,3.8745000000000003,1,1
30.08.2021 03:42:10.964,3.88176,3.8744300000000003,1,1
30.08.2021 03:42:11.014,3.88176,3.87446,1,1
30.08.2021 03:42:11.314,3.88176,3.87449,1,1
30.08.2021 03:42:11.892,3.88176,3.8744300000000003,1,1
30.08.2021 03:42:11.942,3.88176,3.87446,1,1
30.08.2021 03:42:12.378,3.88176,3.87449,1,1
30.08.2021 03:42:13.137,3.8817500000000003,3.8744400000000003,1,1
30.08.2021 03:42:13.188,3.8817500000000003,3.87447,1,1
30.08.2021 03:42:13.521,3.88176,3.87449,1,1
30.08.2021 03:42:16.856,3.88176,3.8745300000000005,1,1
30.08.2021 03:42:17.299,3.88176,3.8745600000000002,1,1
30.08.2021 03:42:22.061,3.88182,3.8745600000000002,1,1
30.08.2021 03:42:31.908,3.88182,3.8745900000000004,1,1
30.08.2021 03:42:33.049,3.88182,3.8709300000000004,1,1
30.08.2021 03:42:33.483,3.8818,3.8745600000000002,1,1
30.08.2021 03:42:39.935,3.88181,3.8745900000000004,1,1
30.08.2021 03:42:39.985,3.88181,3.8745600000000002,1,1
30.08.2021 03:42:40.491,3.88181,3.8745600000000002,1,1
30.08.2021 03:42:40.541,3.88177,3.8746,1,1
30.08.2021 03:42:48.770,3.8817000000000004,3.87081,1,1
30.08.2021 03:43:19.045,3.8816900000000003,3.8745600000000002,1,1
30.08.2021 03:43:19.954,3.8816900000000003,3.87081,1,1
30.08.2021 03:43:22.062,3.8816900000000003,3.87081,1,1
30.08.2021 03:43:26.753,3.8816900000000003,3.8745600000000002,1,1
30.08.2021 03:44:06.412,3.8817000000000004,3.87081,1,1
30.08.2021 03:44:22.065,3.88174,3.8745300000000005,1,1
30.08.2021 03:44:22.356,3.88174,3.8708500000000003,1,1
30.08.2021 03:44:26.843,3.8818400000000004,3.8745300000000005,1,1
30.08.2021 03:44:26.987,3.8818300000000003,3.87457,1,1
30.08.2021 03:44:29.206,3.88186,3.8709800000000003,1,1
30.08.2021 03:44:29.257,3.88185,3.8745400000000005,1,1
30.08.2021 03:44:30.340,3.88185,3.8709900000000004,1,1
30.08.2021 03:44:37.919,3.88177,3.87089,1,1
30.08.2021 03:45:01.656,3.8816300000000004,3.8743300000000005,1,1
30.08.2021 03:45:12.993,3.8817300000000006,3.8743600000000002,1,1
30.08.2021 03:45:15.600,3.88171,3.8744,1,1
30.08.2021 03:45:18.082,3.88174,3.8708500000000003,1,1
30.08.2021 03:45:18.132,3.88174,3.8743600000000002,1,1
30.08.2021 03:45:28.595,3.88172,3.87441,1,1
30.08.2021 03:45:46.025,3.8817900000000005,3.8744300000000003,1,1
30.08.2021 03:45:46.244,3.8817900000000005,3.87449,1,1
30.08.2021 03:45:50.440,3.8817500000000003,3.87089,1,1
30.08.2021 03:45:50.538,3.88176,3.8745300000000005,1,1
30.08.2021 03:45:56.172,3.88176,3.87457,1,1
30.08.2021 03:46:03.948,3.8818,3.8745000000000003,1,1
30.08.2021 03:46:03.998,3.8818,3.8745300000000005,1,1
30.08.2021 03:46:34.000,3.8817900000000005,3.8745600000000002,1,1
30.08.2021 03:46:37.637,3.8817900000000005,3.87457,1,1
30.08.2021 03:46:43.769,3.88177,3.8745900000000004,1,1
30.08.2021 03:46:43.976,3.88176,3.8747000000000003,1,1
30.08.2021 03:46:44.083,3.88191,3.87466,1,1
30.08.2021 03:46:44.269,3.88191,3.8710199999999997,1,1
30.08.2021 03:46:44.400,3.88191,3.87469,1,1
30.08.2021 03:46:45.447,3.882,3.8711300000000004,1,1
30.08.2021 03:47:04.502,3.8819900000000005,3.87472,1,1
30.08.2021 03:47:12.402,3.88194,3.8710500000000003,1,1
30.08.2021 03:47:12.943,3.8819800000000004,3.87469,1,1
30.08.2021 03:47:20.858,3.88197,3.8747300000000005,1,1
30.08.2021 03:47:30.431,3.882,3.87111,1,1
30.08.2021 03:47:37.512,3.8817300000000006,3.87087,1,1
30.08.2021 03:47:44.271,3.8818300000000003,3.87466,1,1
30.08.2021 03:47:47.173,3.88181,3.87469,1,1
30.08.2021 03:47:48.392,3.88191,3.87472,1,1
30.08.2021 03:47:48.493,3.8819000000000004,3.8748,1,1
30.08.2021 03:47:48.874,3.8819000000000004,3.8747400000000005,1,1
30.08.2021 03:47:48.925,3.88191,3.87476,1,1
30.08.2021 03:47:49.630,3.8821800000000004,3.8748199999999997,1,1
30.08.2021 03:47:53.188,3.88206,3.87476,1,1
30.08.2021 03:47:53.495,3.88206,3.8748199999999997,1,1
30.08.2021 03:47:54.748,3.88206,3.87476,1,1
30.08.2021 03:47:55.700,3.88206,3.8748,1,1
30.08.2021 03:48:02.093,3.8819800000000004,3.87111,1,1
30.08.2021 03:48:37.572,3.88192,3.8710500000000003,1,1
30.08.2021 03:48:44.272,3.88197,3.87109,1,1
30.08.2021 03:49:01.812,3.88212,3.8712300000000006,1,1
30.08.2021 03:49:26.357,3.8821800000000004,3.8747300000000005,1,1
30.08.2021 03:49:27.058,3.8821900000000005,3.8713100000000003,1,1
30.08.2021 03:49:37.541,3.8820400000000004,3.87115,1,1
30.08.2021 03:49:44.278,3.88202,3.87115,1,1
30.08.2021 03:50:44.274,3.8820800000000006,3.8712,1,1
30.08.2021 03:51:47.429,3.8820900000000003,3.87122,1,1
30.08.2021 03:51:47.479,3.8820900000000003,3.87122,1,1
30.08.2021 03:52:44.056,3.882,3.87111,1,1
30.08.2021 03:52:47.416,3.8820300000000003,3.8711400000000005,1,1
30.08.2021 03:52:47.466,3.8820300000000003,3.8711400000000005,1,1
30.08.2021 03:53:37.269,3.8819500000000002,3.87106,1,1
30.08.2021 03:53:37.394,3.8819500000000002,3.87106,1,1
30.08.2021 03:53:37.646,3.8819500000000002,3.87106,1,1
30.08.2021 03:53:41.702,3.88212,3.8712300000000006,1,1
30.08.2021 03:53:56.734,3.8822400000000004,3.87135,1,1
30.08.2021 03:53:56.785,3.8822400000000004,3.87135,1,1
30.08.2021 03:54:55.916,3.88226,3.8713699999999998,1,1
30.08.2021 03:54:56.765,3.88226,3.8713699999999998,1,1
30.08.2021 03:55:32.019,3.8820800000000006,3.87122,1,1
30.08.2021 03:55:32.069,3.8820800000000006,3.87122,1,1
30.08.2021 03:55:32.748,3.8820800000000006,3.87122,1,1
