Gmt time,Ask,Bid,AskVolume,BidVolume
02.08.2021 00:00:00.032,3.8521199999999998,3.84687,1.5,1
02.08.2021 00:00:00.083,3.8515300000000003,3.84687,1.5,1
02.08.2021 00:00:00.444,3.85172,3.84687,1.5,1
02.08.2021 00:00:00.714,3.8516800000000004,3.84687,1.5,1
02.08.2021 00:00:01.185,3.8519300000000003,3.84687,1.5,1
02.08.2021 00:00:01.888,3.8517800000000006,3.84687,1.5,1
02.08.2021 00:00:04.221,3.8515800000000007,3.8464500000000004,1.5,1.5
02.08.2021 00:00:05.481,3.8515300000000003,3.8464800000000006,1.5,1.5
02.08.2021 00:00:05.532,3.8515300000000003,3.84655,1.5,1
02.08.2021 00:00:05.582,3.8515300000000003,3.8466199999999997,1.5,1
02.08.2021 00:00:05.683,3.8515300000000003,3.8466300000000007,1.5,1
02.08.2021 00:00:05.815,3.8515300000000003,3.8469300000000004,1.5,1
02.08.2021 00:00:05.865,3.8515300000000003,3.8464800000000006,1.5,1.5
02.08.2021 00:00:06.265,3.85172,3.8464800000000006,1.5,1.5
02.08.2021 00:00:06.392,3.85152,3.8467400000000005,1.5,1
02.08.2021 00:00:06.543,3.8515300000000003,3.84655,1.5,1
02.08.2021 00:00:06.593,3.85162,3.8467300000000004,1.5,1
02.08.2021 00:00:06.644,3.85162,3.8467400000000005,1.5,1
02.08.2021 00:00:07.006,3.8516300000000006,3.84702,1.5,1
02.08.2021 00:00:07.107,3.85162,3.84629,1.5,1.5
02.08.2021 00:00:07.157,3.8515300000000003,3.8464199999999997,1.5,1.5
02.08.2021 00:00:07.308,3.8515800000000007,3.84672,1.5,1
02.08.2021 00:00:07.359,3.8515800000000007,3.8467300000000004,1.5,1
02.08.2021 00:00:07.754,3.8515300000000003,3.8467300000000004,1.5,1.5
02.08.2021 00:00:07.955,3.85152,3.8463800000000004,1.5,1.5
02.08.2021 00:00:08.110,3.85152,3.8459300000000005,1.5,1.5
02.08.2021 00:00:14.727,3.8515300000000003,3.84612,1.5,1.5
02.08.2021 00:00:14.878,3.8514800000000005,3.8464800000000006,1.5,1.5
02.08.2021 00:00:15.079,3.85151,3.8471300000000004,1.5,1
02.08.2021 00:00:15.130,3.8515300000000003,3.8464800000000006,1.5,1.5
02.08.2021 00:00:15.281,3.85147,3.8468400000000003,1.5,1
02.08.2021 00:00:15.331,3.85142,3.8473300000000004,1.5,1
02.08.2021 00:00:15.382,3.8515699999999997,3.84727,1.5,1
02.08.2021 00:00:15.482,3.8515800000000007,3.84696,1.5,1
02.08.2021 00:00:15.684,3.8517800000000006,3.8466800000000005,1.5,1.5
02.08.2021 00:00:15.835,3.85167,3.84747,1.5,1
02.08.2021 00:00:15.885,3.85167,3.8471400000000004,1.5,1.5
02.08.2021 00:00:16.044,3.85167,3.84669,1.5,1.5
02.08.2021 00:00:16.144,3.8516800000000004,3.84742,1.5,1
02.08.2021 00:00:16.245,3.8517699999999997,3.8473300000000004,1.5,1
02.08.2021 00:00:16.296,3.8517800000000006,3.8471300000000004,1.5,1
02.08.2021 00:00:16.397,3.85167,3.8473400000000004,1.5,1
02.08.2021 00:00:16.547,3.85167,3.8471300000000004,1.5,1
02.08.2021 00:00:16.598,3.8516800000000004,3.84722,1.5,1
02.08.2021 00:00:16.648,3.8516300000000006,3.8467800000000003,1.5,1.5
02.08.2021 00:00:16.699,3.8516800000000004,3.84712,1.5,1
02.08.2021 00:00:16.850,3.8516300000000006,3.84742,1.5,1
02.08.2021 00:00:16.950,3.8516300000000006,3.84706,1.5,1
02.08.2021 00:00:17.051,3.85162,3.8473300000000004,1.5,1.5
02.08.2021 00:00:17.187,3.85141,3.84647,1.5,1
02.08.2021 00:00:17.389,3.85132,3.8468199999999997,1.5,1.5
02.08.2021 00:00:17.805,3.85132,3.84762,1.5,1
02.08.2021 00:00:17.855,3.85132,3.84672,1.5,1.5
02.08.2021 00:00:17.994,3.85132,3.84672,1.5,1.5
02.08.2021 00:00:18.142,3.85132,3.8471300000000004,1.5,1.5
02.08.2021 00:00:18.298,3.85102,3.84722,1.5,1
02.08.2021 00:00:18.449,3.85132,3.8468800000000005,1.5,1.5
02.08.2021 00:00:18.514,3.85132,3.8468800000000005,1.5,1.5
02.08.2021 00:00:18.718,3.85132,3.8465800000000003,1.5,1.5
02.08.2021 00:00:18.970,3.85142,3.8469300000000004,1.5,1.5
02.08.2021 00:00:19.071,3.85132,3.84736,1.5,1
02.08.2021 00:00:19.121,3.8513100000000002,3.8465900000000004,1.5,1.5
02.08.2021 00:00:19.172,3.8513100000000002,3.8472300000000006,1.5,1
02.08.2021 00:00:19.272,3.85132,3.8465800000000003,1.5,1.5
02.08.2021 00:00:19.423,3.85132,3.8472300000000006,1.5,1
02.08.2021 00:00:19.474,3.8513100000000002,3.8467000000000002,1.5,1.5
02.08.2021 00:00:19.524,3.85132,3.84722,1.5,1
02.08.2021 00:00:19.626,3.85142,3.8466199999999997,1.5,1.5
02.08.2021 00:00:19.828,3.85142,3.8466800000000005,1.5,1.5
02.08.2021 00:00:20.015,3.85142,3.8472300000000006,1.5,1
02.08.2021 00:00:20.065,3.85142,3.8466800000000005,1.5,1.5
02.08.2021 00:00:20.156,3.85141,3.84724,1.5,1
02.08.2021 00:00:20.207,3.8516800000000004,3.8469800000000003,1.5,1.5
02.08.2021 00:00:20.458,3.85142,3.84722,1.5,1
02.08.2021 00:00:20.591,3.85142,3.84716,1.5,1
02.08.2021 00:00:20.692,3.85141,3.8472300000000006,1.5,1
02.08.2021 00:00:20.993,3.85142,3.8473300000000004,1.5,1
02.08.2021 00:00:21.043,3.85142,3.84715,1.5,1
02.08.2021 00:00:21.144,3.8513100000000002,3.8473300000000004,1.5,1
02.08.2021 00:00:21.195,3.8513100000000002,3.8466300000000007,1.5,1.5
02.08.2021 00:00:21.346,3.8513100000000002,3.84724,1.5,1.5
02.08.2021 00:00:21.396,3.85132,3.84675,1.5,1.5
02.08.2021 00:00:21.497,3.85132,3.84722,1.5,1
02.08.2021 00:00:21.598,3.8513100000000002,3.8473300000000004,1.5,1
02.08.2021 00:00:21.765,3.85132,3.84732,1.5,1.5
02.08.2021 00:00:21.866,3.85182,3.84742,1.5,1
02.08.2021 00:00:21.916,3.8516800000000004,3.84726,1.5,1.5
02.08.2021 00:00:21.967,3.85182,3.8465800000000003,1.5,1.5
02.08.2021 00:00:22.075,3.85142,3.8473300000000004,1.5,1
02.08.2021 00:00:22.126,3.85141,3.8466300000000007,1.5,1.5
02.08.2021 00:00:22.176,3.85132,3.84706,1.5,1
02.08.2021 00:00:22.277,3.85181,3.8473800000000007,1.5,1
02.08.2021 00:00:22.328,3.85182,3.8466800000000005,1.5,1.5
02.08.2021 00:00:22.430,3.85132,3.8468800000000005,1.5,1.5
02.08.2021 00:00:22.481,3.85132,3.8468800000000005,1.5,1.5
02.08.2021 00:00:22.682,3.85142,3.84706,1.5,1
02.08.2021 00:00:22.883,3.8513100000000002,3.8473300000000004,1.5,1
02.08.2021 00:00:22.952,3.85132,3.84726,1.5,1
02.08.2021 00:00:23.103,3.8513100000000002,3.8468400000000003,1.5,1.5
02.08.2021 00:00:23.252,3.85151,3.8473300000000004,1.5,1
02.08.2021 00:00:23.353,3.85152,3.84726,1.5,1
02.08.2021 00:00:23.404,3.85152,3.84732,1.5,1
02.08.2021 00:00:23.454,3.85152,3.84652,1.5,1.5
02.08.2021 00:00:23.505,3.85152,3.84732,1.5,1
02.08.2021 00:00:23.556,3.85152,3.84652,1.5,1.5
02.08.2021 00:00:23.706,3.85152,3.84732,1.5,1
02.08.2021 00:00:24.024,3.85132,3.8473300000000004,1.5,1
02.08.2021 00:00:25.714,3.85132,3.84727,1.5,1
02.08.2021 00:00:25.765,3.8517400000000004,3.8471400000000004,1.5,1.5
02.08.2021 00:00:25.865,3.85142,3.84762,1.5,1
02.08.2021 00:00:25.966,3.85141,3.84686,1.5,1.5
02.08.2021 00:00:26.117,3.85191,3.84752,1.5,1
02.08.2021 00:00:26.218,3.85152,3.8473300000000004,1.5,1.5
02.08.2021 00:00:26.318,3.85142,3.84722,1.5,1.5
02.08.2021 00:00:26.520,3.85181,3.8469800000000003,1.5,1.5
02.08.2021 00:00:26.721,3.85182,3.84712,1.5,1.5
02.08.2021 00:00:26.922,3.8516300000000006,3.8474300000000006,1.5,1.5
02.08.2021 00:00:27.124,3.85181,3.8469900000000004,1.5,1.5
02.08.2021 00:00:27.225,3.85141,3.8471300000000004,1.5,1.5
02.08.2021 00:00:27.326,3.85142,3.8469800000000003,1.5,1.5
02.08.2021 00:00:27.690,3.85162,3.84702,1.5,1.5
02.08.2021 00:00:27.891,3.85151,3.84689,1.5,1.5
02.08.2021 00:00:27.992,3.85152,3.8470800000000005,1.5,1.5
02.08.2021 00:00:28.043,3.85151,3.8473699999999997,1.5,1
02.08.2021 00:00:28.244,3.8514800000000005,3.8470300000000006,1.5,1.5
02.08.2021 00:00:28.345,3.85141,3.8476300000000005,1.5,1
02.08.2021 00:00:28.395,3.85141,3.8474300000000006,1.5,1.5
02.08.2021 00:00:28.597,3.8515900000000003,3.8471699999999998,1.5,1
02.08.2021 00:00:28.798,3.85152,3.8474300000000006,1.5,1.5
02.08.2021 00:00:28.899,3.85172,3.84696,1.5,1.5
02.08.2021 00:00:29.050,3.8517300000000003,3.84712,1.5,1.5
02.08.2021 00:00:29.251,3.8515800000000007,3.84712,1.5,1.5
02.08.2021 00:00:29.744,3.8515800000000007,3.84712,1.5,1.5
02.08.2021 00:00:30.601,3.85122,3.84742,1.5,1.5
02.08.2021 00:00:30.802,3.85171,3.84727,1.5,1
02.08.2021 00:00:31.964,3.8515300000000003,3.8473300000000004,1.5,1.5
02.08.2021 00:00:32.064,3.8513900000000003,3.84732,1.5,1.5
02.08.2021 00:00:41.158,3.8511800000000003,3.84732,1.5,1.5
02.08.2021 00:00:43.378,3.85092,3.84732,1.5,1.5
02.08.2021 00:00:43.630,3.8513699999999997,3.8473300000000004,1.5,1.5
02.08.2021 00:00:43.815,3.85107,3.8473300000000004,1.5,1.5
02.08.2021 00:00:44.202,3.85112,3.84742,1.5,1
02.08.2021 00:00:44.403,3.85112,3.84742,1.5,1.5
02.08.2021 00:00:44.633,3.85112,3.84742,1.5,1.5
02.08.2021 00:00:44.835,3.85112,3.84742,1.5,1.5
02.08.2021 00:00:45.037,3.85112,3.84742,1.5,1.5
02.08.2021 00:00:45.444,3.8511100000000003,3.8471699999999998,1.5,1
02.08.2021 00:00:45.649,3.85102,3.8471699999999998,1.5,1.5
02.08.2021 00:00:45.866,3.85102,3.84712,1.5,1.5
02.08.2021 00:00:46.049,3.85102,3.84712,1.5,1.5
02.08.2021 00:00:46.450,3.85102,3.84722,1.5,1.5
02.08.2021 00:00:46.666,3.8509900000000004,3.8472300000000006,1.5,1.5
02.08.2021 00:00:47.058,3.85101,3.8471300000000004,1.5,1.5
02.08.2021 00:00:47.145,3.85102,3.84712,1.5,1.5
02.08.2021 00:00:47.347,3.85102,3.84712,1.5,1.5
02.08.2021 00:00:48.205,3.8510800000000005,3.84722,1.5,1.5
02.08.2021 00:00:48.342,3.85107,3.8472300000000006,1.5,1.5
02.08.2021 00:00:48.547,3.8510800000000005,3.84712,1.5,1.5
02.08.2021 00:00:48.776,3.85101,3.8471300000000004,1.5,1.5
02.08.2021 00:00:48.951,3.85102,3.84712,1.5,1.5
02.08.2021 00:00:51.879,3.85102,3.84712,1.5,1.5
02.08.2021 00:00:52.301,3.85121,3.8469800000000003,1.5,1.5
02.08.2021 00:00:54.611,3.8513699999999997,3.84712,1.5,1.5
02.08.2021 00:00:54.766,3.85121,3.8472900000000005,1.5,1.5
02.08.2021 00:00:56.414,3.85121,3.8472900000000005,1.5,1.5
02.08.2021 00:00:59.518,3.85136,3.8473300000000004,1.5,1.5
02.08.2021 00:00:59.675,3.85122,3.8472800000000005,1.5,1.5
02.08.2021 00:01:00.481,3.85122,3.8472800000000005,1.5,1.5
02.08.2021 00:01:01.452,3.8513699999999997,3.8474300000000006,1.5,1.5
02.08.2021 00:01:01.787,3.8513800000000007,3.84742,1.5,1.5
02.08.2021 00:01:02.001,3.85132,3.84742,1.5,1.5
02.08.2021 00:01:02.787,3.8513100000000002,3.8474300000000006,1.5,1.5
02.08.2021 00:01:04.488,3.85132,3.8475800000000007,1.5,1.5
02.08.2021 00:01:05.091,3.8513699999999997,3.8474300000000006,1.5,1.5
02.08.2021 00:01:08.790,3.8513800000000007,3.84742,1.5,1.5
02.08.2021 00:01:09.016,3.8513800000000007,3.84742,1.5,1.5
02.08.2021 00:01:10.876,3.8513800000000007,3.8476800000000004,1.5,1.5
02.08.2021 00:01:11.033,3.8513800000000007,3.84742,1.5,1.5
02.08.2021 00:01:11.235,3.8513800000000007,3.8476800000000004,1.5,1.5
02.08.2021 00:01:11.368,3.8513800000000007,3.84742,1.5,1.5
02.08.2021 00:01:17.503,3.8513800000000007,3.84742,1.5,1.5
02.08.2021 00:01:21.793,3.8513699999999997,3.8474300000000006,1.5,1.5
02.08.2021 00:01:23.024,3.8515900000000003,3.8477900000000003,1.5,1.5
02.08.2021 00:01:23.237,3.8516000000000004,3.8478800000000004,1.5,1.5
02.08.2021 00:01:28.762,3.85171,3.8478900000000005,1.5,1.5
02.08.2021 00:01:35.202,3.85171,3.8478300000000005,1.5,1.5
02.08.2021 00:01:44.253,3.85171,3.8477300000000003,1.5,1.5
02.08.2021 00:01:44.361,3.85171,3.8477300000000003,1.5,1.5
02.08.2021 00:01:44.564,3.85182,3.8478800000000004,1.5,1.5
02.08.2021 00:01:44.784,3.85186,3.8480800000000004,1.5,1.5
02.08.2021 00:01:44.967,3.85182,3.8478800000000004,1.5,1.5
02.08.2021 00:01:45.502,3.85182,3.8478800000000004,1.5,1.5
02.08.2021 00:01:45.931,3.85182,3.8479800000000006,1.5,1.5
02.08.2021 00:01:46.087,3.85182,3.84772,1.5,1.5
02.08.2021 00:01:46.754,3.85162,3.84747,1.5,1.5
02.08.2021 00:01:49.867,3.85181,3.8477900000000003,1.5,1.5
02.08.2021 00:01:50.024,3.85171,3.8477900000000003,1.5,1.5
02.08.2021 00:01:50.758,3.85171,3.8477900000000003,1.5,1.5
02.08.2021 00:01:51.489,3.85162,3.84772,1.5,1.5
02.08.2021 00:01:52.333,3.85161,3.8478300000000005,1.5,1.5
02.08.2021 00:01:56.607,3.85182,3.8478800000000004,1.5,1.5
02.08.2021 00:01:56.765,3.85172,3.8477800000000006,1.5,1.5
02.08.2021 00:01:57.468,3.85192,3.8479800000000006,1.5,1.5
02.08.2021 00:01:58.683,3.85162,3.84796,1.5,1.5
02.08.2021 00:01:58.885,3.85162,3.8477800000000006,1.5,1.5
02.08.2021 00:02:05.281,3.85142,3.8473800000000007,1.5,1.5
02.08.2021 00:02:06.481,3.85142,3.8475800000000007,1.5,1.5
02.08.2021 00:02:08.335,3.85152,3.8475800000000007,1.5,1.5
02.08.2021 00:02:09.279,3.85151,3.8474300000000006,1.5,1.5
02.08.2021 00:02:11.355,3.85142,3.8473800000000007,1.5,1.5
02.08.2021 00:02:11.569,3.85132,3.8473800000000007,1.5,1.5
02.08.2021 00:02:12.281,3.8513100000000002,3.8472900000000005,1.5,1.5
02.08.2021 00:02:12.452,3.85132,3.8472800000000005,1.5,1.5
02.08.2021 00:02:13.301,3.85132,3.8473800000000007,1.5,1.5
02.08.2021 00:02:15.586,3.8513100000000002,3.8475300000000003,1.5,1.5
02.08.2021 00:02:23.358,3.85132,3.84752,1.5,1.5
02.08.2021 00:02:23.738,3.85132,3.8473800000000007,1.5,1.5
02.08.2021 00:02:28.901,3.85122,3.8473800000000007,1.5,1.5
02.08.2021 00:02:29.619,3.85102,3.8470800000000005,1.5,1.5
02.08.2021 00:02:29.813,3.8508199999999997,3.8468800000000005,1.5,1.5
02.08.2021 00:02:33.336,3.85102,3.84712,1.5,1.5
02.08.2021 00:02:35.919,3.85102,3.8470800000000005,1.5,1.5
02.08.2021 00:02:36.073,3.8513800000000007,3.8471800000000003,1.5,1.5
02.08.2021 00:02:42.209,3.85122,3.8472800000000005,1.5,1.5
02.08.2021 00:02:43.866,3.85122,3.8472800000000005,1.5,1.5
02.08.2021 00:02:45.282,3.85122,3.84712,1.5,1.5
02.08.2021 00:02:52.282,3.85121,3.8472900000000005,1.5,1.5
02.08.2021 00:02:53.283,3.85122,3.84712,1.5,1.5
02.08.2021 00:02:53.431,3.85122,3.8472800000000005,1.5,1.5
02.08.2021 00:02:55.519,3.85122,3.84752,1.5,1.5
02.08.2021 00:02:56.081,3.85122,3.8472800000000005,1.5,1.5
02.08.2021 00:02:59.235,3.85122,3.84732,1.5,1.5
02.08.2021 00:02:59.435,3.85122,3.84732,1.5,1.5
02.08.2021 00:03:07.236,3.85122,3.84732,1.5,1.5
02.08.2021 00:03:07.437,3.85122,3.84732,1.5,1.5
02.08.2021 00:03:09.068,3.85122,3.8472800000000005,1.5,1.5
02.08.2021 00:03:14.188,3.85122,3.84742,1.5,1.5
02.08.2021 00:03:14.388,3.85122,3.84742,1.5,1.5
02.08.2021 00:03:21.232,3.8513699999999997,3.8474900000000005,1.5,1.5
02.08.2021 00:03:21.444,3.8513800000000007,3.8474800000000005,1.5,1.5
02.08.2021 00:03:24.408,3.8513800000000007,3.84742,1.5,1.5
02.08.2021 00:03:24.619,3.85141,3.8475900000000003,1.5,1.5
02.08.2021 00:03:24.808,3.85142,3.8475800000000007,1.5,1.5
02.08.2021 00:03:30.051,3.85142,3.8475800000000007,1.5,1.5
02.08.2021 00:03:30.286,3.85142,3.8475800000000007,1.5,1.5
02.08.2021 00:03:31.500,3.85162,3.8475800000000007,1.5,1.5
02.08.2021 00:03:32.052,3.85162,3.8476800000000004,1.5,1.5
02.08.2021 00:03:32.738,3.85161,3.8476900000000005,1.5,1.5
02.08.2021 00:03:38.043,3.85161,3.8476900000000005,1.5,1.5
02.08.2021 00:03:39.285,3.85151,3.8474300000000006,1.5,1.5
02.08.2021 00:03:44.271,3.85151,3.8478300000000005,1.5,1.5
02.08.2021 00:03:44.958,3.85172,3.84792,1.5,1.5
02.08.2021 00:03:46.287,3.85192,3.8481199999999998,1.5,1.5
02.08.2021 00:03:47.781,3.85172,3.8478800000000004,1.5,1.5
02.08.2021 00:03:47.976,3.85182,3.8478800000000004,1.5,1.5
02.08.2021 00:03:51.169,3.85182,3.84772,1.5,1.5
02.08.2021 00:03:52.285,3.85182,3.84772,1.5,1.5
02.08.2021 00:03:52.441,3.85181,3.8478900000000005,1.5,1.5
02.08.2021 00:03:53.193,3.8519699999999997,3.8480900000000005,1.5,1.5
02.08.2021 00:03:58.286,3.85171,3.8477300000000003,1.5,1.5
02.08.2021 00:03:59.286,3.85172,3.8479400000000004,1.5,1.5
02.08.2021 00:04:01.475,3.85172,3.8475699999999997,1.5,1.5
02.08.2021 00:04:01.576,3.85161,3.8477900000000003,1.5,1.5
02.08.2021 00:04:01.756,3.85162,3.8476800000000004,1.5,1.5
02.08.2021 00:04:04.472,3.85162,3.8476800000000004,1.5,1.5
02.08.2021 00:04:07.499,3.85162,3.8486300000000004,1.5,1
02.08.2021 00:04:08.090,3.85162,3.8486300000000004,1.5,1
02.08.2021 00:04:08.451,3.85161,3.8486400000000005,1.5,1
02.08.2021 00:04:11.458,3.8516800000000004,3.8486300000000004,1.5,1
02.08.2021 00:04:11.537,3.8516800000000004,3.8486300000000004,1.5,1
02.08.2021 00:04:13.287,3.85167,3.8486400000000005,1.5,1
02.08.2021 00:04:16.256,3.85152,3.8486300000000004,1.5,1
02.08.2021 00:04:31.248,3.85141,3.8484900000000004,1.5,1
02.08.2021 00:04:31.335,3.85142,3.8482900000000004,1.5,1
02.08.2021 00:04:32.095,3.85141,3.84866,1.5,1
02.08.2021 00:04:33.244,3.85141,3.84859,1.5,1
02.08.2021 00:04:34.306,3.85142,3.84851,1.5,1
02.08.2021 00:04:39.289,3.85141,3.8485199999999997,1.5,1
02.08.2021 00:04:39.832,3.85141,3.8485199999999997,1.5,1
02.08.2021 00:04:40.061,3.85142,3.84851,1.5,1
02.08.2021 00:04:41.221,3.85142,3.84851,1.5,1
02.08.2021 00:04:41.421,3.85141,3.8485199999999997,1.5,1
02.08.2021 00:04:43.244,3.85142,3.84851,1.5,1
02.08.2021 00:04:43.444,3.85141,3.8485199999999997,1.5,1
02.08.2021 00:05:02.167,3.8516800000000004,3.84851,1.5,1
02.08.2021 00:05:02.369,3.85152,3.84851,1.5,1
02.08.2021 00:05:08.408,3.85151,3.8485199999999997,1.5,1
02.08.2021 00:05:11.266,3.85152,3.84851,1.5,1
02.08.2021 00:05:13.261,3.85141,3.8485199999999997,1,1
02.08.2021 00:05:14.084,3.85141,3.8485199999999997,1.5,1
02.08.2021 00:05:31.633,3.85152,3.84851,1.5,1
02.08.2021 00:05:34.580,3.8516800000000004,3.84851,1.5,1
02.08.2021 00:05:35.642,3.8516800000000004,3.8477800000000006,1.5,1.5
02.08.2021 00:05:36.386,3.8516800000000004,3.8486400000000005,1.5,1
02.08.2021 00:05:37.232,3.8516800000000004,3.84861,1.5,1
02.08.2021 00:05:46.639,3.85182,3.84861,1.5,1
02.08.2021 00:05:47.154,3.85181,3.84862,1.5,1
02.08.2021 00:05:48.510,3.85182,3.84861,1.5,1
02.08.2021 00:05:49.244,3.85182,3.84861,1.5,1
02.08.2021 00:05:52.761,3.85181,3.84862,1.5,1.5
02.08.2021 00:05:52.962,3.85181,3.84862,1.5,1
02.08.2021 00:06:03.753,3.85181,3.84862,1.5,1.5
02.08.2021 00:06:10.295,3.85182,3.84861,1.5,1.5
02.08.2021 00:06:16.296,3.85182,3.84861,1.5,1.5
02.08.2021 00:06:23.448,3.85182,3.84861,1.5,1.5
02.08.2021 00:06:46.249,3.85182,3.84861,1.5,1
02.08.2021 00:06:46.453,3.85182,3.84861,1.5,1.5
02.08.2021 00:06:46.989,3.85182,3.84861,1.5,1.5
02.08.2021 00:06:47.089,3.85201,3.8488800000000003,1.5,1
02.08.2021 00:06:47.189,3.85202,3.84887,1.5,1
02.08.2021 00:06:47.925,3.85202,3.84887,1.5,1.5
02.08.2021 00:06:53.958,3.85211,3.8488800000000003,1.5,1
02.08.2021 00:06:54.356,3.85211,3.8488800000000003,1.5,1.5
02.08.2021 00:06:54.559,3.85211,3.8488800000000003,1.5,1
02.08.2021 00:06:55.383,3.8521199999999998,3.84887,1.5,1.5
02.08.2021 00:06:55.710,3.8521199999999998,3.84887,1.5,1.5
02.08.2021 00:06:56.112,3.85202,3.84887,1.5,1
02.08.2021 00:07:00.084,3.8521199999999998,3.84887,1.5,1.5
02.08.2021 00:07:00.237,3.85242,3.84887,1.5,1.5
02.08.2021 00:07:01.095,3.85222,3.84916,1.5,1
02.08.2021 00:07:09.299,3.8521199999999998,3.84916,1.5,1
02.08.2021 00:07:11.086,3.85211,3.84917,1.5,1
02.08.2021 00:07:12.427,3.85211,3.84917,1.5,1
02.08.2021 00:07:12.665,3.85242,3.84916,1.5,1
02.08.2021 00:07:14.734,3.8523199999999997,3.84916,1.5,1
02.08.2021 00:07:17.000,3.85242,3.84916,1.5,1
02.08.2021 00:07:17.123,3.8523199999999997,3.84916,1.5,1
02.08.2021 00:07:17.747,3.8523199999999997,3.84916,1.5,1
02.08.2021 00:07:19.442,3.8522900000000004,3.84916,1.5,1
02.08.2021 00:07:21.382,3.8523199999999997,3.84916,1.5,1
02.08.2021 00:07:22.595,3.8523199999999997,3.84916,1.5,1
02.08.2021 00:07:28.110,3.8523199999999997,3.84916,1.5,1
02.08.2021 00:07:28.535,3.8523199999999997,3.84916,1.5,1
02.08.2021 00:07:31.712,3.8523199999999997,3.84916,1.5,1
02.08.2021 00:07:37.655,3.8523199999999997,3.84916,1.5,1.5
02.08.2021 00:07:40.500,3.85257,3.84917,1.5,1.5
02.08.2021 00:07:40.703,3.8523199999999997,3.84916,1.5,1
02.08.2021 00:07:45.285,3.8523199999999997,3.84916,1.5,1
02.08.2021 00:07:47.445,3.85211,3.84917,1.5,1
02.08.2021 00:07:48.488,3.85211,3.8489199999999997,1.5,1
02.08.2021 00:07:48.774,3.8521199999999998,3.84891,1.5,1
02.08.2021 00:07:50.134,3.8521199999999998,3.84891,1.5,1.5
02.08.2021 00:07:53.461,3.85231,3.8489199999999997,1.5,1.5
02.08.2021 00:07:56.086,3.85231,3.8489199999999997,1.5,1.5
02.08.2021 00:07:56.287,3.85227,3.8489199999999997,1.5,1.5
02.08.2021 00:07:57.147,3.85201,3.8489199999999997,1.5,1
02.08.2021 00:07:58.550,3.85211,3.84901,1.5,1
02.08.2021 00:07:58.993,3.85211,3.84901,1.5,1
02.08.2021 00:08:02.316,3.85211,3.84901,1.5,1
02.08.2021 00:08:05.610,3.85211,3.84901,1.5,1
02.08.2021 00:08:06.259,3.8521199999999998,3.849,1.5,1
02.08.2021 00:08:20.980,3.8521199999999998,3.849,1.5,1
02.08.2021 00:08:24.876,3.8521199999999998,3.849,1.5,1
02.08.2021 00:08:25.797,3.85202,3.849,1.5,1
02.08.2021 00:08:25.953,3.85202,3.849,1.5,1
02.08.2021 00:08:27.285,3.85202,3.849,1.5,1
02.08.2021 00:08:28.485,3.85202,3.849,1.5,1
02.08.2021 00:08:31.323,3.85201,3.84901,1.5,1
02.08.2021 00:08:31.523,3.85202,3.849,1.5,1
02.08.2021 00:08:31.576,3.85202,3.849,1.5,1
02.08.2021 00:08:34.856,3.85201,3.8488,1.5,1
02.08.2021 00:08:41.707,3.85202,3.84879,1.5,1
02.08.2021 00:08:41.860,3.85202,3.84879,1.5,1
02.08.2021 00:08:42.931,3.85201,3.8488,1.5,1.5
02.08.2021 00:08:44.330,3.85192,3.84879,1.5,1
02.08.2021 00:08:44.604,3.85192,3.84879,1.5,1.5
02.08.2021 00:08:47.467,3.8521199999999998,3.84879,1.5,1
02.08.2021 00:08:47.924,3.85192,3.84879,1.5,1.5
02.08.2021 00:08:51.489,3.85211,3.8488,1.5,1.5
02.08.2021 00:08:52.305,3.85192,3.84879,1.5,1
02.08.2021 00:08:52.485,3.85192,3.84879,1.5,1
02.08.2021 00:09:09.148,3.85182,3.84879,1.5,1
02.08.2021 00:09:18.780,3.85172,3.84879,1.5,1
02.08.2021 00:09:19.017,3.85171,3.8488,1.5,1
02.08.2021 00:09:30.539,3.8519800000000006,3.84879,1.5,1
02.08.2021 00:09:30.781,3.8519800000000006,3.84879,1.5,1
02.08.2021 00:09:31.328,3.8519800000000006,3.84879,1.5,1
02.08.2021 00:09:41.923,3.8519800000000006,3.84879,1.5,1
02.08.2021 00:09:48.320,3.85192,3.84879,1.5,1
02.08.2021 00:09:48.421,3.8518800000000004,3.8485300000000007,1.5,1.5
02.08.2021 00:09:48.521,3.85191,3.8485400000000003,1.5,1.5
02.08.2021 00:09:48.905,3.85181,3.8485400000000003,1.5,1.5
02.08.2021 00:09:49.110,3.85181,3.8485400000000003,1.5,1.5
02.08.2021 00:09:49.321,3.85182,3.8485300000000007,1.5,1.5
02.08.2021 00:10:06.073,3.85182,3.8485300000000007,1.5,1
02.08.2021 00:10:06.250,3.85162,3.8485300000000007,1.5,1
02.08.2021 00:10:06.350,3.85162,3.8485300000000007,1.5,1
02.08.2021 00:10:31.311,3.85151,3.8485400000000003,1.5,1
02.08.2021 00:10:31.464,3.85152,3.8485300000000007,1.5,1
02.08.2021 00:10:37.540,3.85162,3.8485300000000007,1.5,1
02.08.2021 00:10:37.732,3.85162,3.8485300000000007,1.5,1
02.08.2021 00:10:50.821,3.85162,3.8485300000000007,1.5,1
02.08.2021 00:11:04.825,3.85161,3.8485400000000003,1.5,1
02.08.2021 00:11:06.841,3.85152,3.8485300000000007,1.5,1
02.08.2021 00:11:21.190,3.85151,3.8482800000000004,1.5,1
02.08.2021 00:11:21.345,3.85142,3.84827,1.5,1
02.08.2021 00:11:21.943,3.85132,3.84827,1.5,1
02.08.2021 00:11:22.099,3.85132,3.84827,1.5,1
02.08.2021 00:11:27.850,3.85122,3.84827,1.5,1
02.08.2021 00:11:27.900,3.85122,3.84802,1.5,1.5
02.08.2021 00:11:28.027,3.85122,3.84802,1.5,1
02.08.2021 00:11:30.889,3.85122,3.84802,1.5,1.5
02.08.2021 00:11:48.385,3.85142,3.8482400000000005,1.5,1
02.08.2021 00:11:48.486,3.85152,3.8482400000000005,1.5,1.5
02.08.2021 00:11:48.909,3.85152,3.8482400000000005,1.5,1.5
02.08.2021 00:11:51.561,3.85142,3.8482400000000005,1.5,1
02.08.2021 00:11:55.010,3.85142,3.8482400000000005,1.5,1.5
02.08.2021 00:11:55.451,3.85132,3.8482400000000005,1.5,1
02.08.2021 00:11:59.274,3.85132,3.8482400000000005,1.5,1
02.08.2021 00:12:00.553,3.85122,3.8482400000000005,1.5,1
02.08.2021 00:12:00.762,3.85122,3.8482400000000005,1.5,1
02.08.2021 00:12:02.071,3.85122,3.8482400000000005,1.5,1
02.08.2021 00:12:02.264,3.85121,3.84825,1.5,1
02.08.2021 00:12:02.365,3.85121,3.84825,1.5,1
02.08.2021 00:12:02.678,3.85121,3.84825,1.5,1
02.08.2021 00:12:02.728,3.85122,3.8479800000000006,1.5,1
02.08.2021 00:12:07.492,3.85112,3.8479800000000006,1.5,1
02.08.2021 00:12:07.676,3.85112,3.8479800000000006,1.5,1.5
02.08.2021 00:12:13.776,3.8513800000000007,3.8479800000000006,1.5,1.5
02.08.2021 00:12:14.027,3.85141,3.8479900000000002,1.5,1.5
02.08.2021 00:12:15.088,3.85142,3.8479800000000006,1.5,1.5
02.08.2021 00:12:16.858,3.85141,3.84825,1.5,1
02.08.2021 00:12:17.234,3.85142,3.8482400000000005,1.5,1.5
02.08.2021 00:12:17.493,3.85142,3.8482400000000005,1.5,1.5
02.08.2021 00:12:17.665,3.85142,3.8482400000000005,1.5,1
02.08.2021 00:12:22.568,3.85141,3.84825,1.5,1.5
02.08.2021 00:12:22.768,3.85141,3.84825,1.5,1.5
02.08.2021 00:12:23.131,3.85142,3.8482400000000005,1.5,1
02.08.2021 00:12:28.222,3.85122,3.8482400000000005,1.5,1
02.08.2021 00:12:28.581,3.8513100000000002,3.84825,1.5,1
02.08.2021 00:12:28.784,3.85132,3.8482400000000005,1.5,1
02.08.2021 00:12:31.721,3.85132,3.8482400000000005,1.5,1
02.08.2021 00:12:31.822,3.85132,3.8482400000000005,1.5,1
02.08.2021 00:12:33.921,3.85132,3.8482400000000005,1.5,1
02.08.2021 00:12:34.045,3.85132,3.8482400000000005,1.5,1
02.08.2021 00:12:34.275,3.85132,3.8482400000000005,1.5,1.5
02.08.2021 00:12:34.891,3.8513100000000002,3.84825,1.5,1
02.08.2021 00:12:49.560,3.8513100000000002,3.84825,1.5,1
02.08.2021 00:12:58.381,3.85132,3.84802,1.5,1.5
02.08.2021 00:13:03.260,3.8513800000000007,3.84802,1.5,1
02.08.2021 00:13:05.123,3.8513699999999997,3.8480300000000005,1.5,1.5
02.08.2021 00:13:07.289,3.85121,3.8480300000000005,1.5,1
02.08.2021 00:13:17.588,3.85122,3.84802,1.5,1.5
02.08.2021 00:13:25.699,3.85122,3.84802,1.5,1
02.08.2021 00:13:25.899,3.85121,3.8480300000000005,1.5,1
02.08.2021 00:13:26.102,3.85121,3.8480300000000005,1.5,1.5
02.08.2021 00:13:26.383,3.85121,3.8480300000000005,1.5,1
02.08.2021 00:13:47.699,3.85112,3.84802,1.5,1.5
02.08.2021 00:13:54.271,3.85132,3.84802,1.5,1
02.08.2021 00:13:57.284,3.8511100000000003,3.8480300000000005,1.5,1
02.08.2021 00:14:03.803,3.85112,3.84802,1.5,1
02.08.2021 00:14:05.469,3.85102,3.84802,1.5,1
02.08.2021 00:14:05.671,3.85101,3.8480300000000005,1.5,1
02.08.2021 00:14:10.068,3.85101,3.8480300000000005,1.5,1
02.08.2021 00:14:10.942,3.85101,3.8480300000000005,1.5,1
02.08.2021 00:14:14.523,3.85101,3.8480300000000005,1.5,1
02.08.2021 00:14:14.843,3.85091,3.8480300000000005,1.5,1
02.08.2021 00:14:20.101,3.85102,3.84802,1.5,1
02.08.2021 00:15:11.058,3.85112,3.84802,1.5,1
02.08.2021 00:15:11.212,3.85112,3.84802,1.5,1
02.08.2021 00:15:11.574,3.85091,3.8480300000000005,1.5,1
02.08.2021 00:15:12.581,3.85092,3.8477900000000003,1.5,1
02.08.2021 00:15:12.744,3.85092,3.8477900000000003,1.5,1
02.08.2021 00:15:12.963,3.8508199999999997,3.8477900000000003,1.5,1
02.08.2021 00:15:13.380,3.8508199999999997,3.8477900000000003,1.5,1
02.08.2021 00:15:17.330,3.85072,3.8477900000000003,1.5,1
02.08.2021 00:15:17.485,3.85072,3.8477900000000003,1.5,1
02.08.2021 00:15:17.688,3.85072,3.8477900000000003,1.5,1
02.08.2021 00:15:21.689,3.85072,3.8477900000000003,1.5,1
02.08.2021 00:15:25.867,3.85072,3.8477900000000003,1.5,1
02.08.2021 00:15:29.516,3.8508199999999997,3.8477900000000003,1.5,1
02.08.2021 00:15:32.827,3.8508199999999997,3.8477900000000003,1.5,1
02.08.2021 00:15:39.379,3.8508199999999997,3.8477900000000003,1.5,1
02.08.2021 00:15:41.960,3.8508199999999997,3.8477900000000003,1.5,1
02.08.2021 00:15:52.737,3.85072,3.8477900000000003,1.5,1
02.08.2021 00:16:02.801,3.85081,3.8478000000000003,1.5,1
02.08.2021 00:16:08.820,3.85081,3.8478000000000003,1.5,1
02.08.2021 00:16:09.823,3.85072,3.8475400000000004,1.5,1.5
02.08.2021 00:16:09.906,3.85071,3.84755,1.5,1
02.08.2021 00:16:10.334,3.85072,3.8475400000000004,1.5,1
02.08.2021 00:16:17.943,3.8504199999999997,3.8475400000000004,1.5,1
02.08.2021 00:16:24.588,3.85032,3.8475400000000004,1.5,1
02.08.2021 00:16:54.898,3.8504199999999997,3.8475400000000004,1.5,1
02.08.2021 00:16:59.711,3.8504199999999997,3.8475400000000004,1.5,1
02.08.2021 00:16:59.761,3.85041,3.8472800000000005,1.5,1
02.08.2021 00:17:00.339,3.8502199999999998,3.84727,1.5,1
02.08.2021 00:17:02.488,3.8502199999999998,3.8469800000000003,1.5,1.5
02.08.2021 00:17:02.819,3.8502199999999998,3.8469800000000003,1.5,1
02.08.2021 00:17:07.035,3.8504800000000006,3.8469800000000003,1.5,1
02.08.2021 00:17:07.194,3.85032,3.8469800000000003,1.5,1
02.08.2021 00:17:07.407,3.85041,3.8469900000000004,1.5,1.5
02.08.2021 00:17:07.820,3.8504199999999997,3.8469800000000003,1.5,1.5
02.08.2021 00:17:08.802,3.84962,3.84649,1,1
02.08.2021 00:17:08.864,3.84962,3.8463600000000002,1,1.5
02.08.2021 00:17:08.915,3.85006,3.84601,1.5,1.5
02.08.2021 00:17:08.966,3.85011,3.8462,1.5,1.5
02.08.2021 00:17:09.069,3.85032,3.84655,1.5,1
02.08.2021 00:17:09.170,3.8502199999999998,3.84655,1.5,1.5
02.08.2021 00:17:11.233,3.8502199999999998,3.8468300000000006,1.5,1
02.08.2021 00:17:11.998,3.85012,3.8468300000000006,1.5,1
02.08.2021 00:17:12.402,3.8500199999999998,3.8468300000000006,1.5,1
02.08.2021 00:17:12.821,3.8500199999999998,3.8468300000000006,1.5,1
02.08.2021 00:17:12.872,3.8500199999999998,3.8468300000000006,1.5,1
02.08.2021 00:17:13.124,3.85001,3.8468400000000003,1.5,1
02.08.2021 00:17:24.858,3.85012,3.8469300000000004,1.5,1
02.08.2021 00:17:55.599,3.8500199999999998,3.8469300000000004,1.5,1
02.08.2021 00:17:57.341,3.84992,3.8469300000000004,1.5,1
02.08.2021 00:17:57.497,3.84991,3.8469400000000005,1.5,1
02.08.2021 00:17:57.699,3.84991,3.8469400000000005,1.5,1
02.08.2021 00:18:04.083,3.85001,3.8469400000000005,1.5,1
02.08.2021 00:18:05.640,3.8500199999999998,3.8469300000000004,1.5,1
02.08.2021 00:18:05.841,3.85001,3.8469400000000005,1.5,1
02.08.2021 00:18:06.943,3.85012,3.84706,1.5,1
02.08.2021 00:18:09.297,3.85012,3.84706,1.5,1
02.08.2021 00:18:11.078,3.85011,3.84707,1.5,1
02.08.2021 00:18:12.749,3.85012,3.84706,1.5,1
02.08.2021 00:18:19.506,3.85011,3.84707,1.5,1
02.08.2021 00:18:20.175,3.85021,3.84707,1.5,1
02.08.2021 00:18:20.333,3.8502199999999998,3.84706,1.5,1
02.08.2021 00:18:25.352,3.85012,3.84706,1.5,1
02.08.2021 00:18:37.026,3.85012,3.84706,1.5,1
02.08.2021 00:18:38.398,3.85011,3.84707,1.5,1
02.08.2021 00:18:38.458,3.85011,3.84707,1.5,1
02.08.2021 00:18:39.794,3.85012,3.84706,1.5,1
02.08.2021 00:18:43.403,3.85012,3.8471100000000003,1.5,1
02.08.2021 00:18:43.834,3.84992,3.84675,1.5,1
02.08.2021 00:18:43.989,3.84991,3.84676,1.5,1.12
02.08.2021 00:18:47.298,3.8500199999999998,3.84675,1.5,1.5
02.08.2021 00:18:47.506,3.85001,3.84676,1.5,1.5
02.08.2021 00:18:47.913,3.8500199999999998,3.84707,1.5,1
02.08.2021 00:18:50.640,3.85001,3.8470800000000005,1.5,1
02.08.2021 00:18:50.841,3.85001,3.8470800000000005,1.5,1
02.08.2021 00:18:51.247,3.8500199999999998,3.84707,1.5,1
02.08.2021 00:18:51.859,3.8502199999999998,3.84707,1.5,1
02.08.2021 00:18:51.909,3.85001,3.8470800000000005,1.5,1
02.08.2021 00:18:59.169,3.8502199999999998,3.84707,1.5,1
02.08.2021 00:19:01.401,3.85011,3.8470800000000005,1.5,1
02.08.2021 00:19:01.533,3.85012,3.84707,1.5,1
02.08.2021 00:19:04.323,3.85001,3.8470800000000005,1.5,1
02.08.2021 00:19:04.524,3.8500199999999998,3.84707,1.5,1
02.08.2021 00:19:05.498,3.8500199999999998,3.84707,1.5,1
02.08.2021 00:19:05.699,3.85001,3.8470800000000005,1.5,1
02.08.2021 00:19:05.900,3.8500199999999998,3.84707,1.5,1
02.08.2021 00:19:06.102,3.8500199999999998,3.84707,1.5,1
02.08.2021 00:19:06.303,3.8500199999999998,3.84707,1.5,1
02.08.2021 00:19:06.505,3.8500199999999998,3.84707,1.5,1
02.08.2021 00:19:08.098,3.8499800000000004,3.84707,1.5,1
02.08.2021 00:19:15.645,3.84972,3.84707,1.5,1
02.08.2021 00:19:15.841,3.84972,3.84707,1.5,1
02.08.2021 00:19:19.043,3.84971,3.8470800000000005,1.5,1
02.08.2021 00:19:22.547,3.84972,3.84707,1.5,1
02.08.2021 00:19:22.757,3.84972,3.84707,1.5,1
02.08.2021 00:19:22.909,3.84971,3.8470800000000005,1.5,1
02.08.2021 00:19:34.562,3.84972,3.84707,1.5,1
02.08.2021 00:19:38.682,3.8498699999999997,3.8470800000000005,1.5,1
02.08.2021 00:19:38.874,3.8498699999999997,3.8470800000000005,1.5,1
02.08.2021 00:19:41.553,3.84991,3.8470800000000005,1.5,1
02.08.2021 00:19:41.859,3.84982,3.84707,1.5,1
02.08.2021 00:19:42.237,3.84962,3.84707,1.5,1
02.08.2021 00:19:42.338,3.8499300000000005,3.84707,1.5,1
02.08.2021 00:19:42.525,3.84972,3.84707,1.5,1
02.08.2021 00:19:44.229,3.84981,3.8470800000000005,1.5,1
02.08.2021 00:19:44.384,3.84981,3.8470800000000005,1.5,1
02.08.2021 00:19:45.261,3.84992,3.84707,1.5,1
02.08.2021 00:19:45.420,3.84982,3.84707,1.5,1
02.08.2021 00:19:48.935,3.85017,3.8470800000000005,1.5,1
02.08.2021 00:19:52.458,3.84991,3.8470800000000005,1.5,1
02.08.2021 00:19:52.587,3.84991,3.8470800000000005,1.5,1
02.08.2021 00:19:53.755,3.8501800000000004,3.84707,1.5,1
02.08.2021 00:19:57.590,3.84991,3.8470800000000005,1.5,1
02.08.2021 00:19:58.186,3.8500199999999998,3.84707,1.5,1
02.08.2021 00:19:58.508,3.8500199999999998,3.84707,1.5,1
02.08.2021 00:20:09.548,3.85017,3.8473400000000004,1.5,1
02.08.2021 00:20:09.664,3.8501800000000004,3.8473300000000004,1.5,1
02.08.2021 00:20:25.259,3.8501300000000005,3.8473300000000004,1.5,1
02.08.2021 00:20:27.364,3.84981,3.8473400000000004,1.5,1
02.08.2021 00:20:30.588,3.8500199999999998,3.8473300000000004,1.5,1
02.08.2021 00:20:30.845,3.85001,3.8473400000000004,1.5,1
02.08.2021 00:20:31.053,3.8502199999999998,3.8473300000000004,1.5,1
02.08.2021 00:20:31.316,3.8502199999999998,3.8473300000000004,1.5,1
02.08.2021 00:20:33.713,3.84991,3.8473400000000004,1.5,1
02.08.2021 00:20:33.870,3.8500199999999998,3.8473300000000004,1.5,1
02.08.2021 00:20:34.075,3.8500199999999998,3.8473300000000004,1.5,1
02.08.2021 00:20:40.622,3.8502199999999998,3.8473300000000004,1.5,1
02.08.2021 00:20:44.241,3.8504199999999997,3.8473300000000004,1.5,1
02.08.2021 00:20:44.399,3.8502199999999998,3.8473300000000004,1.5,1
02.08.2021 00:20:47.439,3.8502199999999998,3.8473300000000004,1.5,1
02.08.2021 00:20:50.577,3.8504800000000006,3.8473300000000004,1.5,1
02.08.2021 00:20:50.731,3.85032,3.8473300000000004,1.5,1
02.08.2021 00:20:52.659,3.85012,3.8473300000000004,1.5,1
02.08.2021 00:20:52.821,3.85012,3.8473300000000004,1.5,1
02.08.2021 00:20:53.713,3.85012,3.8473300000000004,1.5,1
02.08.2021 00:20:53.914,3.85001,3.8473300000000004,1.5,1
02.08.2021 00:21:04.099,3.85012,3.8473300000000004,1.5,1
02.08.2021 00:21:08.592,3.85011,3.8473400000000004,1.5,1
02.08.2021 00:21:08.748,3.85011,3.8473400000000004,1.5,1
02.08.2021 00:21:11.163,3.85011,3.8473400000000004,1.5,1
02.08.2021 00:21:16.362,3.85021,3.8473400000000004,1.5,1
02.08.2021 00:21:16.551,3.84982,3.8473300000000004,1.5,1
02.08.2021 00:21:16.898,3.84981,3.8473400000000004,1.5,1
02.08.2021 00:21:18.190,3.84982,3.8471,1.5,1
02.08.2021 00:21:24.161,3.84981,3.8471100000000003,1.5,1
02.08.2021 00:21:32.738,3.84982,3.8471,1.5,1
02.08.2021 00:21:32.839,3.84982,3.8469,1.5,1
02.08.2021 00:21:32.899,3.84982,3.8469,1.5,1
02.08.2021 00:21:35.302,3.8500199999999998,3.8469,1.5,1
02.08.2021 00:21:40.148,3.84982,3.8469,1.5,1
02.08.2021 00:21:41.351,3.84982,3.8469,1.5,1
02.08.2021 00:21:51.613,3.84972,3.8469,1.5,1
02.08.2021 00:21:52.337,3.84991,3.84691,1.5,1
02.08.2021 00:21:54.626,3.84971,3.84691,1.5,1
02.08.2021 00:21:54.832,3.84972,3.8469,1.5,1
02.08.2021 00:21:54.984,3.84972,3.8469,1.5,1
02.08.2021 00:21:57.230,3.84972,3.8469,1.5,1
02.08.2021 00:21:57.385,3.84952,3.8469,1.5,1
02.08.2021 00:21:57.587,3.84972,3.8469,1.5,1
02.08.2021 00:22:02.557,3.84972,3.8469,1.5,1
02.08.2021 00:22:05.866,3.84972,3.8469,1.5,1
02.08.2021 00:22:07.212,3.84991,3.84691,1.5,1
02.08.2021 00:22:10.783,3.84991,3.84691,1.5,1
02.08.2021 00:22:12.531,3.84992,3.8469,1.5,1
02.08.2021 00:22:15.496,3.84991,3.84691,1.5,1
02.08.2021 00:22:18.540,3.84992,3.8469,1.5,1
02.08.2021 00:22:21.955,3.8502199999999998,3.8469,1.5,1
02.08.2021 00:22:22.387,3.85012,3.8469,1.5,1
02.08.2021 00:22:27.801,3.8500199999999998,3.8469,1.5,1
02.08.2021 00:22:41.820,3.8500199999999998,3.8469,1.5,1
02.08.2021 00:22:44.566,3.85001,3.84691,1.5,1
02.08.2021 00:22:44.766,3.85012,3.8469,1.5,1
02.08.2021 00:22:45.769,3.8502300000000003,3.8469,1.5,1
02.08.2021 00:22:47.810,3.8501300000000005,3.8469,1.5,1
02.08.2021 00:22:48.419,3.8503400000000005,3.84691,1.5,1
02.08.2021 00:22:48.543,3.8501800000000004,3.8469,1.5,1
02.08.2021 00:22:51.500,3.85017,3.8470400000000002,1.5,1
02.08.2021 00:22:54.790,3.8502300000000003,3.8470300000000006,1.5,1
02.08.2021 00:22:55.093,3.8502300000000003,3.8470300000000006,1.5,1
02.08.2021 00:22:55.803,3.8502300000000003,3.8470300000000006,1.5,1
02.08.2021 00:22:58.603,3.8502300000000003,3.8470300000000006,1.5,1
02.08.2021 00:23:00.444,3.8502300000000003,3.8470300000000006,1.5,1
02.08.2021 00:23:01.426,3.85032,3.8470800000000005,1.5,1
02.08.2021 00:23:03.654,3.8502800000000006,3.8470800000000005,1.5,1
02.08.2021 00:23:08.683,3.8502300000000003,3.8470800000000005,1.5,1
02.08.2021 00:23:11.846,3.8501300000000005,3.8470800000000005,1.5,1
02.08.2021 00:23:20.608,3.8501300000000005,3.8468,1.5,1
02.08.2021 00:23:21.518,3.8501300000000005,3.8468,1.5,1
02.08.2021 00:23:30.243,3.8501300000000005,3.8468,1.5,1
02.08.2021 00:23:38.165,3.8500300000000003,3.8468,1.5,1
02.08.2021 00:23:42.366,3.8499300000000005,3.8468,1.5,1
02.08.2021 00:23:42.518,3.8499300000000005,3.8468,1.5,1
02.08.2021 00:23:46.440,3.84977,3.84681,1.5,1
02.08.2021 00:23:47.176,3.8499300000000005,3.8468,1.5,1
02.08.2021 00:23:50.860,3.8497800000000004,3.8468,1.5,1
02.08.2021 00:24:00.250,3.8499800000000004,3.8468,1.5,1
02.08.2021 00:24:01.321,3.84997,3.84681,1.5,1
02.08.2021 00:24:03.200,3.8499800000000004,3.8468,1.5,1
02.08.2021 00:24:04.089,3.84992,3.84681,1.5,1
02.08.2021 00:24:19.076,3.85001,3.84681,1.5,1
02.08.2021 00:24:22.273,3.8500199999999998,3.8468,1.5,1
02.08.2021 00:24:23.366,3.8500800000000006,3.8468,1.5,1
02.08.2021 00:24:23.520,3.85007,3.84681,1.5,1
02.08.2021 00:24:29.391,3.8500300000000003,3.8468,1.5,1
02.08.2021 00:24:36.368,3.8500300000000003,3.8468,1.5,1
02.08.2021 00:24:48.431,3.8500300000000003,3.8468,1.5,1
02.08.2021 00:25:32.043,3.8499300000000005,3.8468,1.5,1
02.08.2021 00:25:58.521,3.8499800000000004,3.8468,1.5,1
02.08.2021 00:26:09.601,3.8500199999999998,3.8468,1.5,1
02.08.2021 00:26:16.382,3.8501300000000005,3.8468,1.5,1
02.08.2021 00:26:16.525,3.8501300000000005,3.8468,1.5,1
02.08.2021 00:26:41.086,3.85012,3.84681,1.5,1
02.08.2021 00:26:42.838,3.8502800000000006,3.8468,1.5,1
02.08.2021 00:26:45.376,3.8502300000000003,3.8468,1.5,1
02.08.2021 00:26:49.546,3.8502300000000003,3.8468,1.5,1
02.08.2021 00:26:49.749,3.8502300000000003,3.8468,1.5,1
02.08.2021 00:27:13.108,3.85017,3.84681,1.5,1
02.08.2021 00:27:40.121,3.84997,3.84681,1.5,1
02.08.2021 00:27:40.272,3.8499300000000005,3.8468,1.5,1
02.08.2021 00:27:44.884,3.84997,3.84681,1.5,1
02.08.2021 00:27:50.453,3.8498300000000003,3.8468,1.5,1
02.08.2021 00:27:59.891,3.8498800000000006,3.8468,1.5,1
02.08.2021 00:28:01.823,3.85007,3.84681,1.5,1
02.08.2021 00:28:12.537,3.8499300000000005,3.8468,1.5,1
02.08.2021 00:28:14.841,3.8498300000000003,3.8468,1.5,1
02.08.2021 00:28:15.380,3.8500300000000003,3.8468,1.5,1
02.08.2021 00:28:17.534,3.8500300000000003,3.8468,1.5,1
02.08.2021 00:28:19.915,3.8499300000000005,3.8468,1.5,1
02.08.2021 00:28:25.660,3.8499300000000005,3.8468,1.5,1
02.08.2021 00:28:30.247,3.84997,3.84681,1.5,1
02.08.2021 00:28:49.788,3.8500199999999998,3.8468,1.5,1
02.08.2021 00:28:49.942,3.85001,3.84681,1.5,1
02.08.2021 00:28:51.338,3.8500199999999998,3.8468,1.5,1
02.08.2021 00:28:51.541,3.85001,3.84681,1.5,1
02.08.2021 00:28:53.338,3.85001,3.84681,1.5,1
02.08.2021 00:28:53.541,3.8500199999999998,3.8468,1.5,1
02.08.2021 00:28:54.147,3.8501300000000005,3.8468,1.5,1
02.08.2021 00:29:07.523,3.8501300000000005,3.8468,1.5,1
02.08.2021 00:29:07.724,3.85012,3.84681,1.5,1
02.08.2021 00:29:14.013,3.85007,3.84681,1.5,1
02.08.2021 00:29:22.516,3.8501800000000004,3.8468,1.5,1
02.08.2021 00:29:22.667,3.8501800000000004,3.8468,1.5,1
02.08.2021 00:29:38.303,3.8501800000000004,3.8468,1.5,1
02.08.2021 00:29:53.700,3.8501800000000004,3.8468,1.5,1
02.08.2021 00:29:53.852,3.8501800000000004,3.8468,1.5,1
02.08.2021 00:29:54.910,3.8503300000000005,3.8468,1.5,1
02.08.2021 00:30:04.804,3.8503300000000005,3.8468,1.5,1.5
02.08.2021 00:30:05.120,3.8503300000000005,3.8468,1.5,1.5
02.08.2021 00:30:05.907,3.85032,3.84681,1.5,1
02.08.2021 00:30:05.958,3.8502800000000006,3.8468,1.5,1
02.08.2021 00:30:08.951,3.85027,3.84681,1.5,1
02.08.2021 00:30:14.514,3.8503300000000005,3.8470800000000005,1.5,1
02.08.2021 00:30:14.671,3.8503800000000004,3.8470800000000005,1.5,1
02.08.2021 00:30:15.278,3.85041,3.84709,1.5,1
02.08.2021 00:30:15.404,3.8504199999999997,3.8470800000000005,1.5,1
02.08.2021 00:30:16.718,3.85041,3.84709,1.5,1
02.08.2021 00:30:30.349,3.8505300000000005,3.8470800000000005,1.5,1
02.08.2021 00:30:30.454,3.8506500000000004,3.8473800000000007,1.5,1
02.08.2021 00:30:30.508,3.8506400000000003,3.8473900000000003,1.5,1
02.08.2021 00:30:30.764,3.8506199999999997,3.8473900000000003,1.5,1
02.08.2021 00:30:31.498,3.8506199999999997,3.8473900000000003,1.5,1
02.08.2021 00:30:32.393,3.85075,3.8473800000000007,1.5,1
02.08.2021 00:30:37.529,3.8508500000000003,3.8473800000000007,1.5,1
02.08.2021 00:30:37.944,3.85095,3.8475699999999997,1.5,1
02.08.2021 00:30:38.099,3.8509400000000005,3.8475800000000007,1.5,1
02.08.2021 00:30:46.444,3.8510300000000006,3.8475699999999997,1.5,1
02.08.2021 00:30:46.889,3.8510300000000006,3.8475699999999997,1.5,1
02.08.2021 00:30:47.840,3.85092,3.8475699999999997,1.5,1
02.08.2021 00:30:48.012,3.85091,3.8475800000000007,1.5,1
02.08.2021 00:30:48.215,3.85091,3.8475800000000007,1.5,1
02.08.2021 00:30:48.530,3.85091,3.8475800000000007,1.5,1
02.08.2021 00:30:48.730,3.85092,3.8475699999999997,1.5,1
02.08.2021 00:30:49.336,3.85092,3.8475699999999997,1.5,1
02.08.2021 00:30:50.789,3.85091,3.8475800000000007,1.5,1
02.08.2021 00:30:51.004,3.85092,3.8475699999999997,1.5,1
02.08.2021 00:30:51.207,3.85091,3.8475800000000007,1.5,1
02.08.2021 00:30:51.532,3.85092,3.8475699999999997,1.5,1
02.08.2021 00:30:51.736,3.85092,3.8475699999999997,1.5,1
02.08.2021 00:30:52.009,3.85092,3.8475699999999997,1.5,1
02.08.2021 00:30:52.363,3.85092,3.8475699999999997,1.5,1
02.08.2021 00:30:52.564,3.85091,3.8475800000000007,1.5,1
02.08.2021 00:30:52.766,3.85091,3.8475800000000007,1.5,1
02.08.2021 00:30:53.049,3.85092,3.8475699999999997,1.5,1
02.08.2021 00:30:53.251,3.85091,3.8475800000000007,1.5,1
02.08.2021 00:30:53.473,3.85091,3.8475800000000007,1.5,1
02.08.2021 00:30:56.634,3.8509800000000003,3.8475699999999997,1.5,1
02.08.2021 00:31:04.576,3.8510800000000005,3.8475699999999997,1.5,1
02.08.2021 00:31:04.979,3.8510800000000005,3.8475699999999997,1.5,1
02.08.2021 00:31:05.582,3.8510800000000005,3.8475699999999997,1.5,1
02.08.2021 00:31:05.985,3.8510800000000005,3.8475699999999997,1.5,1
02.08.2021 00:31:06.330,3.8510800000000005,3.8475699999999997,1.5,1
02.08.2021 00:31:06.532,3.8510800000000005,3.8475699999999997,1.5,1
02.08.2021 00:31:07.138,3.85107,3.8475800000000007,1.5,1
02.08.2021 00:31:07.572,3.8510800000000005,3.8475699999999997,1.5,1
02.08.2021 00:31:07.773,3.8510800000000005,3.8475699999999997,1.5,1
02.08.2021 00:31:08.010,3.85102,3.8475800000000007,1.5,1
02.08.2021 00:31:10.599,3.8510800000000005,3.8475699999999997,1.5,1
02.08.2021 00:31:10.800,3.8510300000000006,3.8475699999999997,1.5,1
02.08.2021 00:31:17.984,3.8510800000000005,3.8475699999999997,1.5,1
02.08.2021 00:31:19.170,3.85102,3.8475800000000007,1.5,1
02.08.2021 00:31:59.260,3.8510300000000006,3.8475699999999997,1.5,1
02.08.2021 00:31:59.461,3.85102,3.8475800000000007,1.5,1
02.08.2021 00:32:02.291,3.85092,3.8475800000000007,1.5,1
02.08.2021 00:32:09.219,3.8509300000000004,3.84775,1.5,1
02.08.2021 00:32:09.521,3.8510800000000005,3.84764,1.5,1
02.08.2021 00:32:09.855,3.8510800000000005,3.84781,1.5,1
02.08.2021 00:32:11.399,3.8511800000000003,3.84781,1.5,1
02.08.2021 00:32:15.822,3.8511300000000004,3.84781,1.5,1
02.08.2021 00:32:20.898,3.8510300000000006,3.84781,1.5,1
02.08.2021 00:32:21.415,3.8511300000000004,3.84781,1.5,1
02.08.2021 00:32:33.066,3.8510300000000006,3.84781,1.5,1
02.08.2021 00:32:34.828,3.8510300000000006,3.84781,1.5,1
02.08.2021 00:32:41.880,3.85102,3.8477,1.5,1
02.08.2021 00:32:51.926,3.8510800000000005,3.8476900000000005,1.5,1
02.08.2021 00:32:52.079,3.8510800000000005,3.8476900000000005,1.5,1
02.08.2021 00:33:08.212,3.85102,3.8477,1.5,1
02.08.2021 00:33:12.284,3.8510300000000006,3.84776,1.5,1
02.08.2021 00:33:25.530,3.8510800000000005,3.84776,1.5,1
02.08.2021 00:33:25.732,3.8510300000000006,3.84776,1.5,1
02.08.2021 00:33:26.304,3.8510300000000006,3.84776,1.5,1
02.08.2021 00:33:29.857,3.8510300000000006,3.84776,1.5,1
02.08.2021 00:33:34.552,3.8510300000000006,3.84776,1.5,1
02.08.2021 00:33:34.895,3.8510300000000006,3.84776,1.5,1
02.08.2021 00:33:35.113,3.8510300000000006,3.84776,1.5,1
02.08.2021 00:33:35.393,3.85102,3.8477699999999997,1.5,1
02.08.2021 00:33:57.966,3.85115,3.8477400000000004,1.5,1
02.08.2021 00:33:58.067,3.8511400000000005,3.84747,1.5,1
02.08.2021 00:33:58.117,3.8510300000000006,3.84761,1.5,1
02.08.2021 00:33:58.218,3.85102,3.84762,1.5,1
02.08.2021 00:33:58.407,3.8509300000000004,3.8474500000000003,1.5,1
02.08.2021 00:34:09.212,3.85075,3.8474500000000003,1.5,1
02.08.2021 00:34:09.414,3.8506199999999997,3.84746,1.5,1
02.08.2021 00:34:10.192,3.8505300000000005,3.8474500000000003,1.5,1
02.08.2021 00:34:11.215,3.85052,3.8472000000000004,1.5,1
02.08.2021 00:34:12.798,3.8506199999999997,3.8472000000000004,1.5,1
02.08.2021 00:34:15.000,3.8505300000000005,3.8471900000000003,1.5,1
02.08.2021 00:34:19.548,3.8505300000000005,3.8471900000000003,1.5,1
02.08.2021 00:34:24.350,3.8505300000000005,3.8471900000000003,1.5,1
02.08.2021 00:34:29.496,3.8505300000000005,3.8471900000000003,1.5,1
02.08.2021 00:34:53.408,3.8506400000000003,3.8472000000000004,1.5,1
02.08.2021 00:34:58.835,3.8506400000000003,3.8472000000000004,1.5,1
02.08.2021 00:35:02.738,3.85057,3.8473400000000004,1.5,1
02.08.2021 00:35:14.412,3.8505800000000003,3.8473300000000004,1.5,1
02.08.2021 00:35:14.566,3.8505800000000003,3.8473300000000004,1.5,1
02.08.2021 00:35:23.085,3.85067,3.8473400000000004,1.5,1
02.08.2021 00:35:24.424,3.8506800000000005,3.8473300000000004,1.5,1
02.08.2021 00:35:24.491,3.8506800000000005,3.8473300000000004,1.5,1
02.08.2021 00:35:26.030,3.8505800000000003,3.8473300000000004,1.5,1
02.08.2021 00:37:11.052,3.85075,3.8473300000000004,1.5,1
02.08.2021 00:37:22.865,3.8506800000000005,3.8473300000000004,1.5,1
02.08.2021 00:37:34.390,3.8505800000000003,3.8473300000000004,1.5,1
02.08.2021 00:37:34.591,3.8504800000000006,3.8473300000000004,1.5,1
02.08.2021 00:37:34.642,3.85052,3.8473400000000004,1.5,1
02.08.2021 00:37:37.520,3.8504800000000006,3.84707,1.5,1
02.08.2021 00:37:45.940,3.85057,3.8470800000000005,1.5,1
02.08.2021 00:37:46.314,3.8505300000000005,3.84707,1.5,1
02.08.2021 00:37:48.888,3.85047,3.8470800000000005,1.5,1
02.08.2021 00:37:49.091,3.85037,3.8470800000000005,1.5,1
02.08.2021 00:37:55.670,3.8502199999999998,3.8470800000000005,1.5,1
02.08.2021 00:37:56.277,3.8502800000000006,3.84707,1.5,1
02.08.2021 00:38:05.375,3.8502800000000006,3.84707,1.5,1
02.08.2021 00:38:11.631,3.85032,3.8470800000000005,1.5,1
02.08.2021 00:38:12.332,3.8503300000000005,3.847,1.5,1
02.08.2021 00:38:23.985,3.85017,3.84701,1.5,1
02.08.2021 00:38:24.036,3.8500800000000006,3.84671,1.5,1
02.08.2021 00:38:24.086,3.8500800000000006,3.84671,1.5,1
02.08.2021 00:38:24.251,3.8500199999999998,3.84672,1.5,1
02.08.2021 00:38:31.061,3.84992,3.84672,1.5,1
02.08.2021 00:38:40.773,3.84992,3.84672,1.5,1
02.08.2021 00:38:40.973,3.85005,3.84671,1.5,1
02.08.2021 00:38:44.865,3.84995,3.8464500000000004,1.5,1
02.08.2021 00:38:44.916,3.8499300000000005,3.8464500000000004,1.5,1
02.08.2021 00:38:45.117,3.8498300000000003,3.8464500000000004,1.5,1
02.08.2021 00:38:53.327,3.84977,3.84646,1.5,1
02.08.2021 00:38:55.202,3.84977,3.84646,1.5,1
02.08.2021 00:38:57.841,3.84992,3.8464500000000004,1.5,1
02.08.2021 00:38:58.031,3.8498699999999997,3.84646,1.5,1
02.08.2021 00:38:58.532,3.84972,3.8464500000000004,1.5,1
02.08.2021 00:38:58.582,3.84977,3.84646,1.5,1
02.08.2021 00:39:01.324,3.8496800000000007,3.8464500000000004,1.5,1
02.08.2021 00:39:05.115,3.84985,3.8464500000000004,1.5,1
02.08.2021 00:39:11.341,3.84985,3.8464500000000004,1.5,1
02.08.2021 00:39:11.505,3.84985,3.8464500000000004,1.5,1
02.08.2021 00:39:14.084,3.84985,3.8464500000000004,1.5,1
02.08.2021 00:39:14.285,3.84985,3.8464500000000004,1.5,1.5
02.08.2021 00:39:14.487,3.8498400000000004,3.84646,1.5,1
02.08.2021 00:39:18.185,3.8498699999999997,3.84646,1.5,1
02.08.2021 00:39:18.438,3.8498699999999997,3.84646,1.5,1
02.08.2021 00:39:22.322,3.85005,3.8464500000000004,1.5,1.5
02.08.2021 00:39:22.473,3.85005,3.8464500000000004,1.5,1.5
02.08.2021 00:39:24.333,3.8499800000000004,3.8464500000000004,1.5,1
02.08.2021 00:39:27.415,3.8499800000000004,3.8464500000000004,1.5,1.12
02.08.2021 00:39:28.151,3.8498800000000006,3.8464500000000004,1.5,1
02.08.2021 00:39:34.098,3.8498699999999997,3.84646,1.5,1
02.08.2021 00:39:50.967,3.8498800000000006,3.8464500000000004,1.5,1
02.08.2021 00:39:53.489,3.84992,3.8464500000000004,1.5,1
02.08.2021 00:40:09.019,3.8499300000000005,3.8464500000000004,1.5,1
02.08.2021 00:40:09.221,3.8498800000000006,3.8464500000000004,1.5,1
02.08.2021 00:40:11.745,3.8498800000000006,3.8466400000000003,1.5,1
02.08.2021 00:40:26.117,3.8499300000000005,3.8466400000000003,1.5,1
02.08.2021 00:40:26.612,3.84997,3.8466500000000003,1.5,1
02.08.2021 00:40:26.785,3.8499800000000004,3.8466400000000003,1.5,1
02.08.2021 00:40:33.488,3.8499300000000005,3.8466400000000003,1.5,1
02.08.2021 00:41:29.438,3.8498699999999997,3.8466500000000003,1.5,1
02.08.2021 00:41:37.139,3.8498800000000006,3.8466400000000003,1.5,1
02.08.2021 00:41:56.721,3.8499300000000005,3.8466400000000003,1.5,1
02.08.2021 00:41:56.879,3.8499300000000005,3.8466400000000003,1.5,1
02.08.2021 00:42:01.285,3.84992,3.84667,1.5,1
02.08.2021 00:43:36.917,3.8498800000000006,3.84666,1.5,1
02.08.2021 00:44:15.168,3.8498800000000006,3.84666,1.5,1
02.08.2021 00:44:21.589,3.8498699999999997,3.84667,1.5,1
02.08.2021 00:44:32.402,3.8498800000000006,3.84666,1.5,1
02.08.2021 00:45:12.969,3.8499800000000004,3.84666,1.5,1
02.08.2021 00:45:13.728,3.8500199999999998,3.84666,1.5,1
02.08.2021 00:45:15.776,3.8501800000000004,3.84692,1.5,1
02.08.2021 00:45:15.927,3.8502300000000003,3.84692,1.5,1
02.08.2021 00:45:20.468,3.8502300000000003,3.84692,1.5,1
02.08.2021 00:45:22.487,3.8502199999999998,3.8469300000000004,1.5,1
02.08.2021 00:45:23.035,3.8502300000000003,3.84692,1.5,1
02.08.2021 00:45:23.236,3.8504300000000007,3.84692,1.5,1
02.08.2021 00:45:23.855,3.8504199999999997,3.8471900000000003,1.5,1
02.08.2021 00:45:28.987,3.8504800000000006,3.8471800000000003,1.5,1
02.08.2021 00:45:37.012,3.8504800000000006,3.8471800000000003,1.5,1
02.08.2021 00:45:38.625,3.8504300000000007,3.8471800000000003,1.5,1
02.08.2021 00:45:52.206,3.8503300000000005,3.8471800000000003,1.5,1
02.08.2021 00:45:52.767,3.8503800000000004,3.8471800000000003,1.5,1
02.08.2021 00:45:53.194,3.85032,3.8471900000000003,1.5,1
02.08.2021 00:45:53.395,3.8502199999999998,3.8471900000000003,1.5,1
02.08.2021 00:45:54.390,3.8502300000000003,3.8471800000000003,1.5,1
02.08.2021 00:45:55.137,3.8504300000000007,3.8471800000000003,1.5,1
02.08.2021 00:45:55.743,3.8504800000000006,3.8471800000000003,1.5,1
02.08.2021 00:45:57.395,3.8504800000000006,3.8471800000000003,1.5,1
02.08.2021 00:45:57.796,3.8503300000000005,3.8471800000000003,1.5,1
02.08.2021 00:46:01.264,3.8502300000000003,3.8471800000000003,1.5,1
02.08.2021 00:46:24.278,3.8500800000000006,3.84692,1.5,1
02.08.2021 00:46:24.375,3.8500800000000006,3.84692,1.5,1
02.08.2021 00:46:26.454,3.8500199999999998,3.8469300000000004,1.5,1
02.08.2021 00:46:26.843,3.8502199999999998,3.8469300000000004,1.5,1
02.08.2021 00:46:28.607,3.8502300000000003,3.84692,1.5,1
02.08.2021 00:46:40.409,3.85027,3.8469300000000004,1.5,1
02.08.2021 00:46:45.792,3.8502300000000003,3.84692,1.5,1
02.08.2021 00:46:50.090,3.8502199999999998,3.8469300000000004,1.5,1
02.08.2021 00:46:52.478,3.8502800000000006,3.84692,1.5,1
02.08.2021 00:46:54.294,3.85037,3.8469300000000004,1.5,1
02.08.2021 00:46:55.443,3.85037,3.84689,1.5,1
02.08.2021 00:46:56.009,3.8503800000000004,3.8471400000000004,1.5,1
02.08.2021 00:46:56.781,3.8504300000000007,3.8471400000000004,1.5,1
02.08.2021 00:46:57.076,3.8504300000000007,3.8471400000000004,1.5,1
02.08.2021 00:46:59.505,3.85047,3.84715,1.5,1
02.08.2021 00:47:04.456,3.8504199999999997,3.84715,1.5,1
02.08.2021 00:47:05.590,3.8504199999999997,3.84715,1.5,1
02.08.2021 00:47:15.049,3.8504300000000007,3.8471400000000004,1.5,1
02.08.2021 00:47:38.268,3.85052,3.84715,1.5,1
02.08.2021 00:47:38.443,3.8505800000000003,3.8471400000000004,1.5,1
02.08.2021 00:47:41.423,3.85047,3.84715,1.5,1
02.08.2021 00:47:41.625,3.85057,3.84715,1.5,1
02.08.2021 00:47:58.115,3.85061,3.84715,1.5,1.5
02.08.2021 00:47:58.215,3.8507300000000004,3.8474300000000006,1.5,1
02.08.2021 00:47:58.908,3.8507300000000004,3.8474300000000006,1.5,1
02.08.2021 00:48:07.909,3.8507300000000004,3.84627,1.5,1.5
02.08.2021 00:48:08.036,3.8507300000000004,3.84627,1.5,1.5
02.08.2021 00:48:09.290,3.8507300000000004,3.84632,1.5,1.5
02.08.2021 00:48:09.686,3.8507300000000004,3.84632,1.5,1.5
02.08.2021 00:48:14.067,3.8508300000000006,3.8462199999999998,1.5,1.5
02.08.2021 00:48:19.347,3.8508300000000006,3.8462199999999998,1.5,1.5
02.08.2021 00:48:23.590,3.8508500000000003,3.8464199999999997,1.5,1.5
02.08.2021 00:48:25.626,3.8508300000000006,3.8464199999999997,1.5,1.5
02.08.2021 00:48:25.830,3.8507800000000003,3.8462199999999998,1.5,1.5
02.08.2021 00:48:27.243,3.85067,3.8462300000000003,1.5,1.5
02.08.2021 00:48:30.318,3.8505800000000003,3.84632,1.5,1.5
02.08.2021 00:48:31.529,3.85037,3.8462300000000003,1.5,1.5
02.08.2021 00:48:54.110,3.8504199999999997,3.84592,1.5,1.5
02.08.2021 00:48:58.799,3.85067,3.8464199999999997,1.5,1.5
02.08.2021 00:48:59.260,3.85066,3.8467300000000004,1.5,1.5
02.08.2021 00:48:59.670,3.85072,3.8467300000000004,1.5,1.5
02.08.2021 00:48:59.871,3.8501800000000004,3.8461300000000005,1.5,1.5
02.08.2021 00:49:00.072,3.8504300000000007,3.84632,1.5,1.5
02.08.2021 00:49:00.273,3.8504800000000006,3.8460199999999998,1.5,1.5
02.08.2021 00:49:01.763,3.8504300000000007,3.84597,1.5,1.5
02.08.2021 00:49:02.243,3.8505400000000005,3.84592,1.5,1.5
02.08.2021 00:49:03.459,3.8505400000000005,3.84612,1.5,1.5
02.08.2021 00:49:18.041,3.85067,3.8468800000000005,1.5,1.5
02.08.2021 00:49:18.091,3.8509300000000004,3.8469,1.5,1.5
02.08.2021 00:49:18.300,3.8506800000000005,3.84656,1.5,1.5
02.08.2021 00:49:18.670,3.85092,3.84716,1.5,1
02.08.2021 00:49:18.791,3.85087,3.84672,1.5,1.5
02.08.2021 00:49:18.841,3.85087,3.84672,1.5,1.5
02.08.2021 00:49:19.302,3.8508300000000006,3.84672,1.5,1.5
02.08.2021 00:49:19.679,3.8507300000000004,3.8466199999999997,1.5,1.5
02.08.2021 00:49:34.698,3.8509300000000004,3.8466199999999997,1.5,1.5
02.08.2021 00:49:34.899,3.8508300000000006,3.8466199999999997,1.5,1.5
02.08.2021 00:49:40.705,3.8508300000000006,3.84652,1.5,1.5
02.08.2021 00:49:43.267,3.85081,3.84712,1.5,1.5
02.08.2021 00:49:43.468,3.8508,3.8471300000000004,1.5,1
02.08.2021 00:49:43.712,3.85067,3.8471300000000004,1.5,1
02.08.2021 00:49:43.763,3.8508,3.8471300000000004,1.5,1.5
02.08.2021 00:49:49.058,3.8505300000000005,3.84632,1.5,1.5
02.08.2021 00:49:51.537,3.85007,3.8461000000000003,1.5,1.5
02.08.2021 00:49:51.709,3.8504300000000007,3.84592,1.5,1.5
02.08.2021 00:49:52.151,3.85017,3.8459300000000005,1.5,1.5
02.08.2021 00:49:52.251,3.8498,3.8458699999999997,1,1.5
02.08.2021 00:49:52.302,3.8502,3.8458900000000003,1.5,1.5
02.08.2021 00:49:52.503,3.8496800000000007,3.8457300000000005,1,1.5
02.08.2021 00:49:52.554,3.8496800000000007,3.8457300000000005,1,1.5
02.08.2021 00:49:52.604,3.8495500000000002,3.8456699999999997,1,1.5
02.08.2021 00:49:52.655,3.85037,3.8459300000000005,1.5,1.5
02.08.2021 00:49:52.756,3.84977,3.8458800000000006,1,1.5
02.08.2021 00:49:52.935,3.8502300000000003,3.8458699999999997,1.5,1.5
02.08.2021 00:49:53.573,3.8504300000000007,3.84592,1.5,1.5
02.08.2021 00:49:53.721,3.85049,3.84592,1.5,1.5
02.08.2021 00:49:53.771,3.85049,3.8460199999999998,1.5,1.5
02.08.2021 00:49:55.124,3.85049,3.84617,1.5,1.5
02.08.2021 00:49:55.225,3.85049,3.8460199999999998,1.5,1.5
02.08.2021 00:49:57.306,3.8506199999999997,3.8469300000000004,1.5,1.5
02.08.2021 00:49:58.226,3.8508300000000006,3.8466300000000007,1.5,1.5
02.08.2021 00:49:58.382,3.8505300000000005,3.84652,1.5,1.5
02.08.2021 00:49:59.724,3.85052,3.8465300000000004,1.5,1.5
02.08.2021 00:50:00.441,3.85052,3.8466300000000007,1.5,1.5
02.08.2021 00:50:11.385,3.8504300000000007,3.84652,1.5,1.5
02.08.2021 00:50:16.338,3.8504300000000007,3.84652,1.5,1.5
02.08.2021 00:50:16.539,3.8505300000000005,3.84652,1.5,1.5
02.08.2021 00:50:16.847,3.8505300000000005,3.84652,1.5,1.5
02.08.2021 00:50:23.306,3.85056,3.8468300000000006,1.5,1.5
02.08.2021 00:50:23.513,3.85057,3.8468199999999997,1.5,1.5
02.08.2021 00:50:23.741,3.8504800000000006,3.84652,1.5,1.5
02.08.2021 00:50:23.943,3.8505400000000005,3.8466199999999997,1.5,1.5
02.08.2021 00:50:24.501,3.8504800000000006,3.8464800000000006,1.5,1.5
02.08.2021 00:50:25.541,3.8503800000000004,3.8465300000000004,1.5,1.5
02.08.2021 00:50:29.382,3.8503900000000004,3.8462199999999998,1.5,1.5
02.08.2021 00:50:49.468,3.8504500000000004,3.84627,1.5,1.5
02.08.2021 00:50:49.623,3.8504500000000004,3.84652,1.5,1.5
02.08.2021 00:50:55.745,3.8504400000000003,3.8462300000000003,1.5,1.5
02.08.2021 00:50:55.945,3.8504500000000004,3.8462199999999998,1.5,1.5
02.08.2021 00:51:00.037,3.8504500000000004,3.8462199999999998,1.5,1.5
02.08.2021 00:51:02.673,3.8504500000000004,3.84652,1.5,1.5
02.08.2021 00:51:02.734,3.8504500000000004,3.84652,1.5,1.5
02.08.2021 00:51:03.562,3.8504500000000004,3.84652,1.5,1.5
02.08.2021 00:51:05.455,3.8504500000000004,3.84652,1.5,1.5
02.08.2021 00:51:05.657,3.8504400000000003,3.8465300000000004,1.5,1.5
02.08.2021 00:51:08.539,3.8497800000000004,3.8459300000000005,1.5,1.5
02.08.2021 00:51:08.731,3.8502800000000006,3.84592,1.5,1.5
02.08.2021 00:51:09.185,3.84982,3.8456900000000003,1.5,1.5
02.08.2021 00:51:09.386,3.8496800000000007,3.8458300000000003,1.5,1.5
02.08.2021 00:51:09.587,3.85035,3.8460199999999998,1.5,1.5
02.08.2021 00:51:09.788,3.85027,3.8460300000000003,1.5,1.5
02.08.2021 00:51:09.990,3.8500900000000002,3.8458400000000004,1.5,1.5
02.08.2021 00:51:10.187,3.8502800000000006,3.84592,1.5,1.5
02.08.2021 00:51:18.710,3.8502800000000006,3.84612,1.5,1.5
02.08.2021 00:51:18.911,3.8502800000000006,3.84612,1.5,1.5
02.08.2021 00:51:20.923,3.85027,3.8461300000000005,1.5,1.5
02.08.2021 00:51:21.123,3.85027,3.8461300000000005,1.5,1.5
02.08.2021 00:51:21.325,3.8502800000000006,3.84612,1.5,1.5
02.08.2021 00:51:21.388,3.8502800000000006,3.84612,1.5,1.5
02.08.2021 00:51:23.577,3.8501900000000004,3.84607,1.5,1.5
02.08.2021 00:51:24.489,3.8500199999999998,3.8456400000000004,1.5,1.5
02.08.2021 00:51:24.812,3.8500800000000006,3.8456300000000003,1.5,1.5
02.08.2021 00:51:25.686,3.85006,3.8462800000000006,1.5,1.5
02.08.2021 00:51:26.832,3.85007,3.84632,1.5,1.5
02.08.2021 00:51:30.941,3.85007,3.84562,1.5,1.5
02.08.2021 00:51:38.114,3.84982,3.84562,1.5,1.5
02.08.2021 00:51:38.924,3.84982,3.84562,1.5,1.5
02.08.2021 00:51:39.509,3.84982,3.84562,1.5,1.5
02.08.2021 00:51:44.933,3.84982,3.84562,1.5,1.5
02.08.2021 00:51:46.856,3.8492699999999997,3.8456300000000003,1,1.5
02.08.2021 00:51:47.036,3.84977,3.84552,1.5,1.5
02.08.2021 00:51:47.467,3.84952,3.8458300000000003,1,1.5
02.08.2021 00:51:47.568,3.8490800000000003,3.84537,1,1.5
02.08.2021 00:51:47.633,3.84911,3.84537,1,1.5
02.08.2021 00:51:47.733,3.8500199999999998,3.8453300000000006,1.5,1.5
02.08.2021 00:51:47.826,3.8500199999999998,3.8453300000000006,1.5,1.5
02.08.2021 00:51:48.030,3.85001,3.84534,1.5,1.5
02.08.2021 00:51:48.081,3.8498699999999997,3.8454400000000004,1.5,1.5
02.08.2021 00:51:48.131,3.84962,3.84541,1,1.5
02.08.2021 00:51:48.182,3.84992,3.84532,1.5,1.5
02.08.2021 00:51:48.368,3.84952,3.8453500000000003,1,1.5
02.08.2021 00:51:48.418,3.84992,3.84534,1.5,1.5
02.08.2021 00:51:48.569,3.84991,3.8453500000000003,1.5,1.5
02.08.2021 00:51:49.235,3.84991,3.8453500000000003,1.5,1.5
02.08.2021 00:51:49.626,3.84992,3.84534,1.5,1.5
02.08.2021 00:51:49.830,3.84992,3.84537,1.5,1.5
02.08.2021 00:51:51.779,3.84981,3.8454,1.5,1.5
02.08.2021 00:51:52.406,3.84992,3.8452699999999997,1.5,1.5
02.08.2021 00:51:52.659,3.84992,3.8452699999999997,1.5,1.5
02.08.2021 00:51:53.327,3.8500300000000003,3.84522,1.5,1.5
02.08.2021 00:51:53.487,3.85007,3.84522,1.5,1.5
02.08.2021 00:51:54.694,3.85007,3.84532,1.5,1.5
02.08.2021 00:51:54.901,3.85007,3.8452699999999997,1.5,1.5
02.08.2021 00:51:55.382,3.85007,3.8452699999999997,1.5,1.5
02.08.2021 00:51:55.542,3.85007,3.8452699999999997,1.5,1.5
02.08.2021 00:52:00.543,3.8497300000000005,3.8454699999999997,1.5,1.5
02.08.2021 00:52:01.502,3.8497300000000005,3.84552,1.5,1.5
02.08.2021 00:52:05.904,3.8497300000000005,3.84512,1.5,1.5
02.08.2021 00:52:12.375,3.8495800000000004,3.8451300000000006,1.5,1.5
02.08.2021 00:52:12.620,3.84972,3.84511,1.5,1.5
02.08.2021 00:52:12.780,3.8495300000000006,3.84497,1.5,1.5
02.08.2021 00:52:13.247,3.8495300000000006,3.84522,1.5,1.5
02.08.2021 00:52:13.691,3.8495300000000006,3.84502,1.5,1.5
02.08.2021 00:52:13.853,3.84952,3.8450300000000004,1.5,1.5
02.08.2021 00:52:19.947,3.84972,3.84537,1.5,1.5
02.08.2021 00:52:20.193,3.84971,3.8450300000000004,1.5,1.5
02.08.2021 00:52:22.281,3.84972,3.84502,1.5,1.5
02.08.2021 00:52:22.479,3.8496900000000003,3.8450300000000004,1.5,1.5
02.08.2021 00:52:24.088,3.84972,3.84502,1.5,1.5
02.08.2021 00:52:28.771,3.84972,3.84502,1.5,1.5
02.08.2021 00:52:31.548,3.84972,3.84502,1.5,1.5
02.08.2021 00:52:32.566,3.84972,3.84502,1.5,1.5
02.08.2021 00:52:33.543,3.84972,3.84502,1.5,1.5
02.08.2021 00:52:35.056,3.84971,3.8450300000000004,1.5,1.5
02.08.2021 00:52:35.233,3.84972,3.84502,1.5,1.5
02.08.2021 00:52:38.069,3.84912,3.84532,1,1.5
02.08.2021 00:52:38.120,3.84902,3.8449300000000006,1,1.5
02.08.2021 00:52:38.170,3.84932,3.8447199999999997,1.5,1.5
02.08.2021 00:52:38.259,3.84932,3.8447199999999997,1.5,1.5
02.08.2021 00:52:38.500,3.84922,3.84487,1.5,1.5
02.08.2021 00:52:38.777,3.84962,3.84479,1.5,1.5
02.08.2021 00:52:39.206,3.84911,3.8448800000000003,1.5,1.5
02.08.2021 00:52:39.407,3.84962,3.84457,1.5,1.5
02.08.2021 00:52:39.457,3.8492300000000004,3.8447199999999997,1,1.5
02.08.2021 00:52:39.508,3.84962,3.8449199999999997,1.5,1.5
02.08.2021 00:52:39.609,3.84961,3.8455900000000005,1.5,1.5
02.08.2021 00:52:39.762,3.84962,3.84566,1.5,1.5
02.08.2021 00:52:39.975,3.84962,3.84561,1.5,1.5
02.08.2021 00:52:51.529,3.8498800000000006,3.8457800000000004,1.5,1.5
02.08.2021 00:52:51.680,3.85012,3.8461000000000003,1.5,1
02.08.2021 00:52:51.781,3.8502199999999998,3.8461000000000003,1.5,1.5
02.08.2021 00:52:52.316,3.8502199999999998,3.8461000000000003,1.5,1
02.08.2021 00:52:52.519,3.8502199999999998,3.8461000000000003,1.5,1.5
02.08.2021 00:52:53.125,3.8502199999999998,3.8461000000000003,1.5,1.5
02.08.2021 00:52:53.326,3.8502199999999998,3.8461000000000003,1.5,1
02.08.2021 00:52:53.577,3.85021,3.84611,1.5,1
02.08.2021 00:52:53.738,3.8502199999999998,3.8461000000000003,1.5,1
02.08.2021 00:52:56.471,3.8502199999999998,3.8461000000000003,1.5,1
02.08.2021 00:52:56.876,3.8502199999999998,3.8461000000000003,1.5,1
02.08.2021 00:53:02.893,3.8502199999999998,3.8461000000000003,1.5,1
02.08.2021 00:53:08.446,3.8502199999999998,3.8461000000000003,1.5,1
02.08.2021 00:53:11.417,3.85021,3.84611,1.5,1
02.08.2021 00:53:11.617,3.8502199999999998,3.8461000000000003,1.5,1
02.08.2021 00:53:12.060,3.8502199999999998,3.8461300000000005,1.5,1
02.08.2021 00:53:12.110,3.85001,3.84614,1,1
02.08.2021 00:53:12.161,3.8500199999999998,3.8459300000000005,1,1
02.08.2021 00:53:12.261,3.8500199999999998,3.8459300000000005,1.5,1
02.08.2021 00:53:14.446,3.85001,3.84594,1,1
02.08.2021 00:53:17.434,3.8500199999999998,3.8459300000000005,1.5,1
02.08.2021 00:53:22.347,3.85011,3.84594,1.5,1
02.08.2021 00:53:22.548,3.85011,3.84594,1.5,1
02.08.2021 00:53:22.750,3.85012,3.8459300000000005,1,1
02.08.2021 00:53:23.459,3.85012,3.8459300000000005,1.5,1
02.08.2021 00:53:23.860,3.85011,3.84594,1,1
02.08.2021 00:53:33.933,3.85012,3.8459300000000005,1.5,1
02.08.2021 00:53:34.184,3.85012,3.8459300000000005,1.5,1
02.08.2021 00:53:35.077,3.85001,3.84594,1,1
02.08.2021 00:53:36.869,3.8503800000000004,3.8459300000000005,1.5,1
02.08.2021 00:53:38.713,3.8503800000000004,3.8459300000000005,1.5,1
02.08.2021 00:53:40.511,3.8500199999999998,3.8459300000000005,1,1
02.08.2021 00:53:43.635,3.85001,3.84594,1.5,1
02.08.2021 00:53:43.837,3.8500199999999998,3.8459300000000005,1,1
02.08.2021 00:53:44.203,3.85001,3.84594,1.5,1
02.08.2021 00:53:44.604,3.8500199999999998,3.8459300000000005,1,1
02.08.2021 00:53:45.136,3.85001,3.84594,1.5,1
02.08.2021 00:53:45.435,3.8500199999999998,3.8459300000000005,1,1
02.08.2021 00:53:45.860,3.8500199999999998,3.8459300000000005,1.5,1
02.08.2021 00:53:46.246,3.8500199999999998,3.8459300000000005,1.5,1
02.08.2021 00:53:48.785,3.8500199999999998,3.8459300000000005,1,1
02.08.2021 00:53:49.015,3.85001,3.84594,1.5,1
02.08.2021 00:53:49.220,3.8500199999999998,3.8459300000000005,1,1
02.08.2021 00:54:08.531,3.85001,3.84594,1.5,1
02.08.2021 00:54:08.733,3.8500199999999998,3.8459300000000005,1,1
02.08.2021 00:54:08.932,3.8500199999999998,3.8459300000000005,1.5,1
02.08.2021 00:54:09.942,3.85001,3.84594,1,1
02.08.2021 00:54:10.499,3.84992,3.8459300000000005,1,1
02.08.2021 00:54:10.662,3.84981,3.84594,1,1
02.08.2021 00:54:10.763,3.8501300000000005,3.8459300000000005,1.5,1
02.08.2021 00:54:11.322,3.84982,3.8459300000000005,1.5,1
02.08.2021 00:54:11.522,3.84982,3.8459300000000005,1.5,1
02.08.2021 00:54:12.305,3.84982,3.84561,1.5,1
02.08.2021 00:54:13.545,3.8500199999999998,3.84561,1.5,1
02.08.2021 00:54:13.696,3.8500199999999998,3.84561,1.5,1
02.08.2021 00:54:13.916,3.85001,3.84562,1.5,1
02.08.2021 00:54:14.098,3.85001,3.84562,1.5,1
02.08.2021 00:54:14.428,3.84992,3.84561,1,1
02.08.2021 00:54:14.883,3.84982,3.84561,1,1
02.08.2021 00:54:23.705,3.85001,3.84562,1.5,1
02.08.2021 00:54:23.806,3.8500199999999998,3.84561,1.5,1
02.08.2021 00:54:24.392,3.85001,3.84562,1.5,1
02.08.2021 00:54:28.305,3.85001,3.84585,1.5,1
02.08.2021 00:54:29.016,3.8500199999999998,3.8458400000000004,1,1
02.08.2021 00:54:29.579,3.85011,3.84585,1,1
02.08.2021 00:54:30.091,3.8500199999999998,3.8458400000000004,1,1
02.08.2021 00:54:38.581,3.8501800000000004,3.8458400000000004,1.5,1
02.08.2021 00:54:38.632,3.85021,3.84611,1,1
02.08.2021 00:54:38.846,3.8502199999999998,3.8461000000000003,1.5,1
02.08.2021 00:54:41.522,3.85041,3.84611,1.5,1
02.08.2021 00:54:43.315,3.85052,3.8461000000000003,1.5,1
02.08.2021 00:54:45.217,3.85052,3.8461000000000003,2,1
02.08.2021 00:54:45.420,3.85052,3.8461000000000003,1.5,1
02.08.2021 00:54:45.821,3.85051,3.84611,2,1
02.08.2021 00:54:46.228,3.85052,3.8461000000000003,2,1
02.08.2021 00:54:46.512,3.85052,3.84607,2,1
02.08.2021 00:54:46.563,3.85051,3.84586,1.5,1
02.08.2021 00:54:46.752,3.85052,3.84585,2,1
02.08.2021 00:54:46.853,3.8504800000000006,3.8458699999999997,1.5,1
02.08.2021 00:54:46.954,3.8504300000000007,3.8458699999999997,1,1
02.08.2021 00:54:47.104,3.8502199999999998,3.8458699999999997,1,1
02.08.2021 00:54:47.416,3.85012,3.8458699999999997,1,1
02.08.2021 00:54:54.235,3.8502199999999998,3.8458699999999997,1,1
02.08.2021 00:54:57.458,3.85012,3.8458699999999997,1,1
02.08.2021 00:54:59.588,3.85021,3.8458800000000006,1,1
02.08.2021 00:54:59.724,3.85032,3.8458699999999997,1.5,1
02.08.2021 00:54:59.775,3.85032,3.8458699999999997,1,1
02.08.2021 00:55:00.244,3.85012,3.8458699999999997,1,1
02.08.2021 00:55:00.745,3.85012,3.8458699999999997,1.5,1
02.08.2021 00:55:01.021,3.84992,3.8458699999999997,1,1
02.08.2021 00:55:01.414,3.84982,3.8458699999999997,1,1
02.08.2021 00:55:02.791,3.84972,3.8456,1,1
02.08.2021 00:55:17.429,3.84981,3.84561,1,1
02.08.2021 00:55:18.985,3.84982,3.8456,1.5,1.5
02.08.2021 00:55:19.146,3.84982,3.8456,1.5,1.5
02.08.2021 00:55:19.414,3.84982,3.8456,1.5,1.5
02.08.2021 00:55:20.539,3.8498800000000006,3.84562,1.5,1.5
02.08.2021 00:55:20.735,3.8498699999999997,3.8456300000000003,1.5,1.5
02.08.2021 00:55:24.146,3.8500199999999998,3.8456,1.5,1.5
02.08.2021 00:55:24.347,3.8500199999999998,3.84572,1.5,1.5
02.08.2021 00:55:24.534,3.8500199999999998,3.84572,1.5,1.5
02.08.2021 00:55:25.248,3.8500199999999998,3.84572,1.5,1.5
02.08.2021 00:55:25.449,3.8500199999999998,3.84572,1.5,1.5
02.08.2021 00:55:29.091,3.8500199999999998,3.8456,1.5,1.5
02.08.2021 00:55:33.447,3.8500199999999998,3.8457500000000002,1.5,1.5
02.08.2021 00:55:33.646,3.8500199999999998,3.8457500000000002,1.5,1.5
02.08.2021 00:55:34.739,3.8495800000000004,3.8457500000000002,1.5,1.5
02.08.2021 00:55:34.940,3.84981,3.84576,1.5,1.5
02.08.2021 00:55:35.130,3.84982,3.8457500000000002,1.5,1.5
02.08.2021 00:55:39.292,3.84992,3.8457500000000002,1.5,1.5
02.08.2021 00:55:39.472,3.84992,3.8457500000000002,1.5,1.5
02.08.2021 00:55:41.789,3.84991,3.84576,1.5,1.5
02.08.2021 00:55:46.584,3.84992,3.8457500000000002,1.5,1.5
02.08.2021 00:55:46.784,3.84991,3.84576,1.5,1.5
02.08.2021 00:55:48.209,3.8496699999999997,3.8457500000000002,1.5,1.5
02.08.2021 00:55:51.292,3.8496400000000004,3.8457500000000002,1.5,1.5
02.08.2021 00:55:51.495,3.8498800000000006,3.8457500000000002,1.5,1.5
02.08.2021 00:55:54.305,3.8498699999999997,3.84576,1.5,1.5
02.08.2021 00:55:54.503,3.8498800000000006,3.8457500000000002,1.5,1.5
02.08.2021 00:55:54.703,3.8498800000000006,3.8457500000000002,1.5,1.5
02.08.2021 00:55:54.907,3.8498699999999997,3.84576,1.5,1.5
02.08.2021 00:55:56.090,3.8498800000000006,3.8457500000000002,1.5,1.5
02.08.2021 00:55:57.320,3.8498800000000006,3.8457500000000002,1.5,1.5
02.08.2021 00:55:59.517,3.8498800000000006,3.8457500000000002,1.5,1.5
02.08.2021 00:55:59.719,3.8498800000000006,3.8457500000000002,1.5,1.5
02.08.2021 00:56:01.276,3.8498699999999997,3.84576,1.5,1.5
02.08.2021 00:56:02.650,3.8498800000000006,3.8457500000000002,1.5,1.5
02.08.2021 00:56:03.449,3.8498800000000006,3.8457500000000002,1.5,1.5
02.08.2021 00:56:03.603,3.8498699999999997,3.84576,1.5,1.5
02.08.2021 00:56:03.804,3.8500199999999998,3.84595,1.5,1.5
02.08.2021 00:56:07.191,3.85001,3.8458800000000006,1.5,1.5
02.08.2021 00:56:07.385,3.8500199999999998,3.8458699999999997,1.5,1.5
02.08.2021 00:56:07.927,3.8500199999999998,3.8458699999999997,1.5,1.5
02.08.2021 00:56:07.978,3.85001,3.8458800000000006,1.5,1.5
02.08.2021 00:56:09.283,3.8500199999999998,3.8458699999999997,1.5,1.5
02.08.2021 00:56:09.511,3.85012,3.8461300000000005,1.5,1.5
02.08.2021 00:56:16.833,3.85012,3.8461300000000005,1.5,1.5
02.08.2021 00:56:17.820,3.8501800000000004,3.8461300000000005,1.5,1.5
02.08.2021 00:56:17.921,3.8502199999999998,3.8461300000000005,1.5,1.5
02.08.2021 00:56:17.972,3.8502199999999998,3.8461300000000005,1.5,1.5
02.08.2021 00:56:18.072,3.85021,3.84614,1.5,1.5
02.08.2021 00:56:18.185,3.8502199999999998,3.8461300000000005,1.5,1.5
02.08.2021 00:56:18.589,3.8504800000000006,3.8461300000000005,1.5,1.5
02.08.2021 00:56:19.069,3.85047,3.84614,1.5,1
02.08.2021 00:56:19.228,3.8504800000000006,3.8461300000000005,1.5,1.5
02.08.2021 00:56:19.881,3.85032,3.8461300000000005,1.5,1.5
02.08.2021 00:56:20.033,3.8502199999999998,3.8461300000000005,1.5,1.5
02.08.2021 00:56:23.898,3.85021,3.84614,1.5,1.5
02.08.2021 00:56:23.948,3.8502199999999998,3.8461300000000005,1.5,1.5
02.08.2021 00:56:26.194,3.85021,3.84614,1.5,1.5
02.08.2021 00:56:26.351,3.8502199999999998,3.8461300000000005,1.5,1.5
02.08.2021 00:56:27.043,3.8502199999999998,3.8461300000000005,1.5,1.5
02.08.2021 00:56:28.030,3.8502199999999998,3.8461300000000005,1.5,1.5
02.08.2021 00:56:28.300,3.8502199999999998,3.84632,1.5,1.5
02.08.2021 00:56:28.945,3.85032,3.84615,1.5,1.5
02.08.2021 00:56:29.586,3.8504800000000006,3.84615,1.5,1.5
02.08.2021 00:56:32.567,3.8502199999999998,3.8461900000000004,1.5,1.5
02.08.2021 00:56:32.768,3.8502199999999998,3.8461900000000004,1.5,1.5
02.08.2021 00:56:34.672,3.85031,3.8463300000000005,1.5,1.5
02.08.2021 00:56:34.924,3.85032,3.8461900000000004,1.5,1.5
02.08.2021 00:56:35.278,3.85032,3.8461900000000004,1.5,1.5
02.08.2021 00:56:35.493,3.85031,3.8462300000000003,1.5,1.5
02.08.2021 00:56:40.522,3.85032,3.84626,1.5,1.5
02.08.2021 00:56:42.886,3.85032,3.8462199999999998,1.5,1.5
02.08.2021 00:56:43.001,3.85032,3.8462199999999998,1.5,1.5
02.08.2021 00:56:56.142,3.84996,3.8462199999999998,1.5,1
02.08.2021 00:56:56.343,3.85032,3.8462199999999998,1.5,1.5
02.08.2021 00:56:57.006,3.85032,3.8461900000000004,1.5,1.5
02.08.2021 00:56:57.158,3.85032,3.8461900000000004,1.5,1.5
02.08.2021 00:57:02.490,3.8500400000000004,3.8463300000000005,1.5,1.5
02.08.2021 00:57:05.204,3.85047,3.8463300000000005,1.5,1.5
02.08.2021 00:57:05.408,3.85047,3.8462400000000003,1.5,1.5
02.08.2021 00:57:13.323,3.85051,3.8465300000000004,1.5,1.5
02.08.2021 00:57:21.993,3.85031,3.8464199999999997,1.5,1.5
02.08.2021 00:57:33.272,3.8504800000000006,3.84641,1.5,1.5
02.08.2021 00:57:34.433,3.8504800000000006,3.84641,1.5,1
02.08.2021 00:57:34.633,3.8504800000000006,3.84641,1.5,1.5
02.08.2021 00:57:36.171,3.8504800000000006,3.84641,1.5,1.5
02.08.2021 00:57:36.371,3.85037,3.84641,1.5,1.5
02.08.2021 00:57:36.972,3.85047,3.8464199999999997,1.5,1
02.08.2021 00:57:37.173,3.85006,3.84641,1.5,1.5
02.08.2021 00:57:39.832,3.85006,3.84641,1.5,1.5
02.08.2021 00:57:40.613,3.85047,3.8464199999999997,1.5,1
02.08.2021 00:57:40.813,3.8504800000000006,3.84641,1.5,1.5
02.08.2021 00:57:48.280,3.8504800000000006,3.84641,1.5,1
02.08.2021 00:57:48.430,3.8504800000000006,3.84641,1.5,1.5
02.08.2021 00:57:54.291,3.85031,3.8464199999999997,1.5,1.5
02.08.2021 00:58:00.591,3.85031,3.8464199999999997,1.5,1.5
02.08.2021 00:58:00.790,3.85031,3.8464199999999997,1.5,1.5
02.08.2021 00:58:03.773,3.8502199999999998,3.8462,1.5,1
02.08.2021 00:58:04.099,3.85021,3.84621,1.5,1.5
02.08.2021 00:58:04.265,3.8502199999999998,3.8462,1.5,1.5
02.08.2021 00:58:05.284,3.85032,3.8462,1.5,1.5
02.08.2021 00:58:07.418,3.85032,3.8462,1.5,1.5
02.08.2021 00:58:07.622,3.85032,3.8462,1.5,1.5
02.08.2021 00:58:07.823,3.85032,3.8462,1.5,1.5
02.08.2021 00:58:08.591,3.85032,3.8462,1.5,1.5
02.08.2021 00:58:09.233,3.85032,3.8462,1.5,1.5
02.08.2021 00:58:09.386,3.85031,3.84621,1.5,1.5
02.08.2021 00:58:11.694,3.85032,3.8462,1.5,1.5
02.08.2021 00:58:11.898,3.85032,3.8462,1.5,1.5
02.08.2021 00:58:17.504,3.85012,3.8462,1.5,1.5
02.08.2021 00:58:24.371,3.8504199999999997,3.8462,1.5,1.5
02.08.2021 00:58:24.527,3.8504199999999997,3.8462,1.5,1.5
02.08.2021 00:58:25.191,3.8504199999999997,3.8462,1.5,1.5
02.08.2021 00:58:25.349,3.8504199999999997,3.8462,1.5,1.5
02.08.2021 00:58:28.286,3.8500199999999998,3.8462199999999998,1.5,1.5
02.08.2021 00:58:28.451,3.85031,3.8462300000000003,1.5,1.5
02.08.2021 00:58:28.654,3.85031,3.8462300000000003,1.5,1.5
02.08.2021 00:58:28.929,3.85031,3.8462300000000003,1.5,1.5
02.08.2021 00:58:34.230,3.85032,3.8462,1.5,1.5
02.08.2021 00:58:34.452,3.85032,3.8462,1.5,1.5
02.08.2021 00:58:39.238,3.85031,3.84621,1.5,1.5
02.08.2021 00:58:39.451,3.85032,3.8462,1.5,1.5
02.08.2021 00:58:39.681,3.85032,3.8462,1.5,1.5
02.08.2021 00:58:39.958,3.85032,3.8462,1.5,1
02.08.2021 00:58:40.112,3.85031,3.84621,1.5,1.5
02.08.2021 00:58:41.969,3.8501800000000004,3.8461000000000003,1.5,1.5
02.08.2021 00:58:42.332,3.84991,3.84607,1.5,1.5
02.08.2021 00:58:43.794,3.85017,3.84607,1.5,1
02.08.2021 00:58:43.954,3.8501800000000004,3.84606,1.5,1.5
02.08.2021 00:58:44.624,3.8501800000000004,3.84606,1.5,1
02.08.2021 00:58:44.824,3.8501800000000004,3.84606,1.5,1.5
02.08.2021 00:58:54.109,3.8502199999999998,3.84606,1.5,1.5
02.08.2021 00:58:54.309,3.85021,3.84607,1.5,1.5
02.08.2021 00:58:59.892,3.8502199999999998,3.84606,1.5,1.5
02.08.2021 00:59:01.820,3.85011,3.84607,1.5,1.5
02.08.2021 00:59:02.319,3.85012,3.84606,1.5,1.5
02.08.2021 00:59:02.677,3.85012,3.84606,1.5,1.5
02.08.2021 00:59:04.124,3.85012,3.84606,1.5,1.5
02.08.2021 00:59:07.159,3.85012,3.84606,1.5,1.5
02.08.2021 00:59:07.402,3.85011,3.84607,1.5,1.5
02.08.2021 00:59:08.035,3.85011,3.8463800000000004,1.5,1
02.08.2021 00:59:08.086,3.85012,3.84637,1.5,1.5
02.08.2021 00:59:08.776,3.85011,3.84647,1.5,1
02.08.2021 00:59:23.771,3.8504800000000006,3.84646,1.5,1
02.08.2021 00:59:25.302,3.85032,3.84646,1.5,1
02.08.2021 00:59:25.469,3.85032,3.8464500000000004,1.5,1.5
02.08.2021 00:59:25.695,3.8502199999999998,3.8464500000000004,1.5,1.5
02.08.2021 00:59:25.872,3.8503800000000004,3.84627,1.5,1
02.08.2021 00:59:30.315,3.8504800000000006,3.84605,1.5,1.5
02.08.2021 00:59:35.025,3.8501800000000004,3.84617,1.5,1.5
02.08.2021 00:59:35.223,3.85032,3.84617,1.5,1
02.08.2021 00:59:37.221,3.85032,3.84617,1.5,1.5
02.08.2021 00:59:45.898,3.85031,3.8461800000000004,1.5,1.5
02.08.2021 00:59:47.510,3.85031,3.8461800000000004,1.5,1.5
02.08.2021 00:59:50.970,3.85032,3.84617,1.5,1.5
02.08.2021 00:59:51.215,3.85032,3.84617,1.5,1
02.08.2021 00:59:51.576,3.85032,3.84617,1.5,1.5
02.08.2021 00:59:53.312,3.85031,3.8461800000000004,1.5,1.5
02.08.2021 01:00:00.224,3.85032,3.84617,1.5,1.5
02.08.2021 01:00:01.053,3.85032,3.84617,1.5,1
02.08.2021 01:00:01.254,3.85031,3.8461800000000004,1.5,1.5
02.08.2021 01:00:02.126,3.85017,3.8461800000000004,1.5,1.5
02.08.2021 01:00:02.328,3.85017,3.8461800000000004,1.5,1.5
02.08.2021 01:00:04.276,3.85017,3.8461800000000004,1.5,1.5
02.08.2021 01:00:05.242,3.8501800000000004,3.84617,1.5,1
02.08.2021 01:00:05.442,3.8501800000000004,3.84617,1.5,1.5
02.08.2021 01:00:07.176,3.8501800000000004,3.84617,1.5,1.5
02.08.2021 01:00:07.378,3.85017,3.8461800000000004,1.5,1.5
02.08.2021 01:00:08.510,3.85017,3.8461800000000004,1.5,1.5
02.08.2021 01:00:08.742,3.8501800000000004,3.84617,1.5,1.5
02.08.2021 01:00:14.575,3.85021,3.8461800000000004,1.5,1.5
02.08.2021 01:00:17.147,3.85017,3.8461800000000004,1.5,1.5
02.08.2021 01:00:21.651,3.8501800000000004,3.84592,1.5,1.5
02.08.2021 01:00:22.752,3.8501800000000004,3.84592,1.5,1.5
02.08.2021 01:00:22.953,3.8501800000000004,3.84592,1.5,1
02.08.2021 01:00:23.104,3.8501800000000004,3.84592,1.5,1.5
02.08.2021 01:00:23.250,3.85017,3.8459300000000005,1.5,1.5
02.08.2021 01:00:24.874,3.8501300000000005,3.8459300000000005,1.5,1.5
02.08.2021 01:00:28.561,3.85017,3.8459300000000005,1.5,1.5
02.08.2021 01:00:28.725,3.8501800000000004,3.84592,1.5,1.5
02.08.2021 01:00:28.916,3.8501800000000004,3.84592,1.5,1.5
02.08.2021 01:00:29.150,3.8501800000000004,3.84592,1.5,1.5
02.08.2021 01:00:29.945,3.8501800000000004,3.84592,1.5,1.5
02.08.2021 01:00:31.249,3.8501800000000004,3.84592,1.5,1.5
02.08.2021 01:00:31.450,3.8501800000000004,3.84592,1.5,1.5
02.08.2021 01:00:31.653,3.8501800000000004,3.84592,1.5,1.5
02.08.2021 01:00:32.185,3.85032,3.84621,1.5,1.5
02.08.2021 01:00:32.634,3.85032,3.84621,1.5,1.5
02.08.2021 01:00:35.718,3.85032,3.84621,1.5,1.5
02.08.2021 01:00:36.954,3.85017,3.84621,1.5,1.5
02.08.2021 01:00:41.683,3.8501800000000004,3.84621,1.5,1.5
02.08.2021 01:00:41.839,3.8501800000000004,3.84621,1.5,1.5
02.08.2021 01:00:42.441,3.8501800000000004,3.84621,1.5,1.5
02.08.2021 01:00:44.562,3.8501800000000004,3.84621,1.5,1.5
02.08.2021 01:00:46.157,3.85017,3.8462199999999998,1.5,1
02.08.2021 01:00:46.363,3.8501800000000004,3.84621,1.5,1.5
02.08.2021 01:00:49.016,3.8501800000000004,3.84621,1.5,1.5
02.08.2021 01:00:59.754,3.8501800000000004,3.84621,1.5,1
02.08.2021 01:00:59.956,3.8501800000000004,3.84621,1.5,1
02.08.2021 01:01:00.087,3.8501800000000004,3.84621,1.5,1.5
02.08.2021 01:01:00.290,3.8501800000000004,3.84621,1.5,1.5
02.08.2021 01:01:00.745,3.8501800000000004,3.84621,1.5,1
02.08.2021 01:01:00.982,3.8501800000000004,3.84621,1.5,1.5
02.08.2021 01:01:01.277,3.85017,3.8462199999999998,1.5,1.5
02.08.2021 01:01:01.727,3.8504199999999997,3.84621,1.5,1.5
02.08.2021 01:01:05.040,3.85041,3.8462199999999998,1.5,1.5
02.08.2021 01:01:05.193,3.8504199999999997,3.84621,1.5,1.5
02.08.2021 01:01:05.758,3.85041,3.8462199999999998,1.5,1.5
02.08.2021 01:01:06.400,3.85041,3.8462199999999998,1.5,1.5
02.08.2021 01:01:08.797,3.85041,3.8462199999999998,1.5,1.5
02.08.2021 01:01:10.433,3.8504199999999997,3.84621,1.5,1.5
02.08.2021 01:01:10.845,3.85041,3.8462199999999998,1.5,1.5
02.08.2021 01:01:14.866,3.85041,3.8462199999999998,1.5,1.5
02.08.2021 01:01:15.497,3.8504199999999997,3.84621,1.5,1.5
02.08.2021 01:01:18.738,3.8504199999999997,3.84621,1.5,1.5
02.08.2021 01:01:27.282,3.85037,3.8462199999999998,1.5,1
02.08.2021 01:01:27.485,3.8504199999999997,3.84621,1.5,1.5
02.08.2021 01:01:28.130,3.8504199999999997,3.84621,1.5,1.5
02.08.2021 01:01:28.932,3.8504199999999997,3.84621,1.5,1.5
02.08.2021 01:01:29.128,3.85041,3.8462199999999998,1.5,1.5
02.08.2021 01:01:29.495,3.8504199999999997,3.84621,1.5,1.5
02.08.2021 01:01:29.697,3.8503800000000004,3.84621,1.5,1
02.08.2021 01:01:29.900,3.85041,3.8462199999999998,1.5,1.5
02.08.2021 01:01:39.883,3.8504199999999997,3.84621,1.5,1.5
02.08.2021 01:01:40.085,3.8504199999999997,3.84621,1.5,1.5
02.08.2021 01:01:40.285,3.85001,3.84621,1.5,1.5
02.08.2021 01:01:44.373,3.85041,3.8462199999999998,1.5,1.5
02.08.2021 01:01:44.574,3.85041,3.8462199999999998,1.5,1.5
02.08.2021 01:01:45.263,3.8504199999999997,3.84621,1.5,1.5
02.08.2021 01:01:45.501,3.8504199999999997,3.84621,1.5,1.5
02.08.2021 01:01:49.565,3.85041,3.8462199999999998,1.5,1.5
02.08.2021 01:01:51.517,3.8504199999999997,3.84621,1.5,1.5
02.08.2021 01:01:51.986,3.84995,3.84621,1.5,1.5
02.08.2021 01:01:53.415,3.84995,3.84621,1.5,1.5
02.08.2021 01:01:54.098,3.85017,3.8462199999999998,1.5,1.5
02.08.2021 01:01:56.923,3.85017,3.8462199999999998,1.5,1.5
02.08.2021 01:01:57.125,3.85017,3.8462199999999998,1.5,1.5
02.08.2021 01:02:02.591,3.8501800000000004,3.84621,1.5,1.5
02.08.2021 01:02:03.351,3.8501800000000004,3.84621,1.5,1.5
02.08.2021 01:02:04.570,3.8501800000000004,3.84621,1.5,1.5
02.08.2021 01:02:04.771,3.85017,3.8462199999999998,1.5,1.5
02.08.2021 01:02:05.419,3.8501800000000004,3.84595,1.5,1.5
02.08.2021 01:02:05.622,3.8501800000000004,3.84595,1.5,1.5
02.08.2021 01:02:09.403,3.8501800000000004,3.84595,1.5,1.5
02.08.2021 01:02:09.654,3.8497300000000005,3.84595,1.5,1.5
02.08.2021 01:02:10.634,3.85011,3.8461300000000005,1.5,1.5
02.08.2021 01:02:10.841,3.85011,3.84614,1.5,1.5
02.08.2021 01:02:12.385,3.85012,3.84612,1.5,1
02.08.2021 01:02:12.545,3.85012,3.84612,1.5,1.5
02.08.2021 01:02:14.050,3.85011,3.8460300000000003,1.5,1.5
02.08.2021 01:02:30.069,3.85012,3.84595,1.5,1.5
02.08.2021 01:02:30.296,3.8501800000000004,3.84595,1.5,1.12
02.08.2021 01:02:30.469,3.8501800000000004,3.84595,1.5,1.5
02.08.2021 01:02:30.738,3.8501800000000004,3.8460199999999998,1.5,1.5
02.08.2021 01:02:37.224,3.8501800000000004,3.84595,1.5,1.12
02.08.2021 01:02:37.425,3.8497900000000005,3.84595,1.5,1.5
02.08.2021 01:02:37.626,3.85017,3.84596,1.5,1.5
02.08.2021 01:02:44.384,3.8501800000000004,3.84595,1.5,1.5
02.08.2021 01:02:47.067,3.85017,3.84596,1.5,1.5
02.08.2021 01:02:47.270,3.8504199999999997,3.84621,1.5,1.5
02.08.2021 01:02:49.314,3.8504199999999997,3.84621,1.5,1.5
02.08.2021 01:02:51.731,3.8504199999999997,3.8462199999999998,1.5,1.5
02.08.2021 01:02:51.933,3.8504199999999997,3.84632,1.5,1.5
02.08.2021 01:02:53.207,3.8504199999999997,3.84621,1.5,1.5
02.08.2021 01:02:53.411,3.8504199999999997,3.84621,1.5,1.5
02.08.2021 01:02:54.614,3.8504199999999997,3.84621,1.5,1.5
02.08.2021 01:02:55.101,3.85041,3.8462199999999998,1.5,1.5
02.08.2021 01:02:57.342,3.8504199999999997,3.84621,1.5,1.5
02.08.2021 01:02:57.494,3.8504199999999997,3.84621,1.5,1.5
02.08.2021 01:02:57.696,3.8504199999999997,3.84621,1.5,1
02.08.2021 01:02:57.896,3.85041,3.8462199999999998,1.5,1.5
02.08.2021 01:02:59.516,3.8503400000000005,3.84621,1.5,1.5
02.08.2021 01:03:06.654,3.8502199999999998,3.8461000000000003,1.5,1.5
02.08.2021 01:03:07.043,3.8502199999999998,3.8461000000000003,1.5,1
02.08.2021 01:03:07.214,3.8502199999999998,3.8461000000000003,1.5,1.5
02.08.2021 01:03:18.634,3.8504800000000006,3.8461000000000003,1.5,1.5
02.08.2021 01:03:20.769,3.84994,3.8461000000000003,1.5,1.5
02.08.2021 01:03:21.791,3.8504800000000006,3.8461000000000003,1.5,1.5
02.08.2021 01:03:23.125,3.8504800000000006,3.8461000000000003,1.5,1.5
02.08.2021 01:03:23.179,3.8504800000000006,3.8461000000000003,1.5,1.5
02.08.2021 01:03:26.261,3.8504199999999997,3.8461000000000003,1.5,1.5
02.08.2021 01:03:26.431,3.85041,3.84611,1.5,1.5
02.08.2021 01:03:27.224,3.85041,3.84611,1.5,1.5
02.08.2021 01:03:28.140,3.85029,3.8461000000000003,1.5,1.5
02.08.2021 01:03:30.571,3.8504199999999997,3.8461000000000003,1.5,1.5
02.08.2021 01:03:37.063,3.8504199999999997,3.8461000000000003,1.5,1.5
02.08.2021 01:03:37.415,3.8500400000000004,3.84611,1.5,1.5
02.08.2021 01:03:39.560,3.8503000000000003,3.8461000000000003,1.5,1.5
02.08.2021 01:03:39.986,3.85041,3.84611,1.5,1.5
02.08.2021 01:03:40.185,3.8504199999999997,3.8461000000000003,1.5,1.5
02.08.2021 01:03:40.388,3.8504199999999997,3.8461000000000003,1.5,1.5
02.08.2021 01:03:44.090,3.8504199999999997,3.8461000000000003,1.5,1.5
02.08.2021 01:03:47.644,3.8504199999999997,3.8461000000000003,1.5,1.5
02.08.2021 01:03:47.847,3.85032,3.8461000000000003,1.5,1.5
02.08.2021 01:03:50.281,3.8501800000000004,3.8461000000000003,1.5,1
02.08.2021 01:03:50.481,3.85017,3.84611,1.5,1.5
02.08.2021 01:03:54.627,3.8501800000000004,3.8461000000000003,1.5,1.5
02.08.2021 01:03:59.592,3.85017,3.84611,1.5,1.5
02.08.2021 01:04:04.485,3.8501800000000004,3.84592,1.5,1.5
02.08.2021 01:04:08.903,3.8500199999999998,3.84585,1.5,1.5
02.08.2021 01:04:14.393,3.85001,3.8463800000000004,1.5,1
02.08.2021 01:04:20.368,3.8502199999999998,3.84637,1.5,1.5
02.08.2021 01:04:21.326,3.85021,3.8463800000000004,1.5,1.5
02.08.2021 01:04:21.588,3.8500199999999998,3.84611,1.5,1.5
02.08.2021 01:04:34.189,3.8501800000000004,3.84626,1.5,1.5
02.08.2021 01:04:36.142,3.85017,3.84627,1.5,1.5
02.08.2021 01:04:36.430,3.8501800000000004,3.84626,1.5,1.5
02.08.2021 01:04:36.855,3.8501000000000003,3.84626,1.5,1.5
02.08.2021 01:04:43.627,3.8500900000000002,3.84626,1.5,1.5
02.08.2021 01:04:43.828,3.8502199999999998,3.84626,1.5,1.5
02.08.2021 01:04:44.029,3.8502199999999998,3.84626,1.5,1.5
02.08.2021 01:04:48.616,3.85032,3.84626,1.5,1.5
02.08.2021 01:04:48.825,3.85011,3.84627,1.5,1.5
02.08.2021 01:04:49.406,3.8501800000000004,3.84626,1.5,1
02.08.2021 01:04:49.595,3.8501800000000004,3.84626,1.5,1.5
02.08.2021 01:04:52.019,3.8502199999999998,3.84626,1.5,1.5
02.08.2021 01:04:55.128,3.8502199999999998,3.84626,1.5,1.5
02.08.2021 01:04:55.975,3.8502199999999998,3.84626,1.5,1.5
02.08.2021 01:04:57.375,3.8502199999999998,3.84626,1.5,1.5
02.08.2021 01:04:57.679,3.8502199999999998,3.84626,1.5,1.5
02.08.2021 01:05:02.371,3.84991,3.8462,1.5,1.5
02.08.2021 01:05:02.745,3.84992,3.8461900000000004,1.5,1.5
02.08.2021 01:05:08.474,3.84991,3.84606,1.5,1.5
02.08.2021 01:05:08.631,3.84991,3.84606,1.5,1.5
02.08.2021 01:05:10.040,3.84991,3.84606,1.5,1.5
02.08.2021 01:05:13.433,3.84992,3.84605,1.5,1.5
02.08.2021 01:05:14.613,3.84992,3.84605,1.5,1.5
02.08.2021 01:05:17.849,3.84992,3.84605,1.5,1
02.08.2021 01:05:18.049,3.84991,3.84606,1.5,1.5
02.08.2021 01:05:18.581,3.8498400000000004,3.84601,1.5,1.5
02.08.2021 01:05:18.772,3.84992,3.84611,1.5,1.5
02.08.2021 01:05:19.061,3.85032,3.8464199999999997,1.5,1
02.08.2021 01:05:19.163,3.85032,3.8464199999999997,1.5,1.5
02.08.2021 01:05:27.342,3.8502300000000003,3.8462199999999998,1.5,1.5
02.08.2021 01:05:27.544,3.85012,3.8463300000000005,1.5,1.5
02.08.2021 01:05:36.482,3.8502199999999998,3.8461900000000004,1.5,1.5
02.08.2021 01:05:36.641,3.8502199999999998,3.8461900000000004,1.5,1.5
02.08.2021 01:05:42.712,3.8501800000000004,3.84621,1.5,1.5
02.08.2021 01:05:42.910,3.85021,3.84632,1.5,1.5
02.08.2021 01:05:43.651,3.85001,3.8462800000000006,1.5,1.5
02.08.2021 01:05:44.605,3.8500199999999998,3.84627,1.5,1.5
02.08.2021 01:05:49.017,3.85012,3.8462800000000006,1.5,1.5
02.08.2021 01:05:49.218,3.84992,3.84627,1.5,1.5
02.08.2021 01:05:49.545,3.8500800000000006,3.8461600000000002,1.5,1.5
02.08.2021 01:05:49.746,3.85001,3.8462800000000006,1.5,1.5
02.08.2021 01:05:53.265,3.8500199999999998,3.84641,1.5,1.5
02.08.2021 01:05:53.637,3.85021,3.84666,1.5,1
02.08.2021 01:05:53.687,3.85021,3.8465400000000005,1.5,1.5
02.08.2021 01:05:54.234,3.85032,3.8466400000000003,1.5,1
02.08.2021 01:05:54.733,3.85032,3.8466400000000003,1.5,1
02.08.2021 01:05:54.936,3.85026,3.8466400000000003,1.5,1
02.08.2021 01:06:09.099,3.8502500000000004,3.8466400000000003,1.5,1.5
02.08.2021 01:06:09.200,3.8504800000000006,3.84681,1.5,1
02.08.2021 01:06:09.278,3.8504800000000006,3.84681,1.5,1
02.08.2021 01:06:09.514,3.8504800000000006,3.84681,1.5,1
02.08.2021 01:06:12.141,3.85055,3.84681,1.5,1.5
02.08.2021 01:06:14.569,3.85051,3.84681,1.5,1
02.08.2021 01:06:14.670,3.85051,3.8465900000000004,1.5,1.5
02.08.2021 01:06:14.951,3.85072,3.8466199999999997,2,1.5
02.08.2021 01:06:18.470,3.85052,3.8465900000000004,1.5,1.5
02.08.2021 01:06:18.672,3.85051,3.8466,1.5,1.5
02.08.2021 01:06:18.885,3.85052,3.8465900000000004,1.5,1.5
02.08.2021 01:06:19.101,3.85051,3.8466,1.5,1.5
02.08.2021 01:06:20.817,3.85052,3.8465900000000004,1.5,1.5
02.08.2021 01:06:21.004,3.85052,3.8465900000000004,1.5,1.5
02.08.2021 01:06:24.289,3.85052,3.8468300000000006,1.5,1.5
02.08.2021 01:06:24.490,3.85052,3.8468300000000006,1.5,1.5
02.08.2021 01:06:26.533,3.85052,3.8468300000000006,1.5,1
02.08.2021 01:06:26.686,3.85052,3.8468300000000006,1.5,1
02.08.2021 01:06:30.595,3.8506800000000005,3.8466400000000003,1.5,1.5
02.08.2021 01:06:30.960,3.8506800000000005,3.8468199999999997,1.5,1
02.08.2021 01:06:31.011,3.85072,3.8469400000000005,2,1
02.08.2021 01:06:31.980,3.85072,3.8470500000000003,2,1
02.08.2021 01:06:33.701,3.85061,3.84702,1.5,1
02.08.2021 01:06:33.802,3.8506199999999997,3.8467900000000004,1.5,1.5
02.08.2021 01:06:34.189,3.85052,3.8471,1.5,1
02.08.2021 01:06:35.024,3.85032,3.8469300000000004,1.5,1
02.08.2021 01:06:35.125,3.85061,3.84709,1.5,1
02.08.2021 01:06:35.615,3.85041,3.8469900000000004,1.5,1
02.08.2021 01:06:41.279,3.8504199999999997,3.8469400000000005,1.5,1
02.08.2021 01:06:41.936,3.8504199999999997,3.8469400000000005,1.5,1
02.08.2021 01:06:51.313,3.8504199999999997,3.8469400000000005,1.5,1
02.08.2021 01:06:51.515,3.85041,3.84695,1.5,1
02.08.2021 01:06:52.119,3.8504199999999997,3.8469400000000005,1.5,1
02.08.2021 01:06:52.320,3.8504199999999997,3.8469400000000005,1.5,1.5
02.08.2021 01:07:05.127,3.8504199999999997,3.8469400000000005,1.5,1.5
02.08.2021 01:07:05.329,3.8504199999999997,3.8469400000000005,1.5,1.5
02.08.2021 01:07:05.920,3.8508199999999997,3.8469800000000003,1.5,1
02.08.2021 01:07:06.308,3.85081,3.8470800000000005,1.5,1
02.08.2021 01:07:08.038,3.8508199999999997,3.84707,1.5,1
02.08.2021 01:07:08.750,3.8508199999999997,3.84707,1.5,1
02.08.2021 01:07:20.140,3.8508199999999997,3.84707,1.5,1.5
02.08.2021 01:07:22.868,3.85092,3.84726,1.5,1
02.08.2021 01:07:25.666,3.85092,3.84726,1.5,1
02.08.2021 01:07:25.832,3.8511100000000003,3.84727,1.5,1
02.08.2021 01:07:25.983,3.8511100000000003,3.8475300000000003,1.5,1
02.08.2021 01:07:26.033,3.85112,3.84752,1.5,1
02.08.2021 01:07:26.311,3.85112,3.84752,1.5,1
02.08.2021 01:07:26.987,3.8513699999999997,3.8475300000000003,1.5,1.5
02.08.2021 01:07:27.189,3.8513699999999997,3.84752,1.5,1
02.08.2021 01:07:27.375,3.85132,3.84752,1.5,1
02.08.2021 01:07:45.592,3.8513699999999997,3.8475300000000003,1.5,1
02.08.2021 01:07:52.536,3.8509300000000004,3.84752,1.5,1
02.08.2021 01:07:52.692,3.8509300000000004,3.84752,1.5,1
02.08.2021 01:08:00.615,3.8513699999999997,3.8473699999999997,1.5,1.5
02.08.2021 01:08:00.766,3.8513800000000007,3.84736,1.5,1
02.08.2021 01:08:03.267,3.8513800000000007,3.84736,1.5,1.5
02.08.2021 01:08:03.628,3.85121,3.8471699999999998,1.5,1
02.08.2021 01:08:03.729,3.85091,3.8471300000000004,1.5,1.5
02.08.2021 01:08:03.830,3.85092,3.84712,1.5,1.5
02.08.2021 01:08:04.818,3.85072,3.8469900000000004,1.5,1.5
02.08.2021 01:08:04.974,3.85072,3.8469900000000004,1.5,1.5
02.08.2021 01:08:06.257,3.85092,3.84721,1.5,1
02.08.2021 01:08:07.383,3.85072,3.84721,1.5,1.5
02.08.2021 01:08:08.989,3.85092,3.8472900000000005,1.5,1.5
02.08.2021 01:08:10.045,3.8513800000000007,3.8472900000000005,1.5,1.5
02.08.2021 01:08:11.341,3.8513800000000007,3.8472900000000005,1.5,1.5
02.08.2021 01:08:13.036,3.8513699999999997,3.8473,1.5,1.5
02.08.2021 01:08:13.517,3.85092,3.84735,1.5,1.12
02.08.2021 01:08:14.427,3.85072,3.8469900000000004,1.5,1.5
02.08.2021 01:08:14.858,3.85107,3.8471900000000003,1.5,1.5
02.08.2021 01:08:15.836,3.85092,3.8473800000000007,1.5,1
02.08.2021 01:08:16.191,3.85072,3.8471300000000004,1.5,1.5
02.08.2021 01:08:16.292,3.85112,3.84724,1.5,1
02.08.2021 01:08:16.449,3.85112,3.84724,1.5,1.5
02.08.2021 01:08:16.570,3.85112,3.8473900000000003,1.5,1
02.08.2021 01:08:17.526,3.85092,3.8473800000000007,1.5,1
02.08.2021 01:08:17.576,3.8508500000000003,3.8471400000000004,1.5,1.5
02.08.2021 01:08:17.700,3.85091,3.8471900000000003,1.5,1
02.08.2021 01:08:17.809,3.85091,3.8471900000000003,1.5,1.5
02.08.2021 01:08:17.942,3.8513800000000007,3.84741,1.5,1
02.08.2021 01:08:19.501,3.8513800000000007,3.84741,1.5,1
02.08.2021 01:08:19.704,3.8513699999999997,3.84742,1.5,1.5
02.08.2021 01:08:22.907,3.8513800000000007,3.84741,1.5,1
02.08.2021 01:08:24.167,3.85092,3.84735,1.5,1
02.08.2021 01:08:24.218,3.85092,3.84715,1.5,1.12
02.08.2021 01:08:24.318,3.85092,3.8472000000000004,1.5,1
02.08.2021 01:08:24.419,3.85072,3.8472000000000004,1.5,1.5
02.08.2021 01:08:25.420,3.85072,3.8472000000000004,1.5,1.5
02.08.2021 01:08:25.577,3.85072,3.8472000000000004,1.5,1
02.08.2021 01:08:25.627,3.85072,3.84697,1.5,1.5
02.08.2021 01:08:25.829,3.85072,3.84697,1.5,1.5
02.08.2021 01:08:28.868,3.85091,3.8471800000000003,1.5,1
02.08.2021 01:08:32.589,3.85066,3.8471699999999998,1.5,1
02.08.2021 01:08:33.322,3.85072,3.8471699999999998,1.5,1
02.08.2021 01:08:33.373,3.85072,3.8471699999999998,1.5,1
02.08.2021 01:08:34.257,3.85071,3.8471800000000003,1.5,1
02.08.2021 01:08:35.380,3.85071,3.84712,1.5,1.5
02.08.2021 01:08:36.302,3.85091,3.84697,1.5,1.5
02.08.2021 01:08:36.503,3.85071,3.84697,1.5,1.5
02.08.2021 01:08:37.564,3.85112,3.84727,1.5,1
02.08.2021 01:08:37.619,3.8511100000000003,3.8472800000000005,1.5,1.5
02.08.2021 01:08:40.010,3.85112,3.84736,1.5,1
02.08.2021 01:08:40.061,3.8509,3.84716,1.5,1
02.08.2021 01:08:40.162,3.8509,3.8470400000000002,1.5,1.5
02.08.2021 01:08:41.949,3.85071,3.847,1.5,1.5
02.08.2021 01:08:42.543,3.85056,3.847,1.5,1
02.08.2021 01:08:42.738,3.85092,3.8469900000000004,1.5,1.5
02.08.2021 01:08:45.215,3.8506199999999997,3.8469900000000004,1.5,1.5
02.08.2021 01:08:45.821,3.8506199999999997,3.8469900000000004,1.5,1.5
02.08.2021 01:08:45.989,3.85092,3.8472000000000004,1.5,1
02.08.2021 01:08:46.141,3.85091,3.84721,1.5,1.5
02.08.2021 01:08:46.559,3.85112,3.84741,1.5,1
02.08.2021 01:08:51.199,3.8509800000000003,3.84741,1.5,1
02.08.2021 01:08:53.578,3.8513800000000007,3.84741,1.5,1
02.08.2021 01:08:53.746,3.8513699999999997,3.84742,1.5,1
02.08.2021 01:08:56.987,3.85102,3.8473800000000007,1.5,1
02.08.2021 01:08:57.471,3.85102,3.84715,1.5,1.5
02.08.2021 01:09:01.108,3.85072,3.84715,1.5,1.5
02.08.2021 01:09:01.279,3.85072,3.84715,1.5,1
02.08.2021 01:09:01.522,3.85092,3.84715,1.5,1.12
02.08.2021 01:09:01.680,3.85091,3.84716,1.5,1.5
02.08.2021 01:09:02.674,3.85101,3.8473,1.5,1
02.08.2021 01:09:03.111,3.85081,3.8471100000000003,1.5,1.5
02.08.2021 01:09:03.326,3.8508199999999997,3.8471699999999998,1.5,1.5
02.08.2021 01:09:03.427,3.8513300000000004,3.8472800000000005,1.5,1
02.08.2021 01:09:03.529,3.85112,3.8473300000000004,1.5,1
02.08.2021 01:09:03.939,3.8508199999999997,3.8473300000000004,1.5,1
02.08.2021 01:09:04.040,3.85091,3.8471300000000004,1.5,1
02.08.2021 01:09:04.141,3.8508199999999997,3.84697,1.5,1.5
02.08.2021 01:09:04.512,3.8508199999999997,3.84697,1.5,1.5
02.08.2021 01:09:07.439,3.85091,3.8473,1.5,1
02.08.2021 01:09:08.166,3.85072,3.84706,1.5,1.5
02.08.2021 01:09:11.472,3.85072,3.84706,1.5,1.5
02.08.2021 01:09:12.031,3.8510800000000005,3.84716,1.5,1.5
02.08.2021 01:09:12.542,3.85101,3.84716,1.5,1.5
02.08.2021 01:09:12.643,3.8513800000000007,3.84751,1.5,1
02.08.2021 01:09:12.975,3.8516800000000004,3.84751,1.5,1
02.08.2021 01:09:13.430,3.85152,3.8477400000000004,1.5,1
02.08.2021 01:09:13.549,3.85152,3.8477400000000004,1.5,1
02.08.2021 01:09:13.767,3.85122,3.8475900000000003,1.5,1
02.08.2021 01:09:13.818,3.85122,3.84736,1.5,1.5
02.08.2021 01:09:13.980,3.85122,3.84722,1.5,1.5
02.08.2021 01:09:14.182,3.85102,3.84722,1.5,1.5
02.08.2021 01:09:14.400,3.85121,3.84722,1.5,1.5
02.08.2021 01:09:17.711,3.85101,3.8474800000000005,1.5,1
02.08.2021 01:09:18.570,3.85101,3.8474800000000005,1.5,1.5
02.08.2021 01:09:20.564,3.85102,3.84747,1.5,1
02.08.2021 01:09:20.766,3.85102,3.84747,1.5,1.5
02.08.2021 01:09:22.706,3.85102,3.84747,1.5,1.5
02.08.2021 01:09:25.159,3.85092,3.84747,1.5,1
02.08.2021 01:09:25.526,3.85092,3.8474800000000005,1.5,1
02.08.2021 01:09:25.580,3.85091,3.8473800000000007,1.5,1.5
02.08.2021 01:09:28.604,3.85071,3.8472500000000003,1.5,1.5
02.08.2021 01:09:31.856,3.85071,3.8472500000000003,1.5,1
02.08.2021 01:09:32.063,3.85071,3.8472500000000003,1.5,1.5
02.08.2021 01:09:33.748,3.8510300000000006,3.84726,1.5,1
02.08.2021 01:09:33.798,3.85121,3.84741,1.5,1
02.08.2021 01:09:34.317,3.85121,3.84741,1.5,1
02.08.2021 01:09:34.516,3.85121,3.84741,1.5,1
02.08.2021 01:09:35.738,3.85122,3.8474000000000004,1.5,1
02.08.2021 01:09:36.293,3.85122,3.8474000000000004,1.5,1
02.08.2021 01:09:36.507,3.8509900000000004,3.84741,1.5,1
02.08.2021 01:09:36.696,3.85122,3.8474000000000004,1.5,1
02.08.2021 01:09:36.797,3.85091,3.8472300000000006,1.5,1.5
02.08.2021 01:09:37.132,3.8510800000000005,3.8471800000000003,1.5,1.5
02.08.2021 01:09:39.429,3.85121,3.84742,1.5,1
02.08.2021 01:09:39.529,3.85101,3.84732,1.5,1
02.08.2021 01:09:39.630,3.85092,3.8473100000000002,1.5,1.5
02.08.2021 01:09:39.785,3.85072,3.8472500000000003,1.5,1.12
02.08.2021 01:09:40.344,3.85102,3.8473900000000003,1.5,1
02.08.2021 01:09:40.777,3.8511100000000003,3.84752,1.5,1.5
02.08.2021 01:09:41.356,3.8513800000000007,3.84751,1.5,1.5
02.08.2021 01:09:42.612,3.8512000000000004,3.84751,1.5,1
02.08.2021 01:09:43.098,3.85092,3.8473400000000004,1.5,1.5
02.08.2021 01:09:43.299,3.85106,3.84735,1.5,1.12
02.08.2021 01:09:43.601,3.8511100000000003,3.84736,1.5,1.5
02.08.2021 01:09:45.811,3.8511100000000003,3.84736,1.5,1.5
02.08.2021 01:09:46.487,3.85102,3.8473900000000003,1.5,1
02.08.2021 01:09:46.537,3.8509900000000004,3.84726,1.5,1
02.08.2021 01:09:46.638,3.8509800000000003,3.84701,1.5,1.5
02.08.2021 01:09:46.739,3.85072,3.8471,1.5,1
02.08.2021 01:09:46.789,3.85092,3.8471800000000003,1.5,1
02.08.2021 01:09:46.922,3.85092,3.8471800000000003,1.5,1.5
02.08.2021 01:09:47.022,3.8507300000000004,3.84736,1.5,1
02.08.2021 01:09:47.415,3.8507300000000004,3.84736,1.5,1.5
02.08.2021 01:09:56.667,3.85112,3.84722,1.5,1.5
02.08.2021 01:09:56.821,3.85092,3.84722,1.5,1.5
02.08.2021 01:09:57.021,3.85072,3.84722,1.5,1.5
02.08.2021 01:10:00.130,3.85071,3.8472300000000006,1.5,1.5
02.08.2021 01:10:00.498,3.85072,3.84722,1.5,1
02.08.2021 01:10:00.666,3.85072,3.84709,1.5,1
02.08.2021 01:10:00.716,3.85107,3.84726,1.5,1.12
02.08.2021 01:10:00.918,3.85102,3.84716,1.5,1
02.08.2021 01:10:01.219,3.85081,3.84706,1.5,1.5
02.08.2021 01:10:01.505,3.85072,3.84706,1.5,1
02.08.2021 01:10:02.109,3.85071,3.84707,1.5,1
02.08.2021 01:10:02.440,3.8510800000000005,3.84727,1.5,1
02.08.2021 01:10:04.509,3.8510800000000005,3.8473800000000007,1.5,1
02.08.2021 01:10:04.560,3.8508199999999997,3.8471400000000004,1.5,1
02.08.2021 01:10:05.046,3.8508199999999997,3.8472500000000003,1.5,1
02.08.2021 01:10:06.059,3.8508199999999997,3.84735,1.5,1
02.08.2021 01:10:06.110,3.85081,3.8471400000000004,1.5,1
02.08.2021 01:10:06.538,3.8508199999999997,3.8472500000000003,1.5,1
02.08.2021 01:10:06.661,3.8508199999999997,3.8473699999999997,1.5,1
02.08.2021 01:10:07.002,3.8506199999999997,3.8471699999999998,1.5,1
02.08.2021 01:10:07.382,3.8506,3.8469900000000004,1.5,1.5
02.08.2021 01:10:07.433,3.8506199999999997,3.8469800000000003,1.5,1.5
02.08.2021 01:10:11.603,3.8506199999999997,3.84706,1.5,1
02.08.2021 01:10:11.904,3.8508199999999997,3.8468300000000006,1.5,1.5
02.08.2021 01:10:12.282,3.8506199999999997,3.84677,1.5,1.5
02.08.2021 01:10:12.890,3.85091,3.8469400000000005,1.5,1.5
02.08.2021 01:10:13.090,3.85092,3.8469300000000004,1.5,1.5
02.08.2021 01:10:13.413,3.85091,3.8471800000000003,1.5,1
02.08.2021 01:10:17.363,3.85092,3.84701,1.5,1.5
02.08.2021 01:10:22.420,3.8510800000000005,3.8471300000000004,1.5,1.5
02.08.2021 01:10:25.243,3.85102,3.8471300000000004,1.5,1.5
02.08.2021 01:10:25.293,3.85122,3.8472900000000005,1.5,1
02.08.2021 01:10:25.394,3.85102,3.8473900000000003,1.5,1
02.08.2021 01:10:25.764,3.85081,3.8471400000000004,1.5,1
02.08.2021 01:10:25.865,3.85081,3.84697,1.5,1.5
02.08.2021 01:10:26.200,3.85112,3.84696,1.5,1.5
02.08.2021 01:10:26.627,3.8511100000000003,3.8473100000000002,1.5,1
02.08.2021 01:10:27.023,3.8509900000000004,3.84722,1.5,1.5
02.08.2021 01:10:27.494,3.85102,3.8473300000000004,1.5,1
02.08.2021 01:10:27.627,3.85102,3.8472000000000004,1.5,1.5
02.08.2021 01:10:28.577,3.85092,3.8472300000000006,1.5,1.5
02.08.2021 01:10:29.370,3.8509900000000004,3.8473400000000004,1.5,1
02.08.2021 01:10:29.420,3.8509900000000004,3.8471300000000004,1.5,1.5
