Gmt time,Ask,Bid,AskVolume,BidVolume
13.08.2021 00:00:00.039,3.9012000000000002,3.8950500000000003,1.5,1
13.08.2021 00:00:00.089,3.9007,3.8948199999999997,1,1
13.08.2021 00:00:00.234,3.9007,3.8948199999999997,1.5,1
13.08.2021 00:00:00.575,3.9005300000000003,3.8948199999999997,1,1
13.08.2021 00:00:00.729,3.90026,3.8945600000000002,1.5,1
13.08.2021 00:00:01.000,3.90027,3.89455,1.5,1
13.08.2021 00:00:01.051,3.90027,3.8940800000000007,1.5,1.62
13.08.2021 00:00:03.561,3.90027,3.8940800000000007,1.5,1.5
13.08.2021 00:00:05.191,3.90027,3.8941800000000004,1.5,1.5
13.08.2021 00:00:05.394,3.90027,3.8941800000000004,1.5,1.5
13.08.2021 00:00:10.602,3.90026,3.8939900000000005,1.5,1.5
13.08.2021 00:00:23.880,3.90027,3.8939800000000004,1,1.5
13.08.2021 00:00:28.032,3.90027,3.8939800000000004,1.5,1.5
13.08.2021 00:00:29.514,3.90026,3.8939900000000005,1,1.5
13.08.2021 00:00:29.716,3.90026,3.8939900000000005,1.5,1.5
13.08.2021 00:00:30.049,3.90056,3.89402,1.5,1.5
13.08.2021 00:00:30.421,3.90015,3.8939800000000004,1,1.5
13.08.2021 00:00:30.554,3.9004300000000005,3.894,1,1
13.08.2021 00:00:30.613,3.90044,3.8939900000000005,1,1
13.08.2021 00:00:30.856,3.9004000000000003,3.8939800000000004,1.5,1.5
13.08.2021 00:00:31.899,3.9004000000000003,3.8938800000000007,1.5,1.5
13.08.2021 00:00:34.008,3.9004000000000003,3.8940800000000007,1.5,1.5
13.08.2021 00:00:34.109,3.9004000000000003,3.8941800000000004,1.5,1.5
13.08.2021 00:00:34.307,3.9004000000000003,3.8941800000000004,1.5,1.5
13.08.2021 00:00:34.988,3.90036,3.89402,1,1.5
13.08.2021 00:00:35.457,3.9004900000000005,3.8939800000000004,1.5,1.5
13.08.2021 00:00:35.878,3.90037,3.8942800000000006,1,1.5
13.08.2021 00:00:36.329,3.9005800000000006,3.8942800000000006,1.5,1.5
13.08.2021 00:00:44.365,3.90021,3.89394,1.5,1
13.08.2021 00:00:51.236,3.9002000000000003,3.89394,1.5,1
13.08.2021 00:00:51.439,3.9002000000000003,3.89401,1.5,1
13.08.2021 00:00:51.641,3.90021,3.8939900000000005,1.5,1
13.08.2021 00:00:51.842,3.90001,3.8941000000000003,1,1.5
13.08.2021 00:00:52.044,3.90021,3.8939900000000005,1.5,1
13.08.2021 00:00:52.095,3.90016,3.8940900000000003,1,1.5
13.08.2021 00:00:52.275,3.90021,3.8939900000000005,1.5,1.5
13.08.2021 00:00:52.476,3.90021,3.8939800000000004,1.5,1.5
13.08.2021 00:00:52.709,3.90021,3.8940300000000003,1.5,1.5
13.08.2021 00:00:53.111,3.90021,3.8939800000000004,1.5,1.5
13.08.2021 00:00:53.321,3.9002000000000003,3.8940400000000004,1.5,1.5
13.08.2021 00:00:53.522,3.90016,3.89401,1,1
13.08.2021 00:00:54.616,3.9001900000000003,3.8940400000000004,1,1
13.08.2021 00:00:54.767,3.9000900000000005,3.89402,1,1
13.08.2021 00:00:55.909,3.9000500000000002,3.89401,1.5,1
13.08.2021 00:00:56.153,3.9002800000000004,3.8940400000000004,1,1.5
13.08.2021 00:00:56.309,3.9000800000000004,3.89405,1,1
13.08.2021 00:00:56.511,3.90001,3.89406,1.5,1
13.08.2021 00:00:56.711,3.90001,3.89402,1.5,1
13.08.2021 00:00:58.482,3.90002,3.89401,1.5,1
13.08.2021 00:00:59.761,3.90002,3.89417,1.5,1
13.08.2021 00:00:59.965,3.90001,3.89416,1.5,1
13.08.2021 00:01:00.653,3.90001,3.8940800000000007,1.5,1
13.08.2021 00:01:00.854,3.8999,3.8940900000000003,1,1
13.08.2021 00:01:01.050,3.90002,3.8940699999999997,1.5,1
13.08.2021 00:01:01.285,3.8998800000000005,3.8941000000000003,1,1
13.08.2021 00:01:01.489,3.90002,3.8940699999999997,1.5,1
13.08.2021 00:01:01.668,3.8998800000000005,3.8941000000000003,1,1
13.08.2021 00:01:01.857,3.90001,3.89406,1.5,1
13.08.2021 00:01:02.718,3.90002,3.8939800000000004,1.5,1.5
13.08.2021 00:01:02.869,3.90002,3.8940699999999997,1.5,1
13.08.2021 00:01:03.072,3.89991,3.8940699999999997,1,1
13.08.2021 00:01:03.273,3.90001,3.8940699999999997,1.5,1
13.08.2021 00:01:04.801,3.8998800000000005,3.89405,1,1
13.08.2021 00:01:06.331,3.8998900000000005,3.8940400000000004,1,1
13.08.2021 00:01:06.531,3.8998800000000005,3.89405,1,1
13.08.2021 00:01:06.734,3.8998900000000005,3.8940400000000004,1,1
13.08.2021 00:01:07.518,3.8998900000000005,3.8940400000000004,1,1
13.08.2021 00:01:07.721,3.8998900000000005,3.8940400000000004,1,1
13.08.2021 00:01:11.342,3.8999400000000004,3.89394,1.5,1.5
13.08.2021 00:01:11.544,3.8996800000000005,3.89406,1.5,1
13.08.2021 00:01:11.697,3.8996800000000005,3.89406,1.5,1
13.08.2021 00:01:11.900,3.89967,3.8941000000000003,1.5,1
13.08.2021 00:01:12.148,3.8996800000000005,3.8940900000000003,1.5,1
13.08.2021 00:01:12.354,3.8996800000000005,3.89406,1.5,1
13.08.2021 00:01:12.555,3.89967,3.8938900000000003,1.5,1.5
13.08.2021 00:01:13.380,3.89967,3.8938900000000003,1.5,1.5
13.08.2021 00:01:13.582,3.89967,3.8940800000000007,1.5,1
13.08.2021 00:01:13.834,3.8996800000000005,3.8938800000000007,1.5,1.5
13.08.2021 00:01:14.000,3.8999699999999997,3.8938800000000007,1.5,1.5
13.08.2021 00:01:14.201,3.8996500000000003,3.8938900000000003,1.5,1.5
13.08.2021 00:01:14.390,3.89966,3.8938800000000007,1.5,1.5
13.08.2021 00:01:14.639,3.89966,3.89406,1.5,1
13.08.2021 00:01:14.775,3.89966,3.8940900000000003,1.5,1
13.08.2021 00:01:15.270,3.89966,3.8940800000000007,1.5,1
13.08.2021 00:01:16.289,3.89966,3.8940800000000007,1.5,1
13.08.2021 00:01:16.540,3.8995400000000005,3.8940300000000003,1.5,1.5
13.08.2021 00:01:17.534,3.8995400000000005,3.8940900000000003,1.5,1
13.08.2021 00:01:17.689,3.8996000000000004,3.8940900000000003,1.5,1
13.08.2021 00:01:18.117,3.9000800000000004,3.8940900000000003,1.5,1
13.08.2021 00:01:18.876,3.8996800000000005,3.8939300000000006,1.5,1.5
13.08.2021 00:01:23.245,3.89967,3.89394,1.5,1.5
13.08.2021 00:01:23.398,3.89967,3.8938900000000003,1.5,1.5
13.08.2021 00:01:23.499,3.89966,3.8938800000000007,1,1.5
13.08.2021 00:01:23.772,3.8996800000000005,3.89402,1.5,1.5
13.08.2021 00:01:27.845,3.8994300000000006,3.8940400000000004,1,1.5
13.08.2021 00:01:28.013,3.8996800000000005,3.8940300000000003,1.5,1.5
13.08.2021 00:01:28.214,3.8994400000000002,3.8939300000000006,1.5,1.5
13.08.2021 00:01:28.415,3.8999699999999997,3.8938800000000007,1,1.5
13.08.2021 00:01:28.466,3.8995900000000003,3.89392,1.5,1.5
13.08.2021 00:01:28.567,3.89961,3.89391,1.5,1.5
13.08.2021 00:01:28.617,3.89955,3.8938800000000007,1,1.5
13.08.2021 00:01:28.718,3.8995100000000003,3.8938900000000003,1.5,1.5
13.08.2021 00:01:28.941,3.89952,3.8938800000000007,1.5,1.5
13.08.2021 00:01:29.121,3.89952,3.8938800000000007,1.5,1.5
13.08.2021 00:01:29.524,3.89962,3.8938800000000007,1,1.5
13.08.2021 00:01:29.716,3.8995100000000003,3.8938900000000003,1,1.5
13.08.2021 00:01:32.133,3.89932,3.8938300000000003,1.5,1.5
13.08.2021 00:01:32.288,3.8993300000000004,3.89382,1.5,1.5
13.08.2021 00:01:32.526,3.8996000000000004,3.89392,1.5,1.5
13.08.2021 00:01:32.577,3.89955,3.8939300000000006,1,1.5
13.08.2021 00:01:32.778,3.8993900000000004,3.89402,1.5,1.5
13.08.2021 00:01:33.179,3.8996500000000003,3.89386,1,1
13.08.2021 00:01:33.531,3.89927,3.89392,1.5,1.5
13.08.2021 00:01:33.770,3.89927,3.89382,1.5,1
13.08.2021 00:01:33.921,3.89961,3.8938300000000003,1.5,1
13.08.2021 00:01:34.122,3.8997300000000004,3.89382,1,1.5
13.08.2021 00:01:34.321,3.89935,3.89385,1.5,1
13.08.2021 00:01:34.522,3.89936,3.89385,1.5,1
13.08.2021 00:01:34.741,3.89935,3.89386,1.5,1
13.08.2021 00:01:34.934,3.89936,3.89385,1.5,1
13.08.2021 00:01:35.148,3.89936,3.89385,1.5,1
13.08.2021 00:01:35.500,3.8996800000000005,3.8938300000000003,1.5,1
13.08.2021 00:01:35.701,3.90007,3.8938300000000003,1.5,1
13.08.2021 00:01:35.752,3.89946,3.8938300000000003,1,1
13.08.2021 00:01:35.891,3.8994500000000003,3.8938400000000004,1.5,1
13.08.2021 00:01:36.143,3.89981,3.8938300000000003,1.5,1
13.08.2021 00:01:36.378,3.8998000000000004,3.8939300000000006,1.5,1.5
13.08.2021 00:01:36.802,3.8992800000000005,3.8938400000000004,1.5,1
13.08.2021 00:01:36.965,3.89927,3.89386,1.5,1
13.08.2021 00:01:38.284,3.8992800000000005,3.8938400000000004,1.5,1
13.08.2021 00:01:38.488,3.89962,3.89392,1.5,1.5
13.08.2021 00:01:38.539,3.89929,3.89392,1,1.5
13.08.2021 00:01:38.589,3.8998500000000003,3.8938400000000004,1.5,1
13.08.2021 00:01:38.690,3.8994400000000002,3.8938400000000004,1.5,1
13.08.2021 00:01:38.892,3.8990400000000003,3.8939300000000006,1,1.5
13.08.2021 00:01:39.091,3.8993900000000004,3.8938400000000004,1.5,1.5
13.08.2021 00:01:39.295,3.8994,3.89382,1.5,1.5
13.08.2021 00:01:39.496,3.89915,3.8938400000000004,1.5,1
13.08.2021 00:01:39.697,3.8993400000000005,3.89385,1,1
13.08.2021 00:01:39.901,3.89942,3.89385,1.5,1
13.08.2021 00:01:40.102,3.8994300000000006,3.8938400000000004,1.5,1
13.08.2021 00:01:40.530,3.8991800000000003,3.89385,1.5,1
13.08.2021 00:01:40.712,3.89935,3.89386,1,1
13.08.2021 00:01:40.938,3.8994800000000005,3.89392,1.5,1.5
13.08.2021 00:01:42.321,3.89935,3.8938699999999997,1,1
13.08.2021 00:01:42.522,3.8994800000000005,3.89392,1.5,1.5
13.08.2021 00:01:43.227,3.89941,3.8940300000000003,1,1.5
13.08.2021 00:01:43.422,3.8994800000000005,3.89397,1.5,1
13.08.2021 00:01:43.540,3.89949,3.89402,1.5,1.5
13.08.2021 00:01:44.526,3.89921,3.8940300000000003,1.5,1.5
13.08.2021 00:01:44.727,3.8991800000000003,3.8940699999999997,1.5,1.5
13.08.2021 00:01:44.879,3.8991800000000003,3.89402,1.5,1.5
13.08.2021 00:01:45.658,3.89955,3.89402,1.5,1.5
13.08.2021 00:01:45.859,3.89984,3.8940300000000003,1.5,1.5
13.08.2021 00:01:46.060,3.8995,3.89397,1.5,1
13.08.2021 00:01:46.262,3.89929,3.8940800000000007,1.5,1.5
13.08.2021 00:01:46.416,3.89929,3.8940800000000007,1.5,1.5
13.08.2021 00:01:46.619,3.89929,3.8940800000000007,1.5,1.5
13.08.2021 00:01:50.517,3.89955,3.8939500000000002,1.5,1
13.08.2021 00:01:50.723,3.89926,3.8939500000000002,1.5,1
13.08.2021 00:01:50.925,3.8997,3.89397,1.5,1
13.08.2021 00:01:51.134,3.89952,3.8939800000000004,1.5,1
13.08.2021 00:01:51.335,3.8989800000000003,3.8939800000000004,1.5,1
13.08.2021 00:01:51.536,3.8993400000000005,3.8939800000000004,1.5,1
13.08.2021 00:01:51.761,3.8993400000000005,3.8939900000000005,1,1
13.08.2021 00:01:51.914,3.8993400000000005,3.8939900000000005,1.5,1
13.08.2021 00:01:52.121,3.89906,3.8939900000000005,1.5,1
13.08.2021 00:01:52.323,3.8994500000000003,3.8939900000000005,1,1
13.08.2021 00:01:52.532,3.8994500000000003,3.8939900000000005,1,1
13.08.2021 00:01:52.741,3.89916,3.8939900000000005,1.5,1
13.08.2021 00:01:52.921,3.8994400000000002,3.894,1,1
13.08.2021 00:01:53.123,3.8989800000000003,3.8939900000000005,1.5,1
13.08.2021 00:01:53.335,3.89937,3.894,1.5,1
13.08.2021 00:01:53.435,3.9000300000000006,3.894,1.5,1
13.08.2021 00:01:53.542,3.90004,3.8939800000000004,1,1.5
13.08.2021 00:01:53.621,3.9000300000000006,3.8939900000000005,1.5,1.5
13.08.2021 00:01:53.778,3.8993,3.8939800000000004,1,1.5
13.08.2021 00:01:53.879,3.89929,3.894,1.5,1
13.08.2021 00:02:09.653,3.899,3.8939900000000005,1.5,1
13.08.2021 00:02:09.703,3.89929,3.89402,1.5,1.5
13.08.2021 00:02:21.035,3.8992400000000003,3.894,1,1
13.08.2021 00:02:36.273,3.89907,3.8939900000000005,1.5,1
13.08.2021 00:02:36.522,3.89906,3.894,1.5,1
13.08.2021 00:02:38.190,3.89906,3.8940300000000003,1.5,1.5
13.08.2021 00:02:44.072,3.89907,3.89402,1.5,1.5
13.08.2021 00:02:45.255,3.89907,3.89392,1.5,1.5
13.08.2021 00:03:05.577,3.89907,3.8939000000000004,1.5,1
13.08.2021 00:03:05.793,3.89906,3.89401,1.5,1
13.08.2021 00:03:05.947,3.8990199999999997,3.89401,1,1
13.08.2021 00:03:11.005,3.89907,3.894,1.5,1
13.08.2021 00:03:11.257,3.89892,3.8940300000000003,1.5,1
13.08.2021 00:03:11.558,3.89891,3.89414,1.62,1.5
13.08.2021 00:03:11.894,3.89892,3.8940300000000003,1.5,1
13.08.2021 00:03:12.250,3.89891,3.8940400000000004,1.5,1
13.08.2021 00:03:19.945,3.89892,3.89397,1.5,1
13.08.2021 00:03:23.316,3.89861,3.89397,1.5,1
13.08.2021 00:03:52.531,3.8986,3.8941500000000002,1.5,1
13.08.2021 00:03:52.631,3.8986,3.8941800000000004,1.5,1
13.08.2021 00:03:52.788,3.89861,3.89417,1.5,1
13.08.2021 00:03:52.988,3.8986,3.8941800000000004,1.5,1
13.08.2021 00:03:53.188,3.89861,3.89417,1.5,1
13.08.2021 00:03:59.054,3.89861,3.8941300000000005,1.5,1.5
13.08.2021 00:03:59.221,3.8986,3.8940400000000004,1.5,1
13.08.2021 00:03:59.475,3.89861,3.8940300000000003,1.5,1
13.08.2021 00:03:59.629,3.89861,3.8941300000000005,1.5,1.5
13.08.2021 00:04:02.393,3.89861,3.8941300000000005,1.5,1.5
13.08.2021 00:04:06.880,3.8986,3.89401,1.5,1
13.08.2021 00:04:09.353,3.89861,3.894,1.5,1
13.08.2021 00:04:14.619,3.89861,3.8944800000000006,1.5,1.5
13.08.2021 00:04:17.036,3.8986400000000003,3.8944800000000006,1.5,1.5
13.08.2021 00:04:17.820,3.8986400000000003,3.8944800000000006,1.5,1.5
13.08.2021 00:04:26.135,3.89877,3.8944800000000006,1.5,1.5
13.08.2021 00:04:35.300,3.89877,3.8944800000000006,1.5,1.5
13.08.2021 00:04:43.783,3.8987000000000003,3.8944900000000002,1.5,1.5
13.08.2021 00:04:43.981,3.89871,3.8944800000000006,1.5,1.5
13.08.2021 00:05:03.680,3.89871,3.8944800000000006,1.5,1.5
13.08.2021 00:05:03.897,3.89871,3.8946199999999997,1.5,1
13.08.2021 00:05:10.600,3.8987000000000003,3.8946500000000004,1.5,1
13.08.2021 00:05:29.080,3.89871,3.89451,1.5,1
13.08.2021 00:05:50.766,3.89871,3.8944900000000002,1,1
13.08.2021 00:05:50.921,3.8987000000000003,3.8945000000000003,1.5,1
13.08.2021 00:05:52.626,3.89871,3.8944900000000002,1.5,1
13.08.2021 00:05:57.627,3.89871,3.8944900000000002,1.5,1
13.08.2021 00:06:35.832,3.89867,3.89436,1.5,1
13.08.2021 00:06:35.987,3.8987000000000003,3.89436,1.5,1
13.08.2021 00:06:36.821,3.89869,3.89437,1.5,1
13.08.2021 00:06:37.023,3.8987000000000003,3.89441,1.5,1.5
13.08.2021 00:06:38.924,3.8987000000000003,3.8944800000000006,1.5,1.5
13.08.2021 00:06:43.629,3.8986,3.8945900000000004,1.5,1.5
13.08.2021 00:06:50.675,3.89861,3.8945800000000004,1.5,1.5
13.08.2021 00:06:50.876,3.8986400000000003,3.8945900000000004,1.5,1.5
13.08.2021 00:07:07.523,3.8985600000000002,3.8944900000000002,1.5,1
13.08.2021 00:07:19.223,3.8985800000000004,3.8944900000000002,1.5,1
13.08.2021 00:07:20.908,3.89857,3.8945000000000003,1.5,1
13.08.2021 00:07:21.127,3.8985800000000004,3.89447,1.5,1
13.08.2021 00:07:21.308,3.8986300000000003,3.8944800000000006,1.5,1
13.08.2021 00:07:24.167,3.89866,3.8944900000000002,1.5,1.5
13.08.2021 00:07:26.714,3.8986400000000003,3.8944800000000006,1.5,1.5
13.08.2021 00:07:33.019,3.8986300000000003,3.8944900000000002,1.5,1.5
13.08.2021 00:07:33.174,3.8986300000000003,3.8944900000000002,1.5,1.5
13.08.2021 00:07:49.771,3.89861,3.8944800000000006,1.5,1.5
13.08.2021 00:07:50.049,3.89861,3.8944800000000006,1.5,1.5
13.08.2021 00:07:52.817,3.89861,3.8944800000000006,1.5,1.5
13.08.2021 00:07:54.589,3.89861,3.8944800000000006,1.5,1.5
13.08.2021 00:08:02.631,3.89861,3.8945800000000004,1.5,1.5
13.08.2021 00:08:02.784,3.89861,3.8945800000000004,1.5,1.5
13.08.2021 00:08:08.385,3.89861,3.8945800000000004,1.5,1.5
13.08.2021 00:08:30.622,3.89881,3.8947900000000004,1.5,1.5
13.08.2021 00:08:30.824,3.8988199999999997,3.8947800000000004,1.5,1.5
13.08.2021 00:08:31.816,3.89881,3.8947900000000004,1.5,1.5
13.08.2021 00:08:32.180,3.89881,3.89489,1.5,1.5
13.08.2021 00:08:33.219,3.89886,3.8945800000000004,1.5,1.62
13.08.2021 00:08:39.382,3.8987300000000005,3.8945900000000004,1.5,1
13.08.2021 00:09:02.999,3.89869,3.89471,1.5,1.5
13.08.2021 00:09:14.885,3.8987000000000003,3.8946,1.5,1
13.08.2021 00:09:15.091,3.89895,3.89471,1.5,1.5
13.08.2021 00:09:18.072,3.89896,3.8951800000000003,1.5,1.5
13.08.2021 00:09:22.251,3.89915,3.8953800000000003,1.5,1.5
13.08.2021 00:09:25.308,3.8991400000000005,3.8952800000000005,1.5,1.5
13.08.2021 00:09:26.819,3.8991300000000004,3.8952400000000003,1.5,1.5
13.08.2021 00:09:28.251,3.8991300000000004,3.8951400000000005,1.5,1.5
13.08.2021 00:09:29.352,3.8991400000000005,3.8951300000000004,1.5,1.5
13.08.2021 00:09:31.560,3.89936,3.8951800000000003,1.5,1.5
13.08.2021 00:09:56.805,3.89936,3.8952300000000006,1.5,1.5
13.08.2021 00:09:57.212,3.89936,3.8952300000000006,1.5,1.5
13.08.2021 00:09:57.768,3.89936,3.8952300000000006,1.5,1.5
13.08.2021 00:09:57.971,3.89936,3.8951800000000003,1.5,1.5
13.08.2021 00:10:02.626,3.8991300000000004,3.8951800000000003,1.5,1.5
13.08.2021 00:10:02.778,3.89912,3.8950400000000003,1.5,1.5
13.08.2021 00:10:03.832,3.89912,3.8950300000000007,1.5,1.5
13.08.2021 00:10:05.521,3.89896,3.8950199999999997,1.5,1.5
13.08.2021 00:10:13.768,3.89889,3.8949300000000004,1.5,1.5
13.08.2021 00:10:13.967,3.89889,3.8949300000000004,1.5,1.5
13.08.2021 00:10:17.273,3.8988800000000006,3.8948800000000006,1.5,1.5
13.08.2021 00:10:21.295,3.8988800000000006,3.8948800000000006,1.5,1.5
13.08.2021 00:10:31.343,3.89889,3.89489,1.5,1.5
13.08.2021 00:10:32.500,3.8988800000000006,3.8948300000000007,1.5,1.5
13.08.2021 00:10:34.866,3.8987600000000002,3.8948800000000006,1.5,1.5
13.08.2021 00:10:51.758,3.89886,3.8950199999999997,1.5,1.5
13.08.2021 00:10:57.447,3.89886,3.8950199999999997,1.5,1.5
13.08.2021 00:11:58.170,3.8988400000000003,3.8951000000000002,1.5,1.5
13.08.2021 00:12:11.220,3.8988400000000003,3.8951000000000002,1.5,1.5
13.08.2021 00:12:12.187,3.8988400000000003,3.8951000000000002,1.5,1.5
13.08.2021 00:12:47.669,3.8988400000000003,3.895,1.5,1.5
13.08.2021 00:12:48.275,3.8988400000000003,3.895,1.5,1.5
13.08.2021 00:13:37.488,3.8988300000000007,3.89512,1.5,1.5
13.08.2021 00:13:38.914,3.8988400000000003,3.89511,1.5,1.5
13.08.2021 00:13:48.345,3.8988400000000003,3.89511,1.5,1.5
13.08.2021 00:13:48.493,3.89901,3.89511,1.5,1.5
13.08.2021 00:13:48.940,3.899,3.89531,1.5,1.5
13.08.2021 00:14:02.018,3.89901,3.8953,1.5,1.5
13.08.2021 00:14:02.421,3.89901,3.8953,1.5,1.5
13.08.2021 00:14:11.915,3.89901,3.8953,1.5,1.5
13.08.2021 00:14:12.711,3.899,3.89512,1.5,1.5
13.08.2021 00:14:23.991,3.8988300000000007,3.89512,1.5,1.5
13.08.2021 00:14:30.818,3.8988300000000007,3.89512,1.5,1.5
13.08.2021 00:14:48.452,3.8988400000000003,3.89511,1.5,1.5
13.08.2021 00:14:50.736,3.8988300000000007,3.89512,1.5,1.5
13.08.2021 00:14:50.938,3.8988300000000007,3.8951000000000002,1.5,1.5
13.08.2021 00:14:55.519,3.8987300000000005,3.8950300000000007,1.5,1.5
13.08.2021 00:15:01.817,3.89869,3.8950300000000007,1.5,1.5
13.08.2021 00:15:02.190,3.89869,3.8950300000000007,1.5,1.5
13.08.2021 00:15:14.030,3.89891,3.8950800000000005,1.5,1.5
13.08.2021 00:15:14.393,3.89891,3.8950800000000005,1,1.5
13.08.2021 00:15:14.539,3.89931,3.8950800000000005,1.5,1.5
13.08.2021 00:15:14.640,3.89917,3.8950800000000005,1.5,1.5
13.08.2021 00:15:15.148,3.89917,3.8950800000000005,1.5,1.5
13.08.2021 00:15:15.348,3.89917,3.8950800000000005,1.5,1.5
13.08.2021 00:15:15.555,3.89917,3.8950800000000005,1.5,1.5
13.08.2021 00:15:17.534,3.89917,3.8950800000000005,1.5,1.5
13.08.2021 00:15:49.379,3.89917,3.8950800000000005,1.5,1.5
13.08.2021 00:15:49.581,3.89917,3.8950800000000005,1.5,1.5
13.08.2021 00:16:00.459,3.89916,3.89509,1.5,1.5
13.08.2021 00:16:01.651,3.89916,3.8951400000000005,1.5,1.5
13.08.2021 00:17:06.852,3.89912,3.8951800000000003,1.5,1.5
13.08.2021 00:17:09.789,3.89912,3.8951800000000003,1.5,1.5
13.08.2021 00:17:23.742,3.89912,3.8951800000000003,1.5,1.5
13.08.2021 00:17:23.944,3.89912,3.8951800000000003,1.5,1.5
13.08.2021 00:17:30.315,3.89912,3.8951800000000003,1.5,1.5
13.08.2021 00:17:34.445,3.89911,3.8951900000000004,1.5,1.5
13.08.2021 00:17:47.824,3.8992500000000003,3.8952800000000005,1.5,1.5
13.08.2021 00:17:49.768,3.8992400000000003,3.89529,1.5,1.5
13.08.2021 00:17:50.170,3.8992400000000003,3.89529,1.5,1.5
13.08.2021 00:18:01.318,3.8992400000000003,3.89529,1.5,1.5
13.08.2021 00:18:06.937,3.8992500000000003,3.8952800000000005,1.5,1.5
13.08.2021 00:18:20.212,3.8992500000000003,3.8952800000000005,1.5,1.5
13.08.2021 00:18:33.483,3.8992500000000003,3.8952800000000005,1.5,1.5
13.08.2021 00:18:33.726,3.8994400000000002,3.89549,1.5,1.5
13.08.2021 00:18:40.576,3.8994500000000003,3.8955100000000003,1.5,1.5
13.08.2021 00:19:03.089,3.8994400000000002,3.89552,1.5,1.5
13.08.2021 00:19:19.394,3.8994500000000003,3.8955800000000003,1.5,1.5
13.08.2021 00:19:20.672,3.8994400000000002,3.8955900000000003,1.5,1.5
13.08.2021 00:19:49.711,3.8994400000000002,3.8955900000000003,1.5,1.5
13.08.2021 00:19:49.926,3.8994500000000003,3.8954800000000005,1.5,1.5
13.08.2021 00:19:50.115,3.8994500000000003,3.8954800000000005,1.5,1.5
13.08.2021 00:20:00.017,3.8994500000000003,3.8955100000000003,1.5,1.5
13.08.2021 00:21:20.984,3.8994500000000003,3.89541,1.5,1
13.08.2021 00:21:32.185,3.8994300000000006,3.89512,1.5,1
13.08.2021 00:21:32.386,3.89942,3.89511,1.5,1
13.08.2021 00:21:48.656,3.89946,3.8949900000000004,1.5,1.5
13.08.2021 00:22:22.156,3.89937,3.8949800000000003,1.5,1.5
13.08.2021 00:22:42.367,3.89936,3.8949900000000004,1.5,1.5
13.08.2021 00:22:42.704,3.89936,3.8949900000000004,1.5,1.5
13.08.2021 00:22:46.340,3.89936,3.8949800000000003,1,1.5
13.08.2021 00:22:52.743,3.89936,3.8949800000000003,1,1.5
13.08.2021 00:22:54.231,3.89936,3.8949800000000003,1,1.5
13.08.2021 00:22:59.730,3.89936,3.8949800000000003,1,1.5
13.08.2021 00:23:06.699,3.89935,3.8948800000000006,1,1.5
13.08.2021 00:23:14.622,3.89911,3.8947900000000004,1.5,1.5
13.08.2021 00:23:19.092,3.89911,3.8947900000000004,1.5,1.5
13.08.2021 00:23:21.125,3.89907,3.8948400000000003,1.5,1
13.08.2021 00:23:22.520,3.89929,3.8954300000000006,1.5,1
13.08.2021 00:23:23.020,3.89941,3.8955400000000004,1.5,1
13.08.2021 00:23:24.168,3.89941,3.8955300000000004,1.5,1
13.08.2021 00:23:24.219,3.89941,3.8953400000000005,1.5,1
13.08.2021 00:23:26.282,3.89964,3.8956300000000006,1.5,1
13.08.2021 00:23:27.544,3.89964,3.8956300000000006,1.5,1
13.08.2021 00:23:28.052,3.89995,3.8956300000000006,1.5,1
13.08.2021 00:23:28.208,3.89995,3.8956300000000006,1.5,1
13.08.2021 00:23:28.795,3.8999400000000004,3.8953900000000004,1.5,1
13.08.2021 00:23:28.846,3.89995,3.8955900000000003,1.5,1
13.08.2021 00:23:29.019,3.8999400000000004,3.8956000000000004,1.5,1
13.08.2021 00:23:33.857,3.89995,3.8956300000000006,1.5,1
13.08.2021 00:23:34.007,3.8999400000000004,3.89564,1.5,1
13.08.2021 00:23:38.295,3.89995,3.8956300000000006,1.5,1
13.08.2021 00:23:38.346,3.89995,3.8955900000000003,1.5,1
13.08.2021 00:23:38.540,3.89995,3.8955900000000003,1.5,1
13.08.2021 00:23:45.337,3.89995,3.89562,1.5,1
13.08.2021 00:23:45.438,3.89995,3.8956300000000006,1.5,1.5
13.08.2021 00:23:45.593,3.89995,3.8956300000000006,1.5,1.5
13.08.2021 00:23:45.823,3.9001900000000003,3.8956300000000006,1.5,1.5
13.08.2021 00:23:46.003,3.9000000000000004,3.8956300000000006,1.5,1.5
13.08.2021 00:23:51.862,3.8999900000000003,3.8956000000000004,1.5,1
13.08.2021 00:23:53.557,3.9000000000000004,3.8956300000000006,1.5,1
13.08.2021 00:24:01.245,3.9000000000000004,3.8956300000000006,1.5,1.5
13.08.2021 00:24:42.506,3.8999900000000003,3.8956000000000004,1.5,1.5
13.08.2021 00:25:01.234,3.9000000000000004,3.8955900000000003,1.5,1.5
13.08.2021 00:25:01.436,3.9000000000000004,3.8948300000000007,1.5,1.5
13.08.2021 00:25:01.635,3.8999900000000003,3.8956300000000006,1.5,1
13.08.2021 00:25:02.819,3.9000000000000004,3.89562,1.5,1
13.08.2021 00:25:10.337,3.9000000000000004,3.89562,1.5,1
13.08.2021 00:27:04.167,3.9000000000000004,3.89561,1.5,1
13.08.2021 00:27:07.318,3.9000000000000004,3.8957800000000007,1.5,1.5
13.08.2021 00:27:30.820,3.8999900000000003,3.8956800000000005,1.5,1
13.08.2021 00:27:33.039,3.9000000000000004,3.89567,1.5,1
13.08.2021 00:27:36.681,3.9000000000000004,3.8956000000000004,1.5,1
13.08.2021 00:28:16.999,3.9000000000000004,3.8955900000000003,1.5,1.5
13.08.2021 00:29:04.159,3.9000000000000004,3.8955900000000003,1.5,1.5
13.08.2021 00:29:10.289,3.9000000000000004,3.8956000000000004,1.5,1
13.08.2021 00:29:25.816,3.9000000000000004,3.8956000000000004,1.5,1
13.08.2021 00:29:37.018,3.9000000000000004,3.8956000000000004,1.5,1
13.08.2021 00:29:38.143,3.9000000000000004,3.8956000000000004,1.5,1
13.08.2021 00:30:00.694,3.9000000000000004,3.8956000000000004,1.5,1
13.08.2021 00:30:01.213,3.9000000000000004,3.8956900000000005,1.5,1
13.08.2021 00:30:17.346,3.8999900000000003,3.8957,1.5,1
13.08.2021 00:30:41.343,3.9000000000000004,3.8956800000000005,1.5,1.5
13.08.2021 00:30:45.653,3.9000000000000004,3.8956800000000005,1.5,1.5
13.08.2021 00:30:55.020,3.8999900000000003,3.8956900000000005,1.5,1.5
13.08.2021 00:30:58.071,3.9000000000000004,3.8955900000000003,1.5,1.5
13.08.2021 00:31:04.457,3.9000000000000004,3.8955900000000003,1.5,1.5
13.08.2021 00:31:06.670,3.8999900000000003,3.8956300000000006,1.5,1
13.08.2021 00:31:11.895,3.9000000000000004,3.89562,1.5,1
13.08.2021 00:31:24.865,3.9000000000000004,3.89561,1.5,1
13.08.2021 00:31:30.471,3.9000000000000004,3.89561,1.5,1
13.08.2021 00:31:43.579,3.8999900000000003,3.8955900000000003,1.5,1.5
13.08.2021 00:31:43.773,3.9000000000000004,3.8955900000000003,1.5,1.5
13.08.2021 00:31:43.943,3.9000000000000004,3.8955900000000003,1.5,1.5
13.08.2021 00:32:07.255,3.9000000000000004,3.89562,1.5,1.5
13.08.2021 00:32:07.457,3.8999900000000003,3.8956000000000004,1.5,1.5
13.08.2021 00:32:22.770,3.9000000000000004,3.8955900000000003,1.5,1.5
13.08.2021 00:32:25.273,3.8997699999999997,3.8955100000000003,1.5,1
13.08.2021 00:32:29.430,3.8997699999999997,3.8955100000000003,1.5,1
13.08.2021 00:32:42.139,3.89976,3.89552,1.5,1
13.08.2021 00:32:58.989,3.89976,3.89552,1.5,1
13.08.2021 00:33:07.155,3.8997699999999997,3.8955100000000003,1.5,1
13.08.2021 00:33:07.356,3.8997699999999997,3.8954800000000005,1.5,1.5
13.08.2021 00:33:18.980,3.89976,3.8954,1.5,1
13.08.2021 00:33:51.526,3.8997699999999997,3.8953800000000003,1.5,1.5
13.08.2021 00:33:51.930,3.8997699999999997,3.8954800000000005,1.5,1.5
13.08.2021 00:34:01.366,3.8997699999999997,3.8954800000000005,1.5,1.5
13.08.2021 00:34:02.018,3.8997699999999997,3.8954800000000005,1.5,1.5
13.08.2021 00:34:09.218,3.8997699999999997,3.8954800000000005,1.5,1.5
13.08.2021 00:35:11.707,3.8997699999999997,3.8953900000000004,1.5,1
13.08.2021 00:35:11.908,3.8997699999999997,3.8954800000000005,1.5,1.62
13.08.2021 00:35:22.275,3.89976,3.89549,1.5,1.5
13.08.2021 00:35:37.218,3.8997699999999997,3.8954800000000005,1.5,1.5
13.08.2021 00:36:24.115,3.89976,3.89549,1.5,1.5
13.08.2021 00:36:25.505,3.8997699999999997,3.8954800000000005,1.5,1.5
13.08.2021 00:36:25.831,3.89976,3.89549,1.5,1.5
13.08.2021 00:36:32.242,3.8997699999999997,3.8954800000000005,1.5,1.5
13.08.2021 00:36:32.443,3.8997699999999997,3.8954800000000005,1.5,1.5
13.08.2021 00:36:44.635,3.8997699999999997,3.8954800000000005,1.5,1.5
13.08.2021 00:36:47.073,3.8997699999999997,3.8954800000000005,1.5,1.5
13.08.2021 00:36:47.273,3.8997699999999997,3.8954800000000005,1.5,1.5
13.08.2021 00:36:50.194,3.8997699999999997,3.8954800000000005,1.5,1.5
13.08.2021 00:36:59.957,3.89976,3.89549,1.5,1.5
13.08.2021 00:37:48.969,3.8997699999999997,3.8946,1.5,1.5
13.08.2021 00:37:49.170,3.89976,3.89549,1.5,1.5
13.08.2021 00:38:52.069,3.8997699999999997,3.8954800000000005,1.5,1.5
13.08.2021 00:39:10.380,3.8995400000000005,3.8953800000000003,1.5,1.5
13.08.2021 00:39:13.349,3.8995400000000005,3.8953800000000003,1.5,1.5
13.08.2021 00:39:42.786,3.8995400000000005,3.8953800000000003,1.5,1.5
13.08.2021 00:39:42.939,3.8995300000000004,3.8953900000000004,1.5,1.5
13.08.2021 00:39:45.287,3.8995300000000004,3.89529,1.5,2
13.08.2021 00:39:47.608,3.8995400000000005,3.8952800000000005,1.5,2
13.08.2021 00:39:47.811,3.8995400000000005,3.89531,1.5,1
13.08.2021 00:39:49.769,3.8995400000000005,3.89531,1.5,1
13.08.2021 00:39:56.200,3.8995300000000004,3.89546,1.5,1.5
13.08.2021 00:40:10.235,3.8995400000000005,3.8954800000000005,1.5,1.5
13.08.2021 00:40:11.635,3.8998000000000004,3.8955900000000003,1.5,1.5
13.08.2021 00:40:19.425,3.8997900000000003,3.89555,1.5,1
13.08.2021 00:40:20.120,3.8998000000000004,3.8955900000000003,1.5,1.5
13.08.2021 00:41:13.425,3.8998000000000004,3.8955400000000004,1.5,1
13.08.2021 00:41:21.530,3.8998000000000004,3.8955900000000003,1.5,1.5
13.08.2021 00:41:26.302,3.8998000000000004,3.8955400000000004,1.5,1
13.08.2021 00:41:36.631,3.8997900000000003,3.8956000000000004,1.5,1.5
13.08.2021 00:41:53.277,3.8998000000000004,3.89564,1.5,1.5
13.08.2021 00:41:53.567,3.8998000000000004,3.8955800000000003,1.5,1.5
13.08.2021 00:41:58.104,3.8998000000000004,3.8954800000000005,1.5,1.5
13.08.2021 00:42:14.951,3.8997900000000003,3.89549,1.5,1.5
13.08.2021 00:42:15.482,3.8998000000000004,3.8954800000000005,1.5,1.5
13.08.2021 00:42:15.969,3.8998000000000004,3.8954800000000005,1.5,1.5
13.08.2021 00:42:26.506,3.8997900000000003,3.8956000000000004,1.5,1.5
13.08.2021 00:42:35.819,3.8998000000000004,3.8957100000000002,1.5,1.5
13.08.2021 00:42:40.357,3.90007,3.8957800000000007,1.5,1.5
13.08.2021 00:42:40.559,3.90007,3.8957800000000007,1.5,1.5
13.08.2021 00:42:41.440,3.90007,3.8957800000000007,1.5,1.5
13.08.2021 00:42:43.856,3.90006,3.8957900000000003,1.5,1.5
13.08.2021 00:43:15.300,3.89995,3.8958900000000005,1.5,1.5
13.08.2021 00:43:15.504,3.89996,3.8958800000000005,1.5,1.5
13.08.2021 00:43:16.040,3.89996,3.8958800000000005,1.5,1.5
13.08.2021 00:44:22.254,3.89996,3.8958800000000005,1.5,1.5
13.08.2021 00:45:00.306,3.89996,3.8958800000000005,1.5,1.5
13.08.2021 00:45:15.529,3.89996,3.8958800000000005,1.5,1.5
13.08.2021 00:45:15.707,3.89996,3.8958800000000005,1.5,1.5
13.08.2021 00:45:16.859,3.89996,3.8958800000000005,1.5,1.5
13.08.2021 00:45:29.711,3.89996,3.8960800000000004,1.5,1.5
13.08.2021 00:45:30.753,3.89996,3.8961800000000006,1.5,1.5
13.08.2021 00:45:30.907,3.89996,3.8961800000000006,1.5,1.5
13.08.2021 00:45:45.962,3.9001900000000003,3.8961800000000006,1.5,1.5
13.08.2021 00:45:46.538,3.9001900000000003,3.8962800000000004,1.5,1.5
13.08.2021 00:46:01.593,3.9001800000000006,3.8962900000000005,1.5,1.5
13.08.2021 00:46:01.951,3.9001800000000006,3.8962900000000005,1.5,1.5
13.08.2021 00:46:17.058,3.9001900000000003,3.8962800000000004,1.5,1.5
13.08.2021 00:46:17.214,3.9001900000000003,3.8962800000000004,1.5,1.5
13.08.2021 00:46:21.712,3.9001900000000003,3.8961800000000006,1.5,1.5
13.08.2021 00:46:32.369,3.9001800000000006,3.8959900000000003,1.5,1.5
13.08.2021 00:46:32.571,3.9001800000000006,3.8960900000000005,1.5,1.5
13.08.2021 00:46:37.376,3.9001900000000003,3.8960800000000004,1.5,1.5
13.08.2021 00:46:47.392,3.89991,3.8958900000000005,1.5,2
13.08.2021 00:46:47.589,3.89991,3.8958900000000005,1.5,2
13.08.2021 00:46:47.763,3.89992,3.8958800000000005,1.5,2
13.08.2021 00:46:49.279,3.89991,3.8959900000000003,1.5,1.5
13.08.2021 00:46:49.706,3.89992,3.8959800000000007,1.5,1.5
13.08.2021 00:46:49.861,3.89991,3.8959900000000003,1.5,1.5
13.08.2021 00:46:53.452,3.89992,3.8959800000000007,1.5,1.5
13.08.2021 00:46:57.857,3.89991,3.8959900000000003,1.5,1.5
13.08.2021 00:46:58.132,3.89992,3.8959800000000007,1.5,1.5
13.08.2021 00:46:59.993,3.89991,3.8958900000000005,1.5,2
13.08.2021 00:47:10.693,3.89991,3.8960900000000005,1.5,1.5
13.08.2021 00:47:16.875,3.89992,3.8959800000000007,1.5,1.5
13.08.2021 00:47:17.075,3.89991,3.8959900000000003,1.5,1.5
13.08.2021 00:47:35.271,3.89992,3.8959800000000007,1.5,1.5
13.08.2021 00:47:41.347,3.89972,3.8958800000000005,1.5,2
13.08.2021 00:47:58.742,3.8997300000000004,3.8958900000000005,1.5,2
13.08.2021 00:49:19.660,3.8997800000000007,3.8959800000000007,1.5,1.5
13.08.2021 00:49:20.550,3.8997800000000007,3.8959800000000007,1.5,1.5
13.08.2021 00:49:58.175,3.8997699999999997,3.8959900000000003,1.5,1.5
13.08.2021 00:50:01.521,3.8997699999999997,3.8959900000000003,1.5,1.5
13.08.2021 00:50:12.043,3.8997800000000007,3.8959800000000007,1.5,1.5
13.08.2021 00:50:37.868,3.8997699999999997,3.8959900000000003,1.5,1.5
13.08.2021 00:50:38.512,3.89991,3.8960900000000005,1.5,1.5
13.08.2021 00:50:44.339,3.89992,3.8960800000000004,1.5,1.5
13.08.2021 00:50:44.540,3.89991,3.8960900000000005,1.5,1.5
13.08.2021 00:50:46.004,3.89992,3.8960800000000004,1.5,1.5
13.08.2021 00:50:53.943,3.89991,3.8960900000000005,1.5,1.5
13.08.2021 00:50:54.146,3.89992,3.8960800000000004,1.5,1.5
13.08.2021 00:51:10.568,3.89992,3.8959800000000007,1.5,1.5
13.08.2021 00:51:16.272,3.89992,3.8959800000000007,1.5,1.5
13.08.2021 00:52:17.865,3.89972,3.8959800000000007,1.5,1.5
13.08.2021 00:52:19.287,3.89972,3.8958300000000006,1.5,1.5
13.08.2021 00:52:19.451,3.8997100000000002,3.8959900000000003,1.5,1.5
13.08.2021 00:53:05.450,3.8998000000000004,3.8960800000000004,1.5,1.5
13.08.2021 00:53:05.657,3.8998000000000004,3.8960800000000004,1.5,1.5
13.08.2021 00:53:19.292,3.8998000000000004,3.8961800000000006,1.5,1.5
13.08.2021 00:53:21.313,3.8998000000000004,3.8961800000000006,1.5,1.5
13.08.2021 00:53:34.171,3.8998000000000004,3.8962800000000004,1.5,1.5
13.08.2021 00:53:55.011,3.8997900000000003,3.8962900000000005,1.5,1.5
13.08.2021 00:53:55.239,3.8998000000000004,3.8963800000000006,1.5,1.5
13.08.2021 00:54:00.349,3.8998000000000004,3.8963800000000006,1.5,1.5
13.08.2021 00:54:00.550,3.9000300000000006,3.8964800000000004,1.5,1.5
13.08.2021 00:54:00.902,3.90002,3.8964900000000005,1.5,1.5
13.08.2021 00:54:01.948,3.9000300000000006,3.8964800000000004,1.5,1.5
13.08.2021 00:54:02.462,3.9000300000000006,3.8964800000000004,1.5,1
13.08.2021 00:54:02.652,3.9000300000000006,3.8964800000000004,1.5,1.5
13.08.2021 00:54:02.855,3.9000300000000006,3.8964800000000004,1.5,1.5
13.08.2021 00:54:03.256,3.9000300000000006,3.8964800000000004,1.5,1.5
13.08.2021 00:54:07.652,3.90002,3.8964900000000005,1.5,1.5
13.08.2021 00:54:07.760,3.9000300000000006,3.8965800000000006,1.5,1.5
13.08.2021 00:54:09.763,3.9002000000000003,3.8962300000000005,1.5,1.5
13.08.2021 00:54:09.874,3.9002000000000003,3.8966800000000004,1.5,1
13.08.2021 00:54:09.924,3.9002000000000003,3.8966800000000004,1.5,1.5
13.08.2021 00:54:12.406,3.9001900000000003,3.8966900000000004,1.5,1.5
13.08.2021 00:54:12.617,3.9002000000000003,3.8966800000000004,1.5,1.5
13.08.2021 00:54:23.880,3.9002000000000003,3.8966800000000004,1.5,1.5
13.08.2021 00:54:24.594,3.9001900000000003,3.8966900000000004,1,1
13.08.2021 00:54:24.694,3.9003800000000006,3.8965800000000006,1,1
13.08.2021 00:54:25.900,3.9003800000000006,3.8967800000000006,1,1
13.08.2021 00:54:27.917,3.9005800000000006,3.8967800000000006,1,1
13.08.2021 00:54:38.995,3.9005800000000006,3.8969800000000006,1,1
13.08.2021 00:54:41.598,3.90057,3.8970900000000004,1,1
13.08.2021 00:54:42.284,3.9005800000000006,3.8971,1,1
13.08.2021 00:54:42.334,3.9005800000000006,3.8970800000000003,1,1
13.08.2021 00:54:45.000,3.9005800000000006,3.8969199999999997,1,1
13.08.2021 00:54:45.564,3.90057,3.8970900000000004,1,1
13.08.2021 00:54:45.836,3.9005800000000006,3.8968800000000003,1,1
13.08.2021 00:54:46.038,3.90057,3.8970900000000004,1,1
13.08.2021 00:54:46.840,3.90057,3.8971199999999997,1,1
13.08.2021 00:54:46.936,3.9005800000000006,3.8970800000000003,1,1
13.08.2021 00:54:47.060,3.9005800000000006,3.89711,1,1
13.08.2021 00:54:47.111,3.9005800000000006,3.8970800000000003,1,1
13.08.2021 00:54:59.724,3.90082,3.8970800000000003,1,1
13.08.2021 00:54:59.854,3.90082,3.89711,1,1
13.08.2021 00:54:59.905,3.90082,3.8970800000000003,1,1
13.08.2021 00:55:04.273,3.90062,3.8970800000000003,1,1
13.08.2021 00:55:08.909,3.90061,3.89699,1,1
13.08.2021 00:55:09.637,3.90062,3.8968800000000003,1,1
13.08.2021 00:55:12.126,3.90061,3.8968900000000004,1.5,1.5
13.08.2021 00:55:12.328,3.90061,3.8968900000000004,1.5,1.5
13.08.2021 00:55:13.105,3.90044,3.8967300000000007,1.5,1.5
13.08.2021 00:55:15.648,3.90044,3.8967300000000007,1.5,1.5
13.08.2021 00:55:15.866,3.90044,3.8965800000000006,1.5,1.5
13.08.2021 00:55:16.005,3.90044,3.8965800000000006,1.5,1.5
13.08.2021 00:55:16.581,3.9004300000000005,3.89679,1.5,1.5
13.08.2021 00:55:19.094,3.90021,3.89636,1.5,1.5
13.08.2021 00:55:20.213,3.90022,3.8964800000000004,1.5,1.5
13.08.2021 00:55:32.404,3.90021,3.8962900000000005,1.5,1.5
13.08.2021 00:55:40.305,3.90001,3.8961900000000003,1.5,2
13.08.2021 00:55:40.507,3.90002,3.8961800000000006,1.5,1.5
13.08.2021 00:55:41.447,3.89984,3.8961900000000003,1.5,1.5
13.08.2021 00:55:42.362,3.89984,3.8961900000000003,1.5,1.5
13.08.2021 00:55:44.429,3.8998500000000003,3.8960800000000004,1.5,1.5
13.08.2021 00:55:44.609,3.89984,3.8960900000000005,1.5,1.5
13.08.2021 00:55:51.321,3.8998500000000003,3.8960800000000004,1.5,1.5
13.08.2021 00:56:13.570,3.8998500000000003,3.8961800000000006,1.5,1.5
13.08.2021 00:56:17.959,3.89984,3.8961900000000003,1.5,1.5
13.08.2021 00:56:24.690,3.89984,3.8961900000000003,1.5,1.5
13.08.2021 00:56:40.109,3.8998500000000003,3.8961800000000006,1.5,1.5
13.08.2021 00:57:20.337,3.8998500000000003,3.8950800000000005,1.5,1.5
13.08.2021 00:57:20.538,3.8998500000000003,3.8950800000000005,1.5,1.5
13.08.2021 00:57:53.641,3.8998500000000003,3.8950800000000005,1.5,1.5
13.08.2021 00:57:54.143,3.89984,3.8961900000000003,1.5,1.5
13.08.2021 00:58:47.347,3.8998500000000003,3.8960800000000004,1.5,1.5
13.08.2021 00:58:47.509,3.89972,3.8959800000000007,1.5,1.5
13.08.2021 00:59:06.474,3.89972,3.8959800000000007,1.5,1.5
13.08.2021 00:59:29.074,3.8997100000000002,3.8958900000000005,1.5,1.5
13.08.2021 00:59:43.911,3.89972,3.8958800000000005,1.5,1.5
13.08.2021 00:59:51.402,3.89972,3.8957800000000007,1.5,1.5
13.08.2021 00:59:51.601,3.89972,3.8957800000000007,1.5,1.5
13.08.2021 01:00:00.530,3.89972,3.8958800000000005,1.5,1.5
13.08.2021 01:00:00.683,3.89972,3.8958800000000005,1.5,1.5
13.08.2021 01:00:00.937,3.89972,3.8958800000000005,1.5,1.5
13.08.2021 01:00:01.136,3.89972,3.8957800000000007,1.5,1.5
13.08.2021 01:00:02.875,3.89972,3.8957800000000007,1.5,1.5
13.08.2021 01:00:03.076,3.89972,3.8957800000000007,1.5,1.5
13.08.2021 01:00:04.405,3.89972,3.8957800000000007,1.5,1.5
13.08.2021 01:00:06.628,3.89949,3.8957800000000007,1.5,1.5
13.08.2021 01:00:07.692,3.89949,3.8956800000000005,1.5,1.5
13.08.2021 01:00:11.541,3.8994800000000005,3.8955900000000003,1.5,1.5
13.08.2021 01:00:18.427,3.8994800000000005,3.8955900000000003,1.5,1.5
13.08.2021 01:00:27.814,3.89949,3.8955800000000003,1.5,1.5
13.08.2021 01:00:31.821,3.89949,3.8955800000000003,1.5,1.5
13.08.2021 01:00:48.021,3.8994800000000005,3.8955900000000003,1.5,1.5
13.08.2021 01:00:50.473,3.8992800000000005,3.8954800000000005,1.5,1.5
13.08.2021 01:01:43.412,3.89927,3.8956900000000005,1.5,1.5
13.08.2021 01:02:03.535,3.8992800000000005,3.8956800000000005,1.5,1.5
13.08.2021 01:02:03.770,3.89949,3.8956800000000005,1.5,1.5
13.08.2021 01:02:15.222,3.89949,3.8956800000000005,1.5,1.5
13.08.2021 01:02:15.424,3.8994800000000005,3.8956900000000005,1.5,1.5
13.08.2021 01:02:25.787,3.89949,3.8956800000000005,1.5,1.5
13.08.2021 01:02:41.773,3.8994800000000005,3.8956900000000005,1.5,1.5
13.08.2021 01:02:47.245,3.8994800000000005,3.8957900000000003,1.5,1.5
13.08.2021 01:02:49.752,3.89949,3.8957800000000007,1.5,1.5
13.08.2021 01:02:52.072,3.89949,3.8956800000000005,1.5,1.5
13.08.2021 01:03:01.164,3.89949,3.8956800000000005,1.5,1.5
13.08.2021 01:03:07.130,3.89949,3.8956800000000005,1.5,1.5
13.08.2021 01:03:19.184,3.8996900000000005,3.8957800000000007,1.5,1.5
13.08.2021 01:03:22.525,3.8996900000000005,3.8957800000000007,1.5,1.5
13.08.2021 01:03:29.477,3.8996900000000005,3.8957800000000007,1.5,1.5
13.08.2021 01:04:03.495,3.8996900000000005,3.8959800000000007,1.5,1.5
13.08.2021 01:04:33.648,3.8996900000000005,3.8960800000000004,1.5,1.5
13.08.2021 01:04:33.847,3.8996900000000005,3.8959800000000007,1.5,1.5
13.08.2021 01:04:35.948,3.8996900000000005,3.8959800000000007,1.5,1.5
13.08.2021 01:04:45.510,3.8996900000000005,3.8959800000000007,1.5,1.5
13.08.2021 01:05:02.618,3.8996900000000005,3.8959800000000007,1.5,1.5
13.08.2021 01:05:18.548,3.8996800000000005,3.8959900000000003,1.5,1.5
13.08.2021 01:05:18.953,3.8996900000000005,3.8959800000000007,1.5,1.5
13.08.2021 01:05:20.821,3.8996800000000005,3.8959900000000003,1.5,1.5
13.08.2021 01:05:36.321,3.8996900000000005,3.8959800000000007,1.5,1.5
13.08.2021 01:05:43.517,3.8996900000000005,3.8955400000000004,1.5,1
13.08.2021 01:06:05.129,3.8996900000000005,3.8955100000000003,1.5,1
13.08.2021 01:06:14.445,3.8996900000000005,3.8958800000000005,1.5,1.5
13.08.2021 01:06:38.946,3.8996900000000005,3.8957800000000007,1.5,1.5
13.08.2021 01:07:03.072,3.8996900000000005,3.8957800000000007,1.5,1.5
13.08.2021 01:07:07.109,3.8996900000000005,3.8957800000000007,1.5,1.5
13.08.2021 01:07:17.820,3.8996900000000005,3.8952199999999997,1.5,1.5
13.08.2021 01:07:36.218,3.8996900000000005,3.8958800000000005,1.5,1.5
13.08.2021 01:08:11.556,3.8996900000000005,3.8960800000000004,1.5,1.5
13.08.2021 01:08:26.354,3.8996800000000005,3.8960900000000005,1.5,1.5
13.08.2021 01:08:26.556,3.8996800000000005,3.8960900000000005,1.5,1.5
13.08.2021 01:08:31.490,3.8996800000000005,3.8960900000000005,1.5,1.5
13.08.2021 01:09:06.865,3.8999300000000003,3.8961800000000006,1.5,1.5
13.08.2021 01:09:13.492,3.8999300000000003,3.8961800000000006,1.5,1.5
13.08.2021 01:09:18.241,3.8999300000000003,3.8961800000000006,1.5,1.5
13.08.2021 01:09:30.902,3.9000900000000005,3.8963800000000006,1.5,1.5
13.08.2021 01:09:31.105,3.9000800000000004,3.8963900000000002,1.5,1.5
13.08.2021 01:09:31.720,3.9000900000000005,3.8963800000000006,1.5,1.5
13.08.2021 01:09:32.425,3.9000800000000004,3.8963900000000002,1.5,1.5
13.08.2021 01:09:45.904,3.9000800000000004,3.89601,1.5,1
13.08.2021 01:10:02.770,3.9000900000000005,3.89602,1.5,1.5
13.08.2021 01:10:06.774,3.9000800000000004,3.8959300000000003,1.5,1.5
13.08.2021 01:10:16.186,3.9000800000000004,3.8960300000000005,1.5,1.5
13.08.2021 01:10:57.271,3.9000900000000005,3.89595,1.5,1
13.08.2021 01:11:18.287,3.9000900000000005,3.89595,1.5,1
13.08.2021 01:11:18.485,3.9000800000000004,3.8959800000000007,1.5,1.5
13.08.2021 01:11:18.687,3.9000800000000004,3.8959800000000007,1.5,1.5
13.08.2021 01:11:19.321,3.9000900000000005,3.8959699999999997,1.5,1.5
13.08.2021 01:11:19.925,3.9000900000000005,3.89595,1.5,1
13.08.2021 01:11:20.288,3.9000900000000005,3.89595,1.5,1
13.08.2021 01:11:27.321,3.9000900000000005,3.89595,1.5,1
13.08.2021 01:12:47.570,3.9001,3.8960800000000004,1.5,1.5
13.08.2021 01:13:00.296,3.9001,3.8963800000000006,1.5,1.5
13.08.2021 01:13:38.644,3.89996,3.8961900000000003,1.5,1.5
13.08.2021 01:13:51.028,3.8999699999999997,3.8961800000000006,1.5,1.5
13.08.2021 01:13:51.286,3.8999699999999997,3.8961800000000006,1.5,1.5
13.08.2021 01:13:51.483,3.90007,3.8962800000000004,1.5,1.5
13.08.2021 01:13:58.570,3.90007,3.8962800000000004,1.5,1.5
13.08.2021 01:14:01.088,3.90007,3.8962800000000004,1.5,1.5
13.08.2021 01:14:03.321,3.90007,3.8962800000000004,1.5,1.5
13.08.2021 01:14:12.657,3.90007,3.8962800000000004,1.5,1.5
13.08.2021 01:14:17.802,3.90007,3.8962800000000004,1.5,1.5
13.08.2021 01:14:22.663,3.90007,3.8962800000000004,1.5,1.5
13.08.2021 01:14:26.822,3.90007,3.8962800000000004,1.5,1.5
13.08.2021 01:14:43.256,3.90007,3.8962800000000004,1.5,1.5
13.08.2021 01:14:43.831,3.90007,3.8962800000000004,1.5,1.5
13.08.2021 01:14:47.773,3.90007,3.8962800000000004,1.5,1.5
13.08.2021 01:15:01.884,3.90006,3.8962900000000005,1.5,1.5
13.08.2021 01:15:02.085,3.90007,3.8962800000000004,1.5,1.5
13.08.2021 01:15:28.877,3.90006,3.8962900000000005,1.5,1.5
13.08.2021 01:15:51.964,3.90007,3.8962800000000004,1.5,1.5
13.08.2021 01:15:54.029,3.90007,3.8961800000000006,1.5,1.5
13.08.2021 01:15:54.266,3.90007,3.8960800000000004,1.5,1.5
13.08.2021 01:16:04.214,3.8999300000000003,3.8959800000000007,1.5,1.5
13.08.2021 01:16:15.821,3.8999300000000003,3.8959800000000007,1.5,1.5
13.08.2021 01:16:23.822,3.89992,3.8959900000000003,1.5,1.5
13.08.2021 01:16:28.462,3.8999300000000003,3.8959800000000007,1.5,1.5
13.08.2021 01:16:28.865,3.8999300000000003,3.8959800000000007,1.5,1.5
13.08.2021 01:16:36.614,3.8999300000000003,3.8959800000000007,1.5,1.5
13.08.2021 01:16:47.241,3.8999300000000003,3.8959800000000007,1.5,1.5
13.08.2021 01:17:10.724,3.8999300000000003,3.89555,1.5,1.5
13.08.2021 01:17:24.528,3.8999300000000003,3.89555,1.5,1.5
13.08.2021 01:17:28.318,3.8997,3.8958800000000005,1.5,1.5
13.08.2021 01:17:28.766,3.8997,3.8958800000000005,1.5,1.5
13.08.2021 01:17:30.286,3.8996900000000005,3.8958900000000005,1.5,1.5
13.08.2021 01:17:59.736,3.8997,3.8958800000000005,1.5,1.5
13.08.2021 01:17:59.938,3.8997,3.8958800000000005,1.5,1.5
13.08.2021 01:18:17.855,3.8996900000000005,3.8958900000000005,1.5,1.5
13.08.2021 01:18:18.683,3.8997,3.8958800000000005,1.5,1.5
13.08.2021 01:18:31.265,3.8996900000000005,3.8958900000000005,1.5,1.5
13.08.2021 01:18:41.671,3.8997,3.8958800000000005,1.5,1.5
13.08.2021 01:18:53.857,3.8997,3.8958800000000005,1.5,1.5
13.08.2021 01:18:54.840,3.89964,3.8958800000000005,1.5,1.5
13.08.2021 01:18:54.941,3.8996300000000006,3.8957900000000003,1.5,1.5
13.08.2021 01:18:55.094,3.89964,3.8957800000000007,1.5,1.5
13.08.2021 01:19:02.741,3.89964,3.8957800000000007,1.5,1.5
13.08.2021 01:19:03.775,3.89964,3.8957800000000007,1.5,1.5
13.08.2021 01:19:04.020,3.8996300000000006,3.8957900000000003,1.5,1.5
13.08.2021 01:19:11.308,3.89964,3.8957800000000007,1.5,1.5
13.08.2021 01:19:15.117,3.8996300000000006,3.8957900000000003,1.5,1.5
13.08.2021 01:19:16.617,3.8996300000000006,3.8957900000000003,1.5,1.5
13.08.2021 01:21:16.216,3.8994300000000006,3.8950300000000007,1.5,1.5
13.08.2021 01:21:34.411,3.8994300000000006,3.8950300000000007,1.5,1.5
13.08.2021 01:21:35.094,3.8994400000000002,3.8956800000000005,1.5,1.5
13.08.2021 01:21:35.296,3.8994300000000006,3.8956900000000005,1.5,1.5
13.08.2021 01:21:35.497,3.8994400000000002,3.8956800000000005,1.5,1.5
13.08.2021 01:21:47.365,3.8994400000000002,3.8956800000000005,1.5,1.5
13.08.2021 01:22:02.535,3.8994300000000006,3.8956900000000005,1.5,1.5
13.08.2021 01:22:03.047,3.8994400000000002,3.8956800000000005,1.5,1.5
13.08.2021 01:22:57.816,3.8994400000000002,3.8956800000000005,1.5,1.5
13.08.2021 01:23:00.725,3.8994300000000006,3.8956900000000005,1.5,1.5
13.08.2021 01:24:09.826,3.8994400000000002,3.8950199999999997,1.5,1.5
13.08.2021 01:24:09.892,3.8994300000000006,3.8950300000000007,1.5,1.5
13.08.2021 01:24:10.192,3.8994300000000006,3.89561,1.5,1
13.08.2021 01:24:11.649,3.8994400000000002,3.8956800000000005,1.5,1.5
13.08.2021 01:24:12.039,3.8994400000000002,3.8956800000000005,1.5,1.5
13.08.2021 01:24:22.704,3.8994400000000002,3.8957800000000007,1.5,1.5
13.08.2021 01:24:22.941,3.8994400000000002,3.8957800000000007,1.5,1.5
13.08.2021 01:24:29.580,3.8994400000000002,3.8957800000000007,1.5,1.5
13.08.2021 01:24:58.182,3.8994400000000002,3.8956800000000005,1.5,1.5
13.08.2021 01:24:58.380,3.8994400000000002,3.8955300000000004,1.5,1.5
13.08.2021 01:25:06.323,3.8994400000000002,3.8955800000000003,1.5,2
13.08.2021 01:25:09.353,3.8994400000000002,3.8955800000000003,1.5,2
13.08.2021 01:25:09.581,3.8992400000000003,3.8954800000000005,1.5,1.5
13.08.2021 01:25:25.298,3.8992400000000003,3.8953800000000003,1.5,1.5
13.08.2021 01:25:25.501,3.8992300000000006,3.8953900000000004,1.5,1.5
13.08.2021 01:25:29.682,3.8992400000000003,3.8954800000000005,1.5,1.5
13.08.2021 01:25:30.677,3.8992400000000003,3.8954800000000005,1.5,1.5
13.08.2021 01:25:41.040,3.8992400000000003,3.89535,1.5,1
13.08.2021 01:25:46.016,3.8992400000000003,3.8953,1.5,1
13.08.2021 01:25:48.935,3.8990800000000005,3.8952800000000005,1.5,1.5
13.08.2021 01:25:50.425,3.89907,3.89529,1.5,1.5
13.08.2021 01:26:25.350,3.89907,3.89529,1.5,1.5
13.08.2021 01:26:35.224,3.8990800000000005,3.8952800000000005,1.5,1.5
13.08.2021 01:26:42.383,3.8990800000000005,3.8953699999999998,1.5,1.5
13.08.2021 01:26:43.465,3.8990800000000005,3.8953800000000003,1.5,1.5
13.08.2021 01:26:43.668,3.89907,3.8953900000000004,1.5,1.5
13.08.2021 01:26:49.023,3.8990800000000005,3.8953800000000003,1.5,1.5
13.08.2021 01:27:04.363,3.89907,3.89549,1.5,1.5
13.08.2021 01:27:16.413,3.8990800000000005,3.8954800000000005,1.5,1.5
13.08.2021 01:27:16.781,3.8990800000000005,3.8954800000000005,1.5,1.5
13.08.2021 01:27:48.662,3.89907,3.89549,1.5,1.5
13.08.2021 01:27:48.863,3.8990800000000005,3.8954800000000005,1.5,1.5
13.08.2021 01:27:52.717,3.89907,3.89549,1.5,1.5
13.08.2021 01:27:52.917,3.8990800000000005,3.8953800000000003,1.5,1.5
13.08.2021 01:29:07.822,3.8990800000000005,3.8953800000000003,1.5,1.5
13.08.2021 01:29:10.460,3.8990800000000005,3.8953800000000003,1.5,1.5
13.08.2021 01:29:38.544,3.8990800000000005,3.8953800000000003,1.5,1.5
13.08.2021 01:29:40.322,3.8990800000000005,3.8953800000000003,1.5,1.5
13.08.2021 01:29:44.821,3.8990800000000005,3.8953800000000003,1.5,1.5
13.08.2021 01:30:02.822,3.89907,3.8953900000000004,1.5,1.5
13.08.2021 01:30:05.324,3.8990800000000005,3.8953800000000003,1.5,1.5
13.08.2021 01:30:06.318,3.8990800000000005,3.8953800000000003,1.5,1.5
13.08.2021 01:30:06.518,3.8990800000000005,3.8953800000000003,1.5,1.5
13.08.2021 01:30:27.183,3.8990800000000005,3.8951800000000003,1.5,1.5
13.08.2021 01:30:27.774,3.8990800000000005,3.89517,1.5,1
13.08.2021 01:30:28.562,3.89906,3.89535,1.5,1
13.08.2021 01:30:28.868,3.89907,3.8953400000000005,1.5,1
13.08.2021 01:30:30.191,3.89907,3.89529,1.5,1
13.08.2021 01:30:31.575,3.89886,3.8953,1.5,1
13.08.2021 01:30:31.769,3.89887,3.89529,1.5,1
13.08.2021 01:30:32.474,3.89892,3.89515,1.5,1
13.08.2021 01:30:32.672,3.89891,3.8948400000000003,1.5,1.5
13.08.2021 01:30:35.519,3.89891,3.8949900000000004,1.5,1.5
13.08.2021 01:30:46.806,3.8986800000000006,3.8949900000000004,1.5,1.5
13.08.2021 01:30:47.759,3.89869,3.8947900000000004,1.5,1
13.08.2021 01:30:47.949,3.89869,3.8947800000000004,1.5,1.5
13.08.2021 01:30:56.788,3.8986800000000006,3.8947000000000003,1.5,1
13.08.2021 01:30:57.288,3.89869,3.8946300000000003,1.5,1.5
13.08.2021 01:30:57.489,3.8985600000000002,3.8946800000000006,1.5,1.5
13.08.2021 01:31:00.348,3.89855,3.89469,1.5,1.5
13.08.2021 01:31:00.589,3.89832,3.8945300000000005,1.5,1
13.08.2021 01:31:00.640,3.89832,3.8945300000000005,1.5,1
13.08.2021 01:31:01.000,3.89831,3.89454,1.5,1
13.08.2021 01:31:01.604,3.89832,3.89469,1.5,1
13.08.2021 01:31:01.986,3.89832,3.8946800000000006,1.5,1
13.08.2021 01:31:16.685,3.89832,3.8945900000000004,1.5,1.5
13.08.2021 01:31:32.845,3.89832,3.8946800000000006,1.5,1.5
13.08.2021 01:32:17.613,3.89831,3.89469,1.5,1.5
13.08.2021 01:32:17.817,3.89832,3.8946800000000006,1.5,1.5
13.08.2021 01:32:18.210,3.89832,3.8946800000000006,1.5,1.5
13.08.2021 01:32:20.336,3.89831,3.89469,1.5,1.5
13.08.2021 01:32:23.337,3.89831,3.89469,1.5,1.5
13.08.2021 01:32:39.595,3.89832,3.8945800000000004,1.5,1.5
13.08.2021 01:32:39.953,3.89831,3.8945900000000004,1.5,1.5
13.08.2021 01:32:40.921,3.89832,3.8945800000000004,1.5,1.5
13.08.2021 01:32:43.946,3.89832,3.8946400000000003,1.5,1.5
13.08.2021 01:32:44.372,3.89832,3.8946800000000006,1.5,1.5
13.08.2021 01:32:44.571,3.89832,3.8946800000000006,1.5,1.5
13.08.2021 01:32:46.854,3.89832,3.8946800000000006,1.5,1.5
13.08.2021 01:32:49.759,3.89831,3.89469,1.5,1.5
13.08.2021 01:32:54.690,3.89832,3.8946800000000006,1.5,1.5
13.08.2021 01:32:58.390,3.89832,3.89469,1.5,1.5
13.08.2021 01:33:09.838,3.89832,3.8946800000000006,1.5,1.5
13.08.2021 01:33:12.324,3.89832,3.8946800000000006,1.5,1.5
13.08.2021 01:33:12.691,3.89832,3.8946800000000006,1.5,1.5
13.08.2021 01:33:15.434,3.89832,3.8946800000000006,1.5,1.5
13.08.2021 01:33:15.707,3.89832,3.8946800000000006,1.5,1.5
13.08.2021 01:33:16.101,3.89832,3.8946800000000006,1.5,1.5
13.08.2021 01:33:18.753,3.89832,3.8946800000000006,1.5,1.5
13.08.2021 01:33:32.042,3.89832,3.8946800000000006,1.5,1.5
13.08.2021 01:33:32.429,3.89832,3.8946800000000006,1.5,1.5
13.08.2021 01:33:52.222,3.89832,3.8946800000000006,1.5,1.5
13.08.2021 01:33:52.663,3.89832,3.8946800000000006,1.5,1.5
13.08.2021 01:34:35.462,3.89832,3.8938800000000007,1.5,1.5
13.08.2021 01:34:35.676,3.89832,3.8946400000000003,1.5,1
13.08.2021 01:34:39.677,3.89832,3.8946400000000003,1.5,1
13.08.2021 01:34:40.470,3.89831,3.8947400000000005,1.5,1.5
13.08.2021 01:34:45.224,3.89832,3.8946300000000003,1.5,1.5
13.08.2021 01:34:50.706,3.89832,3.8945800000000004,1.5,1.5
13.08.2021 01:34:51.323,3.89832,3.8945800000000004,1.5,1.5
13.08.2021 01:34:55.509,3.89832,3.8945800000000004,1.5,1.5
13.08.2021 01:35:04.591,3.89832,3.8946800000000006,1.5,1.5
13.08.2021 01:35:35.035,3.8984800000000006,3.89469,1.5,1.5
13.08.2021 01:35:48.119,3.8984800000000006,3.8945900000000004,1.5,1.5
13.08.2021 01:36:00.363,3.8984900000000002,3.8945800000000004,1.5,1.5
13.08.2021 01:36:01.322,3.8984900000000002,3.8945800000000004,1.5,1.5
13.08.2021 01:36:08.544,3.8984900000000002,3.8945800000000004,1.5,1.5
13.08.2021 01:36:08.745,3.8984800000000006,3.8945900000000004,1.5,1.5
13.08.2021 01:36:16.009,3.8984900000000002,3.8945800000000004,1.5,1.5
13.08.2021 01:36:23.331,3.89771,3.89422,1,1
13.08.2021 01:36:23.381,3.89781,3.89405,1.5,1
13.08.2021 01:36:23.432,3.8978,3.8935900000000006,1.5,1.5
13.08.2021 01:36:23.583,3.8976400000000004,3.8934900000000003,1.5,1.5
13.08.2021 01:36:23.785,3.8974100000000003,3.8934699999999998,1.5,1
13.08.2021 01:36:23.949,3.8974100000000003,3.8934699999999998,1.5,1
13.08.2021 01:36:25.170,3.8974,3.89351,1.5,1
13.08.2021 01:36:25.301,3.8974100000000003,3.89366,1.5,1
13.08.2021 01:36:25.374,3.8974100000000003,3.89366,1.5,1
13.08.2021 01:36:25.618,3.8974100000000003,3.89366,1.5,1
13.08.2021 01:36:40.943,3.8974100000000003,3.8935900000000006,1.5,1
13.08.2021 01:36:41.574,3.8974,3.8936,1.5,1
13.08.2021 01:37:00.973,3.8974100000000003,3.89366,1.5,1
13.08.2021 01:37:04.457,3.8974100000000003,3.8934400000000005,1.5,1
13.08.2021 01:37:05.553,3.8973400000000002,3.8934400000000005,1.5,1
13.08.2021 01:37:21.229,3.8973300000000006,3.89332,1.5,1
13.08.2021 01:37:21.430,3.8973400000000002,3.89331,1.5,1
13.08.2021 01:37:27.920,3.8973400000000002,3.8934,1.5,1
13.08.2021 01:37:30.274,3.8973400000000002,3.8934,1.5,1
13.08.2021 01:37:51.024,3.8973300000000006,3.8934100000000003,1.5,1
13.08.2021 01:37:51.560,3.8973400000000002,3.8934800000000003,1.5,1
13.08.2021 01:37:58.145,3.89742,3.8941300000000005,1.5,1.5
13.08.2021 01:37:58.195,3.89742,3.8941300000000005,1.5,1.5
13.08.2021 01:37:58.315,3.8974100000000003,3.89416,1,1
13.08.2021 01:37:58.870,3.8976400000000004,3.89416,1.5,1
13.08.2021 01:38:01.161,3.89765,3.8941300000000005,1,1
13.08.2021 01:38:01.212,3.89786,3.89414,1.5,1
13.08.2021 01:38:02.421,3.8978699999999997,3.89434,1.5,1
13.08.2021 01:38:02.608,3.898,3.8945600000000002,1.5,1
13.08.2021 01:38:05.647,3.898,3.8944800000000006,1.5,1
13.08.2021 01:38:06.781,3.8979900000000005,3.8944900000000002,1.5,1
13.08.2021 01:38:07.995,3.89816,3.89455,1.5,1
13.08.2021 01:38:14.407,3.8981500000000002,3.8946199999999997,1.5,1
13.08.2021 01:38:31.070,3.89816,3.89454,1.5,1
13.08.2021 01:38:42.431,3.8981500000000002,3.8944900000000002,1.5,1
13.08.2021 01:38:44.912,3.89816,3.8944199999999998,1.5,1
13.08.2021 01:38:45.116,3.89816,3.89435,1.5,1
13.08.2021 01:38:53.420,3.89816,3.89435,1.5,1
13.08.2021 01:38:55.300,3.89816,3.89455,1.5,1
13.08.2021 01:38:59.291,3.89816,3.8945600000000002,1.5,1
13.08.2021 01:38:59.493,3.89816,3.8945600000000002,1.5,1
13.08.2021 01:39:16.324,3.8980300000000003,3.8945000000000003,1.5,1
13.08.2021 01:39:16.797,3.8980300000000003,3.8945000000000003,1.5,1
13.08.2021 01:39:21.994,3.89802,3.8945800000000004,1.5,1
13.08.2021 01:39:22.196,3.8980300000000003,3.89457,1.5,1
13.08.2021 01:39:29.030,3.8980300000000003,3.8946500000000004,1,1
13.08.2021 01:39:31.283,3.8981800000000004,3.89471,1.5,1
13.08.2021 01:39:31.358,3.8981900000000005,3.8947000000000003,1.5,1
13.08.2021 01:39:34.193,3.8981900000000005,3.89476,1.5,1
13.08.2021 01:39:34.798,3.8981800000000004,3.89477,1.5,1
13.08.2021 01:39:45.555,3.8981900000000005,3.8948199999999997,1.5,1
13.08.2021 01:39:51.532,3.89846,3.89491,1.5,1
13.08.2021 01:39:55.723,3.89845,3.89492,1.5,1
13.08.2021 01:40:12.165,3.89825,3.8947800000000004,1.5,1
13.08.2021 01:40:12.871,3.89826,3.89471,1.5,1
13.08.2021 01:40:20.731,3.89825,3.89472,1.5,1
13.08.2021 01:40:26.824,3.89826,3.89477,1.5,1
13.08.2021 01:40:27.026,3.89825,3.8947800000000004,1.5,1
13.08.2021 01:40:36.090,3.89826,3.89477,1.5,1
13.08.2021 01:40:51.473,3.89825,3.89472,1.5,1
13.08.2021 01:40:51.711,3.89826,3.89471,1.5,1
13.08.2021 01:40:51.912,3.89826,3.89471,1.5,1
13.08.2021 01:40:54.616,3.89826,3.89471,1.5,1
13.08.2021 01:40:54.760,3.89826,3.89471,1.5,1
13.08.2021 01:41:00.838,3.89826,3.89471,1.5,1
13.08.2021 01:41:18.484,3.89826,3.89471,1.5,1
13.08.2021 01:41:40.720,3.89825,3.8946,1.5,1
13.08.2021 01:41:44.874,3.8980300000000003,3.8945300000000005,1.5,1
13.08.2021 01:41:45.077,3.8980300000000003,3.8945300000000005,1.5,1
13.08.2021 01:42:20.979,3.89802,3.89454,1.5,1
13.08.2021 01:42:31.812,3.89802,3.8944800000000006,1.5,1
13.08.2021 01:42:32.014,3.8980300000000003,3.89447,1.5,1
13.08.2021 01:42:33.024,3.89802,3.8944800000000006,1.5,1
13.08.2021 01:42:44.929,3.8980300000000003,3.89447,1.5,1
13.08.2021 01:42:48.966,3.8980300000000003,3.89447,1.5,1
13.08.2021 01:42:52.275,3.8980300000000003,3.8944,1.5,1
13.08.2021 01:42:52.679,3.8978300000000004,3.89434,1.5,1
13.08.2021 01:42:54.871,3.89782,3.8944,1.5,1
13.08.2021 01:42:55.458,3.8978300000000004,3.8943900000000005,1.5,1
13.08.2021 01:42:55.707,3.89782,3.8944,1.5,1
13.08.2021 01:43:01.573,3.89782,3.8944,1.5,1
13.08.2021 01:43:01.774,3.89782,3.8944,1.5,1
13.08.2021 01:43:02.263,3.8978300000000004,3.8943900000000005,1.5,1
13.08.2021 01:43:02.823,3.8978300000000004,3.8943900000000005,1.5,1
13.08.2021 01:43:04.025,3.8978300000000004,3.8943900000000005,1.5,1
13.08.2021 01:43:05.214,3.89782,3.8944,1.5,1
13.08.2021 01:43:09.023,3.8978300000000004,3.8943900000000005,1.5,1
13.08.2021 01:43:10.039,3.89782,3.8944,1.5,1
13.08.2021 01:43:49.524,3.8978300000000004,3.8943900000000005,1.5,1
13.08.2021 01:44:10.926,3.8978300000000004,3.89441,1,1
13.08.2021 01:44:11.082,3.8978300000000004,3.89441,1.5,1
13.08.2021 01:44:15.263,3.89797,3.89446,1.5,1
13.08.2021 01:44:15.420,3.8979800000000004,3.89445,1.5,1
13.08.2021 01:44:24.032,3.8979800000000004,3.8943800000000004,1.5,1.62
13.08.2021 01:44:24.227,3.8979800000000004,3.89441,1.5,1
13.08.2021 01:44:24.411,3.8979800000000004,3.89441,1.5,1
13.08.2021 01:44:35.027,3.89797,3.89436,1.5,1
13.08.2021 01:44:35.181,3.8979800000000004,3.89435,1.5,1
13.08.2021 01:44:40.696,3.8979800000000004,3.8945300000000005,1.5,1
13.08.2021 01:45:09.506,3.8979800000000004,3.89445,1.5,1
13.08.2021 01:45:11.549,3.89797,3.8945300000000005,1.5,1
13.08.2021 01:46:02.628,3.8979800000000004,3.89452,1.5,1
13.08.2021 01:46:33.217,3.8979800000000004,3.89467,1,1
13.08.2021 01:46:33.873,3.89797,3.8946800000000006,1,1
13.08.2021 01:46:34.525,3.8979800000000004,3.89467,1.5,1
13.08.2021 01:47:08.785,3.8979800000000004,3.89461,1.5,1
13.08.2021 01:48:01.868,3.8978400000000004,3.89435,1.5,1
13.08.2021 01:48:04.236,3.8975300000000006,3.89434,1,1
13.08.2021 01:48:19.579,3.89746,3.89434,1,1
13.08.2021 01:48:19.630,3.8976300000000004,3.89435,1,1
13.08.2021 01:48:21.010,3.8977800000000005,3.89435,1.5,1
13.08.2021 01:48:22.324,3.8977900000000005,3.89434,1.5,1
13.08.2021 01:48:23.169,3.8977900000000005,3.89434,1.5,1
13.08.2021 01:48:36.809,3.8977900000000005,3.89434,1.5,1
13.08.2021 01:48:37.010,3.8977800000000005,3.89435,1.5,1
13.08.2021 01:48:41.179,3.8977800000000005,3.89435,1.5,1
13.08.2021 01:48:41.381,3.8977900000000005,3.89434,1.5,1
13.08.2021 01:48:44.006,3.8977800000000005,3.89435,1.5,1
13.08.2021 01:48:44.809,3.8977800000000005,3.89435,1.5,1
13.08.2021 01:49:00.641,3.8977900000000005,3.89455,1,1
13.08.2021 01:49:30.469,3.8977900000000005,3.8946,1,1
13.08.2021 01:49:34.625,3.8977800000000005,3.89461,1,1
13.08.2021 01:49:54.929,3.8977800000000005,3.89461,1,1
13.08.2021 01:50:00.673,3.8977900000000005,3.8946,1,1
13.08.2021 01:50:00.875,3.8977900000000005,3.8946,1,1
13.08.2021 01:50:01.279,3.8977800000000005,3.89461,1,1
13.08.2021 01:50:01.682,3.8977800000000005,3.89461,1,1
13.08.2021 01:50:05.449,3.8977900000000005,3.8946,1,1
13.08.2021 01:50:13.806,3.8977900000000005,3.8946,1,1
13.08.2021 01:50:19.178,3.8977900000000005,3.8946,1,1
13.08.2021 01:50:24.826,3.8977900000000005,3.8946,1,1
13.08.2021 01:50:25.979,3.89802,3.89467,1.5,1
13.08.2021 01:50:26.345,3.89801,3.8946800000000006,1,1
13.08.2021 01:50:27.012,3.89802,3.89467,1,1
13.08.2021 01:50:38.544,3.89801,3.8948,1,1
13.08.2021 01:51:40.378,3.89802,3.8948500000000004,1,1
13.08.2021 01:51:46.292,3.89802,3.8947800000000004,1,1
13.08.2021 01:51:50.151,3.89801,3.89486,1,1
13.08.2021 01:51:52.337,3.89817,3.89486,1,1
13.08.2021 01:52:08.176,3.8983800000000004,3.89496,1.5,1
13.08.2021 01:52:16.632,3.8983800000000004,3.8949000000000003,1.5,1
13.08.2021 01:52:20.422,3.8983800000000004,3.8950500000000003,1,1
13.08.2021 01:52:20.833,3.89837,3.89506,1.5,1
13.08.2021 01:52:21.033,3.89837,3.89506,1,1
13.08.2021 01:52:21.234,3.8983800000000004,3.8950500000000003,1.5,1
13.08.2021 01:52:21.436,3.8983800000000004,3.8950500000000003,1,1
13.08.2021 01:52:23.885,3.8983800000000004,3.8950500000000003,1.5,1
13.08.2021 01:52:26.620,3.8983800000000004,3.8950500000000003,1,1
13.08.2021 01:52:26.821,3.8983800000000004,3.8951000000000002,1.5,1
13.08.2021 01:53:01.266,3.8983800000000004,3.8949400000000005,1.5,1
13.08.2021 01:53:14.320,3.89837,3.89491,1.5,1
13.08.2021 01:53:15.171,3.89837,3.89491,1.5,1
13.08.2021 01:53:24.705,3.8983800000000004,3.8949000000000003,1.5,1
13.08.2021 01:53:26.568,3.8983800000000004,3.8949000000000003,1.5,1
13.08.2021 01:53:26.768,3.8983800000000004,3.8949000000000003,1.5,1
13.08.2021 01:53:32.967,3.89837,3.89491,1.5,1
13.08.2021 01:53:33.326,3.8983800000000004,3.8949000000000003,1.5,1
13.08.2021 01:53:33.528,3.89837,3.89491,1.5,1
13.08.2021 01:53:34.345,3.8983800000000004,3.8949000000000003,1.5,1
13.08.2021 01:53:34.498,3.89837,3.89491,1.5,1
13.08.2021 01:53:40.869,3.8983800000000004,3.8949000000000003,1.5,1
13.08.2021 01:53:44.073,3.89837,3.89491,1.5,1
13.08.2021 01:53:45.385,3.89837,3.89491,1.5,1
13.08.2021 01:53:45.927,3.8983800000000004,3.8949000000000003,1.5,1
13.08.2021 01:53:46.695,3.8983800000000004,3.8949000000000003,1.5,1
13.08.2021 01:53:48.421,3.8983800000000004,3.8949000000000003,1.5,1
13.08.2021 01:53:48.813,3.89837,3.89491,1.5,1
13.08.2021 01:54:01.427,3.8983800000000004,3.8949000000000003,1.5,1
13.08.2021 01:54:07.317,3.8983800000000004,3.8949000000000003,1.5,1
13.08.2021 01:54:09.835,3.8983800000000004,3.8949000000000003,1.5,1
13.08.2021 01:54:11.503,3.89837,3.89491,1.5,1
13.08.2021 01:54:15.224,3.89837,3.89491,1.5,1
13.08.2021 01:54:21.962,3.89837,3.89491,1.5,1
13.08.2021 01:55:02.446,3.8984,3.89381,1.5,1.5
13.08.2021 01:55:07.825,3.8983900000000005,3.89382,1.5,1.5
13.08.2021 01:55:11.963,3.8984,3.89381,1.5,1.5
13.08.2021 01:56:02.678,3.8984,3.8949800000000003,1.5,1
13.08.2021 01:56:23.464,3.8984,3.8949800000000003,1.5,1
13.08.2021 01:56:31.739,3.8984,3.8950300000000007,1.5,1
13.08.2021 01:56:46.118,3.8984,3.8950300000000007,1.5,1
13.08.2021 01:57:14.231,3.8984,3.89496,1.5,1
13.08.2021 01:57:24.354,3.8984,3.8949000000000003,1.5,1
13.08.2021 01:57:24.927,3.8984,3.8949000000000003,1.5,1
13.08.2021 01:58:01.084,3.8984,3.8949000000000003,1.5,1
13.08.2021 01:58:02.142,3.8984,3.8949000000000003,1.5,1
13.08.2021 01:58:39.207,3.8984,3.89491,1.5,1
13.08.2021 01:58:46.325,3.8983900000000005,3.89492,1.5,1
13.08.2021 01:59:00.160,3.8984,3.89491,1.5,1
13.08.2021 01:59:24.877,3.8984,3.8949900000000004,1.5,1
13.08.2021 01:59:25.034,3.8983900000000005,3.895,1.5,1
13.08.2021 01:59:38.613,3.8984,3.8949900000000004,1.5,1
13.08.2021 01:59:40.147,3.8984,3.8949900000000004,1.5,1
13.08.2021 02:03:26.596,3.8984,3.89491,1.5,1
13.08.2021 02:03:34.875,3.8983900000000005,3.89492,1.5,1
13.08.2021 02:06:32.218,3.8984,3.89475,1.5,1
13.08.2021 02:06:33.646,3.8984,3.8947800000000004,1.5,1.5
13.08.2021 02:06:34.728,3.8984,3.8947800000000004,1.5,1.5
13.08.2021 02:07:33.726,3.8984,3.8949800000000003,1.5,1.5
13.08.2021 02:07:33.887,3.8984,3.8949800000000003,1.5,1.5
13.08.2021 02:07:34.089,3.8984,3.8949800000000003,1.5,1.5
13.08.2021 02:07:34.490,3.8984,3.8949800000000003,1.5,1.5
13.08.2021 02:07:34.894,3.8984,3.8949800000000003,1.5,1.5
13.08.2021 02:07:42.649,3.8984,3.8949800000000003,1.5,1.5
13.08.2021 02:08:15.350,3.8983900000000005,3.8949900000000004,1.5,1.5
13.08.2021 02:08:18.187,3.8983900000000005,3.8949900000000004,1.5,1.5
13.08.2021 02:11:07.510,3.8984,3.8949800000000003,1.5,1.5
13.08.2021 02:11:07.713,3.8984,3.8949800000000003,1.5,1.5
13.08.2021 02:12:13.048,3.8984,3.89381,1.5,1.5
13.08.2021 02:12:13.259,3.89822,3.8947900000000004,1.5,1.5
13.08.2021 02:12:17.922,3.89822,3.8947900000000004,1.5,1.5
13.08.2021 02:13:30.816,3.8982300000000003,3.8936100000000002,1.5,1.5
13.08.2021 02:13:32.391,3.8982300000000003,3.8936100000000002,1.5,1.5
13.08.2021 02:13:37.561,3.8982300000000003,3.8936100000000002,1.5,1.5
13.08.2021 02:14:02.833,3.8982300000000003,3.8946800000000006,1.5,1.5
13.08.2021 02:15:42.278,3.8982300000000003,3.8936100000000002,1.5,1.5
13.08.2021 02:15:42.479,3.89822,3.89362,1.5,1.5
13.08.2021 02:15:48.326,3.8982300000000003,3.8936100000000002,1.5,1.5
13.08.2021 02:16:15.124,3.8982300000000003,3.89457,1.5,1
13.08.2021 02:16:15.325,3.8982300000000003,3.89477,1.5,1
13.08.2021 02:16:15.519,3.8982300000000003,3.89477,1.5,1
13.08.2021 02:16:15.721,3.8982300000000003,3.89477,1.5,1
13.08.2021 02:17:09.215,3.8982300000000003,3.89477,1.5,1
13.08.2021 02:17:09.418,3.8982300000000003,3.89477,1.5,1
13.08.2021 02:19:02.475,3.89822,3.89469,1.5,1
13.08.2021 02:19:04.453,3.8979900000000005,3.8946199999999997,1.5,1
13.08.2021 02:19:04.863,3.898,3.89455,1.5,1
13.08.2021 02:19:26.792,3.898,3.8944800000000006,1.5,1.5
13.08.2021 02:19:27.196,3.898,3.8946800000000006,1.5,1.5
13.08.2021 02:20:00.647,3.8979900000000005,3.8945900000000004,1.5,1.5
13.08.2021 02:20:34.930,3.898,3.8945800000000004,1.5,1.5
13.08.2021 02:20:51.813,3.898,3.8945800000000004,1.5,1.5
13.08.2021 02:21:22.616,3.8979900000000005,3.89469,1.5,1.5
13.08.2021 02:21:49.232,3.898,3.8946800000000006,1.5,1.5
13.08.2021 02:22:12.622,3.898,3.8946800000000006,1.5,1.5
13.08.2021 02:22:23.930,3.898,3.8946800000000006,1.5,1.5
13.08.2021 02:22:25.173,3.8979900000000005,3.8945900000000004,1.5,1.5
13.08.2021 02:23:15.129,3.898,3.8945800000000004,1.5,1.5
13.08.2021 02:23:15.329,3.898,3.8945800000000004,1.5,1.5
13.08.2021 02:24:59.763,3.8977900000000005,3.8942900000000003,1.5,1
13.08.2021 02:25:18.029,3.89757,3.8941800000000004,1.5,1.62
13.08.2021 02:25:18.288,3.89757,3.8941800000000004,1.5,1.62
13.08.2021 02:25:20.103,3.89757,3.8942800000000006,1.5,1.5
13.08.2021 02:25:29.387,3.89756,3.8942900000000003,1.5,1.5
13.08.2021 02:25:30.782,3.89757,3.8942800000000006,1.5,1.5
13.08.2021 02:25:33.246,3.89756,3.8942900000000003,1.5,1.5
13.08.2021 02:25:38.194,3.89757,3.8941800000000004,1.5,1.62
13.08.2021 02:26:00.045,3.89756,3.8941900000000005,1.5,1.5
13.08.2021 02:26:01.869,3.89737,3.89391,1.5,1
13.08.2021 02:26:18.301,3.89736,3.8940900000000003,1.5,1.5
13.08.2021 02:26:55.327,3.89736,3.8940900000000003,1,1.5
13.08.2021 02:27:32.389,3.89756,3.8941900000000005,1.5,1.5
13.08.2021 02:27:32.543,3.89756,3.8941900000000005,1.5,1.5
13.08.2021 02:27:47.941,3.89777,3.8943800000000004,1.5,1.5
13.08.2021 02:28:03.061,3.89777,3.8943900000000005,1.5,1
13.08.2021 02:28:05.625,3.89777,3.8943900000000005,1.5,1
13.08.2021 02:28:40.839,3.89777,3.8943800000000004,1.5,1.5
13.08.2021 02:28:43.495,3.89776,3.8944900000000002,1,1.62
13.08.2021 02:28:46.481,3.89776,3.8944900000000002,1.5,1.62
13.08.2021 02:29:34.078,3.89777,3.8944800000000006,1,1.62
13.08.2021 02:29:34.136,3.898,3.8944800000000006,1.5,1.62
13.08.2021 02:29:34.279,3.8979900000000005,3.8944900000000002,1.5,1.62
13.08.2021 02:30:00.090,3.8979900000000005,3.89336,1.5,1.5
13.08.2021 02:30:01.758,3.8979900000000005,3.89336,1.5,1.5
13.08.2021 02:30:16.957,3.8979900000000005,3.8944900000000002,1.5,1
13.08.2021 02:30:17.170,3.898,3.8944800000000006,1.5,1
13.08.2021 02:30:19.005,3.898,3.89455,1.5,1
13.08.2021 02:30:21.455,3.898,3.89455,1.5,1
13.08.2021 02:30:26.920,3.8979900000000005,3.89469,1,1
13.08.2021 02:30:27.184,3.8981300000000005,3.8946800000000006,1.5,1
13.08.2021 02:31:00.124,3.8981300000000005,3.89481,1,1
13.08.2021 02:31:08.331,3.8981300000000005,3.89481,1,1
13.08.2021 02:31:08.533,3.8981300000000005,3.89481,1.5,1
13.08.2021 02:31:10.373,3.8981300000000005,3.89481,1,1
13.08.2021 02:31:11.950,3.8981300000000005,3.89481,1.5,1
13.08.2021 02:31:13.542,3.8981300000000005,3.89481,1,1
13.08.2021 02:31:14.803,3.89812,3.8948199999999997,1.5,1
13.08.2021 02:31:18.652,3.8981300000000005,3.89481,1,1
13.08.2021 02:31:21.309,3.89812,3.8948199999999997,1.5,1
13.08.2021 02:31:22.240,3.8981300000000005,3.89481,1,1
13.08.2021 02:31:22.862,3.89812,3.8948199999999997,1.5,1
13.08.2021 02:31:28.503,3.8981300000000005,3.89481,1,1
13.08.2021 02:31:28.680,3.8981300000000005,3.89481,1.5,1
13.08.2021 02:31:36.140,3.8981300000000005,3.8947400000000005,1,1
13.08.2021 02:31:42.577,3.8981300000000005,3.8947400000000005,1.5,1
13.08.2021 02:31:54.464,3.8981300000000005,3.8947400000000005,1,1
13.08.2021 02:32:01.634,3.89812,3.89475,1.5,1
13.08.2021 02:32:33.431,3.8982699999999997,3.8947800000000004,1.5,1.5
13.08.2021 02:32:33.632,3.8982699999999997,3.8947800000000004,1.5,1.5
13.08.2021 02:32:39.308,3.89826,3.89475,1.5,1
13.08.2021 02:32:39.667,3.8982699999999997,3.8946800000000006,1.5,1.5
13.08.2021 02:32:39.867,3.89826,3.89471,1.5,1
13.08.2021 02:33:03.815,3.89826,3.8947900000000004,1.5,1.5
13.08.2021 02:33:45.057,3.89847,3.8948800000000006,1.5,1.5
13.08.2021 02:35:12.759,3.89847,3.8948800000000006,1.5,1.62
13.08.2021 02:35:12.910,3.89847,3.8947800000000004,1.5,1.5
13.08.2021 02:35:13.108,3.89847,3.8947800000000004,1.5,1.5
13.08.2021 02:35:14.588,3.89846,3.8947900000000004,1.5,1.5
13.08.2021 02:35:14.790,3.89847,3.8947800000000004,1.5,1.5
13.08.2021 02:35:20.245,3.89847,3.8947800000000004,1.5,1.5
13.08.2021 02:35:26.722,3.89846,3.8947900000000004,1.5,1.5
13.08.2021 02:35:33.891,3.89846,3.8947900000000004,1.5,1.5
13.08.2021 02:35:41.829,3.89847,3.8947800000000004,1.5,1.5
13.08.2021 02:35:42.262,3.89847,3.8947800000000004,1.5,1.5
13.08.2021 02:36:17.455,3.89846,3.8949000000000003,1.5,1
13.08.2021 02:36:27.646,3.89847,3.8949800000000003,1.5,1.5
13.08.2021 02:36:30.492,3.89847,3.8950400000000003,1.5,1
13.08.2021 02:36:52.387,3.89847,3.8950400000000003,1.5,1
13.08.2021 02:38:30.474,3.89847,3.8938,1.5,1.5
13.08.2021 02:38:30.673,3.89846,3.89381,1.5,1.5
13.08.2021 02:38:31.417,3.89847,3.8938,1.5,1.5
13.08.2021 02:38:35.649,3.89847,3.8938,1.5,1.5
13.08.2021 02:38:40.546,3.89846,3.8948199999999997,1.5,1
13.08.2021 02:38:41.279,3.89846,3.8948199999999997,1.5,1
13.08.2021 02:38:48.682,3.89847,3.8947800000000004,1.5,1.5
13.08.2021 02:38:56.708,3.8984300000000003,3.8947900000000004,1.5,1.5
13.08.2021 02:39:06.216,3.8984400000000003,3.8947800000000004,1.5,1.5
13.08.2021 02:39:08.892,3.8984300000000003,3.8948300000000007,1.5,1
13.08.2021 02:39:09.779,3.8984400000000003,3.8948199999999997,1.5,1
13.08.2021 02:39:21.209,3.8984400000000003,3.8948199999999997,1.5,1
13.08.2021 02:39:51.339,3.8984300000000003,3.8948500000000004,1.5,1
13.08.2021 02:39:51.547,3.8984300000000003,3.89491,1.5,1
13.08.2021 02:41:57.763,3.8984400000000003,3.89489,1.5,1
13.08.2021 02:41:57.961,3.8984400000000003,3.89496,1.5,1
13.08.2021 02:42:01.194,3.8984400000000003,3.8949800000000003,1.5,1
13.08.2021 02:42:01.352,3.8984400000000003,3.8949800000000003,1.5,1
13.08.2021 02:42:01.757,3.8984400000000003,3.8949800000000003,1.5,1
13.08.2021 02:42:11.829,3.8984400000000003,3.8949800000000003,1.5,1
13.08.2021 02:43:21.828,3.8984400000000003,3.89386,1.5,1.5
13.08.2021 02:43:30.030,3.8984400000000003,3.89386,1.5,1.5
13.08.2021 02:43:36.084,3.8984300000000003,3.8950800000000005,1,1
13.08.2021 02:43:37.482,3.8984400000000003,3.89496,1.5,1
13.08.2021 02:44:00.905,3.8984400000000003,3.89489,1.5,1
13.08.2021 02:44:05.765,3.8984400000000003,3.89489,1.5,1
13.08.2021 02:44:08.845,3.8984300000000003,3.89487,1.5,1
13.08.2021 02:44:12.415,3.8984400000000003,3.89486,1.5,1
13.08.2021 02:44:16.391,3.8984400000000003,3.89486,1.5,1
13.08.2021 02:44:43.545,3.8982699999999997,3.89486,1.5,1
13.08.2021 02:44:45.390,3.89826,3.89487,1.5,1
13.08.2021 02:45:07.382,3.89826,3.8948199999999997,1.5,1
13.08.2021 02:45:07.559,3.8982699999999997,3.89475,1.5,1
13.08.2021 02:45:22.994,3.89826,3.89495,1.5,1
13.08.2021 02:45:36.869,3.89826,3.89495,1.5,1
13.08.2021 02:45:37.105,3.8982699999999997,3.8948800000000006,1.5,1
13.08.2021 02:45:37.560,3.8982699999999997,3.8948800000000006,1.5,1
13.08.2021 02:45:38.112,3.8980400000000004,3.8948800000000006,1,1
13.08.2021 02:45:38.189,3.8980300000000003,3.89489,1,1
13.08.2021 02:45:57.480,3.89781,3.89467,1,1
13.08.2021 02:45:57.538,3.8978,3.8946800000000006,1,1
13.08.2021 02:46:17.963,3.8978,3.89477,1,1
13.08.2021 02:46:18.014,3.8978400000000004,3.89477,1,1
13.08.2021 02:46:20.417,3.8978400000000004,3.89471,1,1
13.08.2021 02:46:32.950,3.89785,3.8947000000000003,1,1
13.08.2021 02:46:33.148,3.89785,3.8945600000000002,1.12,1
13.08.2021 02:46:40.111,3.8978400000000004,3.89457,1,1
13.08.2021 02:46:59.542,3.8978400000000004,3.8945600000000002,1,1
13.08.2021 02:47:02.870,3.8980699999999997,3.89466,1.5,1
13.08.2021 02:47:02.948,3.8980699999999997,3.89466,1.5,1
13.08.2021 02:47:07.829,3.8980800000000007,3.8946500000000004,1.5,1
13.08.2021 02:48:02.262,3.8980800000000007,3.89472,1,1
13.08.2021 02:48:02.521,3.8980699999999997,3.8948,1.5,1
13.08.2021 02:48:02.811,3.8980699999999997,3.8948,1,1
13.08.2021 02:48:03.165,3.8980800000000007,3.8947900000000004,1.5,1
13.08.2021 02:48:03.671,3.8980800000000007,3.8947900000000004,1,1
13.08.2021 02:48:03.843,3.8982699999999997,3.8947900000000004,1.5,1
13.08.2021 02:48:03.893,3.8982699999999997,3.89486,1.5,1
13.08.2021 02:48:04.472,3.89826,3.89487,1.5,1
13.08.2021 02:48:10.328,3.89826,3.89487,1.5,1
13.08.2021 02:48:12.498,3.8982699999999997,3.89486,1.5,1
13.08.2021 02:48:12.698,3.8982699999999997,3.89486,1.5,1
13.08.2021 02:48:57.198,3.8982699999999997,3.89486,1.5,1
13.08.2021 02:48:57.428,3.8982699999999997,3.89486,1.5,1
13.08.2021 02:48:58.578,3.8982699999999997,3.8947800000000004,1.5,1.5
13.08.2021 02:49:40.169,3.89826,3.8947000000000003,1.5,1
13.08.2021 02:49:40.325,3.89806,3.8947000000000003,1.5,1
13.08.2021 02:49:45.180,3.8980699999999997,3.8946199999999997,1.5,1
13.08.2021 02:49:47.017,3.8980699999999997,3.8946199999999997,1.5,1
13.08.2021 02:49:50.792,3.89806,3.8946300000000003,1.5,1
13.08.2021 02:50:03.946,3.8980699999999997,3.8946800000000006,1.5,1
13.08.2021 02:50:09.029,3.8980699999999997,3.8946800000000006,1.5,1
13.08.2021 02:50:15.373,3.8980699999999997,3.8946,1.5,1
13.08.2021 02:50:38.533,3.89806,3.89461,1.5,1
13.08.2021 02:50:38.717,3.8978400000000004,3.8945300000000005,1,1
13.08.2021 02:50:46.250,3.8978400000000004,3.89447,1,1
13.08.2021 02:50:47.191,3.8978400000000004,3.89447,1.5,1
13.08.2021 02:50:47.393,3.8978300000000004,3.89454,1,1
13.08.2021 02:50:47.797,3.8978400000000004,3.8945300000000005,1.5,1
13.08.2021 02:50:48.406,3.8978400000000004,3.89446,1.5,1
13.08.2021 02:51:09.829,3.8978400000000004,3.8944,1.5,1
13.08.2021 02:51:42.704,3.8978400000000004,3.89441,1.5,1
13.08.2021 02:51:52.937,3.8978300000000004,3.8944199999999998,1,1
13.08.2021 02:51:57.552,3.8978400000000004,3.8944800000000006,1.5,1
13.08.2021 02:53:02.872,3.8978400000000004,3.89441,1.6,1
13.08.2021 02:53:02.923,3.8978300000000004,3.89346,1.6,1.9
13.08.2021 02:53:03.024,3.8978400000000004,3.8942800000000006,1.5,1.5
13.08.2021 02:53:29.399,3.8978400000000004,3.8943800000000004,1.5,1.5
13.08.2021 02:53:29.885,3.8978400000000004,3.8943800000000004,1,1.5
13.08.2021 02:53:52.290,3.8978400000000004,3.8943800000000004,1.5,1.5
13.08.2021 02:54:06.845,3.8978300000000004,3.8943900000000005,1.5,1.5
13.08.2021 02:54:34.061,3.8978400000000004,3.8944300000000003,1,1
13.08.2021 02:54:34.262,3.8978400000000004,3.8945000000000003,1,1
13.08.2021 02:55:04.621,3.89796,3.8945800000000004,1.5,1.5
13.08.2021 02:55:04.671,3.89796,3.8945800000000004,1.5,1.5
13.08.2021 02:55:08.757,3.8979500000000002,3.8945900000000004,1.5,1.5
13.08.2021 02:55:10.169,3.89796,3.8945800000000004,1.5,1.5
13.08.2021 02:55:20.233,3.89796,3.89457,1.5,1
13.08.2021 02:55:32.723,3.89796,3.89457,1.5,1
13.08.2021 02:55:41.339,3.8979500000000002,3.8946300000000003,1.5,1
13.08.2021 02:55:43.691,3.89796,3.8946199999999997,1.5,1
13.08.2021 02:56:04.877,3.89796,3.8946199999999997,1,1
13.08.2021 02:56:04.927,3.89816,3.8946199999999997,1.5,1
13.08.2021 02:56:05.588,3.8981500000000002,3.8946300000000003,1.5,1
13.08.2021 02:56:14.337,3.89816,3.8946199999999997,1.5,1
13.08.2021 02:56:40.600,3.89816,3.8945600000000002,1.5,1
13.08.2021 02:56:42.600,3.89796,3.89441,1.5,1
13.08.2021 02:56:56.663,3.8977500000000003,3.89434,1.5,1
13.08.2021 02:57:01.276,3.89776,3.8943300000000005,1.5,1
13.08.2021 02:57:02.530,3.8977500000000003,3.89434,1.5,1
13.08.2021 02:57:03.530,3.8977500000000003,3.89434,1.5,1
13.08.2021 02:57:04.590,3.89776,3.8943300000000005,1.5,1
13.08.2021 02:57:05.528,3.8977500000000003,3.89434,1.5,1
13.08.2021 02:57:06.587,3.89776,3.8943300000000005,1.5,1
13.08.2021 02:57:07.530,3.89776,3.8943300000000005,1.5,1
13.08.2021 02:57:08.574,3.89776,3.8942800000000006,1.5,1.5
13.08.2021 02:57:50.602,3.8977500000000003,3.89421,1.5,1
13.08.2021 02:57:51.537,3.8977500000000003,3.89421,1.5,1
13.08.2021 02:57:54.681,3.89776,3.8942,1.5,1
13.08.2021 02:58:00.422,3.8977500000000003,3.89421,1.5,1
13.08.2021 02:58:05.048,3.8977500000000003,3.8942900000000003,1.5,1
13.08.2021 02:58:05.207,3.89776,3.8942800000000006,1.5,1
13.08.2021 02:58:05.408,3.89776,3.8942800000000006,1.5,1
13.08.2021 02:58:09.918,3.89776,3.8942800000000006,1.5,1.62
13.08.2021 02:58:10.117,3.8977500000000003,3.8942900000000003,1.5,1.62
13.08.2021 02:58:18.434,3.89776,3.8942800000000006,1.5,1.62
13.08.2021 02:58:32.602,3.8977500000000003,3.8942300000000003,1.5,1
13.08.2021 02:58:32.802,3.89776,3.89422,1.5,1
13.08.2021 02:58:49.692,3.89776,3.89422,1.5,1
13.08.2021 02:58:56.530,3.8977500000000003,3.8942300000000003,1.5,1
13.08.2021 02:59:03.495,3.89776,3.89422,1.5,1
13.08.2021 02:59:04.225,3.89776,3.8943800000000004,1.5,1.5
13.08.2021 02:59:04.429,3.89776,3.8943800000000004,1.5,1.62
13.08.2021 02:59:04.625,3.89776,3.8943800000000004,1.5,1.62
13.08.2021 02:59:30.604,3.89776,3.89432,1.5,1
13.08.2021 02:59:30.655,3.89776,3.89432,1.5,1
13.08.2021 02:59:30.847,3.89776,3.8942800000000006,1.5,1.5
13.08.2021 02:59:31.047,3.89776,3.89436,1.5,1
13.08.2021 02:59:35.484,3.89776,3.89436,1.5,1
13.08.2021 02:59:39.109,3.8979300000000006,3.89446,1.5,1
13.08.2021 02:59:40.207,3.8979300000000006,3.89446,1.5,1
13.08.2021 02:59:40.599,3.8979300000000006,3.89446,1.5,1
13.08.2021 02:59:42.862,3.89792,3.89447,1.5,1
13.08.2021 02:59:43.061,3.89792,3.89447,1.5,1
13.08.2021 02:59:47.955,3.8979300000000006,3.89446,1.5,1
13.08.2021 02:59:50.854,3.8979300000000006,3.89446,1.5,1
13.08.2021 02:59:55.151,3.8979300000000006,3.89446,1.5,1
13.08.2021 02:59:55.354,3.8979300000000006,3.89446,1.5,1
13.08.2021 02:59:58.709,3.8979300000000006,3.89446,1.5,1
13.08.2021 03:00:00.644,3.8979300000000006,3.8944800000000006,1.5,1.5
13.08.2021 03:00:03.090,3.89792,3.8944900000000002,1.5,1.5
13.08.2021 03:00:04.544,3.8979300000000006,3.89452,1.5,1
13.08.2021 03:00:06.598,3.8979300000000006,3.89452,1.5,1
13.08.2021 03:00:07.829,3.8979300000000006,3.8944800000000006,1.5,1.5
13.08.2021 03:00:10.459,3.89792,3.8944900000000002,1.5,1.5
13.08.2021 03:00:21.066,3.89792,3.89441,1.5,1
13.08.2021 03:00:55.354,3.8979300000000006,3.8943300000000005,1.5,1
13.08.2021 03:01:02.830,3.8979300000000006,3.8944,1.5,1
13.08.2021 03:01:15.028,3.89792,3.89441,1.5,1
13.08.2021 03:01:16.286,3.8979300000000006,3.8944,1.5,1
13.08.2021 03:01:16.489,3.8979300000000006,3.8944,1.5,1
13.08.2021 03:01:17.520,3.89792,3.89441,1.5,1
13.08.2021 03:01:24.268,3.8979300000000006,3.8944,1.5,1
13.08.2021 03:01:27.126,3.8979300000000006,3.8943800000000004,1.5,1.5
13.08.2021 03:01:30.054,3.8979300000000006,3.8943800000000004,1.5,1.5
13.08.2021 03:01:51.281,3.89792,3.8943900000000005,1.5,1.5
13.08.2021 03:01:57.329,3.8979300000000006,3.8943800000000004,1.5,1.5
13.08.2021 03:02:09.778,3.8979300000000006,3.89441,1.5,1
13.08.2021 03:02:12.829,3.89792,3.8944199999999998,1.5,1
13.08.2021 03:02:21.118,3.89792,3.8944199999999998,1.5,1
13.08.2021 03:02:30.209,3.8979300000000006,3.89441,1.5,1
13.08.2021 03:02:34.529,3.89792,3.8944900000000002,1.5,1.5
13.08.2021 03:03:02.890,3.8979300000000006,3.8944800000000006,1.5,1.5
13.08.2021 03:03:04.061,3.8980300000000003,3.8944900000000002,1.5,1.5
13.08.2021 03:03:04.264,3.8980300000000003,3.8944900000000002,1.5,1.5
13.08.2021 03:04:17.830,3.8980400000000004,3.8934,1.5,1.5
13.08.2021 03:04:29.157,3.8980300000000003,3.8934100000000003,1.5,1.5
13.08.2021 03:04:33.329,3.8980400000000004,3.8934,1.5,1.5
13.08.2021 03:04:40.535,3.8980300000000003,3.8943900000000005,1.5,1.5
13.08.2021 03:04:56.419,3.8980400000000004,3.8943800000000004,1.5,1.5
13.08.2021 03:04:57.448,3.8980300000000003,3.8943900000000005,1.5,1.5
13.08.2021 03:05:04.020,3.8980400000000004,3.8942800000000006,1.5,1.5
13.08.2021 03:05:04.600,3.8980400000000004,3.8942800000000006,1.5,1.5
13.08.2021 03:05:11.282,3.8980400000000004,3.89435,1.5,1
13.08.2021 03:05:12.330,3.8980400000000004,3.8943800000000004,1.5,1.5
13.08.2021 03:05:32.103,3.8980400000000004,3.8944199999999998,1.5,1
13.08.2021 03:05:43.330,3.8980400000000004,3.8944199999999998,1.5,1
13.08.2021 03:05:46.944,3.8980400000000004,3.8944199999999998,1.5,1
13.08.2021 03:06:11.019,3.8980400000000004,3.8944199999999998,1.5,1
13.08.2021 03:06:11.683,3.8980400000000004,3.8944199999999998,1.5,1
13.08.2021 03:06:11.961,3.8980400000000004,3.89432,1.5,1.5
13.08.2021 03:07:04.287,3.8980400000000004,3.8942800000000006,1.5,1.5
13.08.2021 03:07:07.014,3.8980300000000003,3.89431,1.5,1
13.08.2021 03:07:10.066,3.8980400000000004,3.8943800000000004,1.5,1.62
13.08.2021 03:07:10.272,3.8980400000000004,3.8943800000000004,1.5,1.5
13.08.2021 03:07:11.135,3.8980300000000003,3.8943900000000005,1.5,1.5
13.08.2021 03:07:11.336,3.8980300000000003,3.8943900000000005,1.5,1.5
13.08.2021 03:07:12.208,3.8980400000000004,3.8943800000000004,1.5,1.5
13.08.2021 03:07:17.733,3.89797,3.8943900000000005,1.5,1.5
13.08.2021 03:07:39.933,3.8979800000000004,3.89441,1.5,1
13.08.2021 03:07:41.957,3.8979800000000004,3.89441,1.5,1
13.08.2021 03:07:56.030,3.8979800000000004,3.8943800000000004,1.5,1.5
13.08.2021 03:08:21.494,3.8979800000000004,3.89434,1.5,1
13.08.2021 03:08:27.266,3.8979800000000004,3.89434,1.5,1
13.08.2021 03:08:40.389,3.89797,3.89435,1.5,1
13.08.2021 03:08:41.806,3.8979800000000004,3.89441,1.5,1
13.08.2021 03:10:37.397,3.8979800000000004,3.8935300000000006,1.5,1.5
13.08.2021 03:10:40.626,3.8979800000000004,3.8935300000000006,1.5,1.5
13.08.2021 03:10:46.191,3.8979800000000004,3.8935300000000006,1.5,1.5
13.08.2021 03:10:52.252,3.8979800000000004,3.8935300000000006,1.5,1.5
13.08.2021 03:12:04.174,3.8979800000000004,3.8935300000000006,1.5,1.5
13.08.2021 03:12:04.375,3.8979800000000004,3.8935300000000006,1.5,1.5
13.08.2021 03:12:05.830,3.8979800000000004,3.8935300000000006,1.5,1.5
13.08.2021 03:12:16.380,3.89797,3.8945300000000005,1.5,1
13.08.2021 03:12:21.040,3.8979800000000004,3.8946,1.5,1
13.08.2021 03:14:56.327,3.8981800000000004,3.8946800000000006,1.5,1.5
13.08.2021 03:14:57.096,3.8981800000000004,3.89472,1.5,1
13.08.2021 03:14:57.657,3.8981800000000004,3.89472,1.5,1
13.08.2021 03:15:40.242,3.8981800000000004,3.89472,1.5,1
13.08.2021 03:15:40.443,3.8981800000000004,3.8946800000000006,1.5,1.5
13.08.2021 03:16:38.831,3.8981800000000004,3.8946,1.5,1
13.08.2021 03:16:39.194,3.8981800000000004,3.8946,1.5,1
13.08.2021 03:16:50.135,3.8981800000000004,3.8946,1.5,1
13.08.2021 03:16:50.334,3.8981800000000004,3.89467,1.5,1
13.08.2021 03:17:21.998,3.89836,3.89475,1.5,1
13.08.2021 03:17:37.841,3.89837,3.8947400000000005,1.5,1
13.08.2021 03:17:45.018,3.8985800000000004,3.8948400000000003,1.5,1
13.08.2021 03:17:45.220,3.89857,3.8948500000000004,1.5,1
13.08.2021 03:17:47.876,3.89857,3.89491,1.5,1
13.08.2021 03:18:02.667,3.8985800000000004,3.8949000000000003,1.5,1
13.08.2021 03:18:26.680,3.89857,3.8948500000000004,1.5,1
13.08.2021 03:18:34.145,3.8985800000000004,3.8949000000000003,1.5,1
13.08.2021 03:18:34.345,3.8985800000000004,3.8949000000000003,1.5,1
13.08.2021 03:18:43.330,3.8985800000000004,3.8949000000000003,1.5,1
13.08.2021 03:18:44.679,3.8985800000000004,3.8949000000000003,1.5,1
13.08.2021 03:18:51.374,3.8985800000000004,3.8947800000000004,1.5,1.62
13.08.2021 03:18:51.532,3.8985800000000004,3.8947800000000004,1.5,1.62
13.08.2021 03:19:09.170,3.89857,3.8947900000000004,1.5,1.62
13.08.2021 03:19:09.327,3.8985800000000004,3.8947800000000004,1.5,1.62
13.08.2021 03:19:09.933,3.8985800000000004,3.8947800000000004,1.5,1.62
13.08.2021 03:19:32.639,3.8985800000000004,3.8947800000000004,1.5,1.62
13.08.2021 03:19:33.142,3.89857,3.8947900000000004,1.5,1.62
13.08.2021 03:19:38.845,3.89857,3.8947900000000004,1.5,1.62
13.08.2021 03:19:44.680,3.8985800000000004,3.8949000000000003,1.5,1
13.08.2021 03:19:47.199,3.89857,3.89491,1.5,1
13.08.2021 03:19:51.368,3.8985800000000004,3.8949000000000003,1.5,1
13.08.2021 03:19:51.644,3.8985800000000004,3.8949000000000003,1.5,1
13.08.2021 03:19:53.831,3.8985800000000004,3.8949000000000003,1.5,1
13.08.2021 03:19:57.894,3.8985800000000004,3.8949000000000003,1.5,1
13.08.2021 03:19:58.296,3.89857,3.89491,1.5,1
13.08.2021 03:20:36.613,3.8985800000000004,3.89497,1.5,1
13.08.2021 03:20:36.848,3.8985800000000004,3.89497,1.5,1
13.08.2021 03:20:44.970,3.89857,3.8950500000000003,1.5,1
13.08.2021 03:21:03.874,3.8985800000000004,3.8951000000000002,1.5,1
13.08.2021 03:21:08.863,3.8985800000000004,3.8951000000000002,1.5,1
13.08.2021 03:21:08.914,3.8985800000000004,3.8951000000000002,1.5,1
13.08.2021 03:21:22.992,3.8985800000000004,3.8951000000000002,1.5,1
13.08.2021 03:21:23.193,3.8985800000000004,3.8951000000000002,1.5,1
13.08.2021 03:21:41.802,3.8985800000000004,3.8951000000000002,1.5,1
13.08.2021 03:21:42.530,3.89857,3.89511,1.5,1
13.08.2021 03:21:47.954,3.8985800000000004,3.8951000000000002,1.5,1
13.08.2021 03:21:48.719,3.89857,3.89511,1.5,1
13.08.2021 03:21:50.643,3.89857,3.89511,1.5,1
13.08.2021 03:21:56.034,3.89857,3.89511,1.5,1
13.08.2021 03:21:56.235,3.8985800000000004,3.8951000000000002,1.5,1
13.08.2021 03:22:03.346,3.8985800000000004,3.8951000000000002,1.5,1
13.08.2021 03:22:21.937,3.8985800000000004,3.8949800000000003,1.5,1.5
13.08.2021 03:22:22.100,3.89857,3.8949900000000004,1.5,1.5
13.08.2021 03:22:27.498,3.8985800000000004,3.8949800000000003,1.5,1.5
13.08.2021 03:22:39.640,3.8985800000000004,3.8949800000000003,1.5,1.5
13.08.2021 03:22:42.636,3.8985800000000004,3.8949800000000003,1.5,1.5
13.08.2021 03:22:46.030,3.8985800000000004,3.8950500000000003,1.5,1
13.08.2021 03:23:24.963,3.8985800000000004,3.8950500000000003,1.5,1
13.08.2021 03:23:47.596,3.89857,3.8940300000000003,1.5,1.5
13.08.2021 03:23:53.151,3.8985800000000004,3.89402,1.5,1.5
13.08.2021 03:23:53.555,3.8985800000000004,3.89402,1.5,1.5
13.08.2021 03:23:53.757,3.8985800000000004,3.89402,1.5,1.5
13.08.2021 03:23:55.111,3.8985800000000004,3.89402,1.5,1.5
13.08.2021 03:23:55.312,3.8985800000000004,3.89402,1.5,1.5
13.08.2021 03:23:55.672,3.8985800000000004,3.89402,1.5,1.5
13.08.2021 03:23:59.724,3.8985800000000004,3.89511,1.5,1
13.08.2021 03:24:37.395,3.89857,3.89512,1.5,1
13.08.2021 03:24:39.198,3.89857,3.89512,1.5,1
13.08.2021 03:24:42.531,3.8985800000000004,3.89511,1.5,1
13.08.2021 03:24:43.987,3.8985800000000004,3.89511,1.5,1
13.08.2021 03:25:02.159,3.89857,3.8940300000000003,1.5,1.5
13.08.2021 03:25:05.831,3.8985800000000004,3.89402,1.5,1.5
13.08.2021 03:25:22.112,3.89866,3.89386,1.5,1.5
13.08.2021 03:25:35.316,3.89867,3.89385,1.5,1.5
13.08.2021 03:25:35.521,3.89867,3.89385,1.5,1.5
13.08.2021 03:26:25.033,3.89867,3.89385,1.5,1.5
13.08.2021 03:26:25.236,3.89867,3.89385,1.5,1.5
13.08.2021 03:27:36.873,3.89887,3.8951900000000004,1.5,1
13.08.2021 03:27:37.116,3.89886,3.8952,1.5,1
13.08.2021 03:28:29.273,3.89887,3.8951800000000003,1.5,1.5
13.08.2021 03:28:29.492,3.89886,3.8951900000000004,1.5,1.5
13.08.2021 03:29:46.044,3.89886,3.89531,1.5,1
13.08.2021 03:30:00.269,3.89887,3.8953,1.5,1
13.08.2021 03:30:00.470,3.89887,3.8953,1.5,1
13.08.2021 03:30:01.470,3.89887,3.8952199999999997,1.5,1
13.08.2021 03:30:12.320,3.89887,3.8952199999999997,1.5,1
13.08.2021 03:30:12.523,3.89886,3.8952300000000006,1.5,1
13.08.2021 03:30:23.066,3.89887,3.8953800000000003,1.5,1.5
13.08.2021 03:30:23.279,3.89887,3.8952800000000005,1.5,1.5
13.08.2021 03:30:23.457,3.89887,3.8952800000000005,1.5,1.5
13.08.2021 03:30:35.481,3.89887,3.8952800000000005,1.5,1.5
13.08.2021 03:30:47.447,3.89886,3.89529,1.5,1.62
13.08.2021 03:31:06.951,3.89887,3.89521,1.5,1
13.08.2021 03:31:07.357,3.89886,3.8952199999999997,1.5,1
13.08.2021 03:31:07.564,3.89887,3.89521,1.5,1
13.08.2021 03:31:28.137,3.89887,3.89521,1.5,1
13.08.2021 03:31:28.725,3.89887,3.89521,1.5,1
13.08.2021 03:31:31.344,3.89887,3.89521,1.5,1
13.08.2021 03:31:31.591,3.89887,3.89521,1.5,1
13.08.2021 03:31:32.924,3.89886,3.8952199999999997,1.5,1
13.08.2021 03:31:33.343,3.89886,3.8952199999999997,1.5,1
13.08.2021 03:31:33.598,3.89887,3.89521,1.5,1
13.08.2021 03:31:35.456,3.89887,3.89521,1.5,1
13.08.2021 03:31:38.183,3.89887,3.89521,1.5,1
13.08.2021 03:31:38.384,3.89887,3.8951800000000003,1.5,1.5
13.08.2021 03:31:39.349,3.89886,3.8951900000000004,1.5,1.5
13.08.2021 03:31:53.061,3.89887,3.89515,1.5,1
13.08.2021 03:32:19.783,3.89887,3.8952199999999997,1.5,1
13.08.2021 03:32:35.444,3.89887,3.89521,1.5,1
13.08.2021 03:32:35.802,3.89887,3.89521,1.5,1
13.08.2021 03:32:36.160,3.89886,3.8952199999999997,1.5,1
13.08.2021 03:32:36.798,3.89887,3.89521,1.5,1
13.08.2021 03:32:49.434,3.89886,3.8952199999999997,1.5,1
13.08.2021 03:32:50.423,3.89887,3.89521,1.5,1
13.08.2021 03:32:51.339,3.89886,3.8952199999999997,1.5,1
13.08.2021 03:32:55.614,3.89887,3.8953800000000003,1.5,1.5
13.08.2021 03:33:17.505,3.89887,3.8953400000000005,1.5,1
13.08.2021 03:33:33.410,3.89875,3.89535,1.5,1
13.08.2021 03:33:34.437,3.8987600000000002,3.8952800000000005,1.5,1.5
13.08.2021 03:33:44.871,3.8987600000000002,3.8952800000000005,1.5,1.5
13.08.2021 03:33:48.216,3.89875,3.8953400000000005,1.5,1
13.08.2021 03:33:50.264,3.89875,3.89529,1.5,1.5
13.08.2021 03:34:05.635,3.8987600000000002,3.8952,1.5,1
13.08.2021 03:34:07.598,3.8987600000000002,3.8952,1.5,1
13.08.2021 03:34:18.438,3.8987600000000002,3.8952,1.5,1
13.08.2021 03:34:26.408,3.89875,3.89521,1.5,1
13.08.2021 03:34:26.609,3.8987600000000002,3.8952,1.5,1
13.08.2021 03:34:26.810,3.8987600000000002,3.8952,1.5,1
13.08.2021 03:34:27.197,3.8987600000000002,3.8952,1.5,1
13.08.2021 03:34:35.431,3.8987600000000002,3.8952,1.5,1
13.08.2021 03:34:48.878,3.8987600000000002,3.8952,1.5,1
13.08.2021 03:34:58.454,3.89875,3.89521,1.5,1
13.08.2021 03:34:59.144,3.8987600000000002,3.8952,1.5,1
13.08.2021 03:35:23.464,3.8985600000000002,3.89511,1.5,1
13.08.2021 03:35:26.976,3.8985600000000002,3.89511,1.5,1
13.08.2021 03:35:33.051,3.8985600000000002,3.89511,1.5,1
13.08.2021 03:35:33.634,3.89855,3.89512,1.5,1
13.08.2021 03:36:24.658,3.8985600000000002,3.89401,1.5,1.5
13.08.2021 03:36:51.382,3.8984300000000003,3.8949300000000004,1.5,1
13.08.2021 03:37:10.833,3.8984300000000003,3.8949300000000004,1.5,1
13.08.2021 03:37:12.012,3.8984300000000003,3.8950199999999997,1.5,1
13.08.2021 03:37:42.341,3.8984199999999998,3.8950300000000007,1.5,1
13.08.2021 03:37:49.109,3.8984300000000003,3.8949800000000003,1.5,1.5
13.08.2021 03:38:01.168,3.8984300000000003,3.8949800000000003,1.5,1.5
13.08.2021 03:38:15.985,3.8985300000000005,3.8950800000000005,1.5,1.5
13.08.2021 03:38:21.333,3.8985300000000005,3.8950400000000003,1.5,1
13.08.2021 03:38:30.534,3.8985300000000005,3.89511,1.5,1
13.08.2021 03:38:36.833,3.8985300000000005,3.89511,1.5,1
13.08.2021 03:39:27.693,3.8985300000000005,3.89511,1.5,1
13.08.2021 03:39:40.735,3.89852,3.89509,1.5,1.5
13.08.2021 03:39:42.195,3.8985300000000005,3.8950800000000005,1.5,1.5
13.08.2021 03:39:45.742,3.89852,3.89509,1.5,1.5
13.08.2021 03:39:46.758,3.8985300000000005,3.8950800000000005,1.5,1.5
13.08.2021 03:39:47.486,3.8985300000000005,3.8950800000000005,1.5,1.5
13.08.2021 03:40:01.083,3.89852,3.89509,1.5,1.5
13.08.2021 03:40:03.137,3.8985300000000005,3.8950800000000005,1.5,1.5
13.08.2021 03:40:39.921,3.89852,3.8939800000000004,1.5,1.5
13.08.2021 03:40:40.525,3.8985300000000005,3.89397,1.5,1.5
13.08.2021 03:40:43.404,3.8985300000000005,3.89397,1.5,1.5
13.08.2021 03:41:02.326,3.89852,3.8939800000000004,1.5,1.5
13.08.2021 03:41:02.540,3.8984,3.8948800000000006,1.5,1.5
13.08.2021 03:41:02.729,3.8984,3.89481,1.5,1
13.08.2021 03:42:13.094,3.8983900000000005,3.89382,1.5,1.5
13.08.2021 03:42:14.224,3.8984,3.8947900000000004,1.5,1
13.08.2021 03:43:21.551,3.8984,3.89381,1.5,1.5
13.08.2021 03:43:37.386,3.8984,3.8948500000000004,1.5,1
13.08.2021 03:44:01.796,3.8984,3.8949300000000004,1.5,1
13.08.2021 03:44:02.000,3.8984,3.8948800000000006,1.5,1.5
13.08.2021 03:44:04.901,3.8984,3.8948800000000006,1.5,1.5
13.08.2021 03:44:05.102,3.8984,3.8947800000000004,1.5,1.62
13.08.2021 03:45:48.175,3.89812,3.89469,1.5,2
13.08.2021 03:45:48.789,3.8981300000000005,3.8946800000000006,1.5,1.5
13.08.2021 03:45:55.337,3.89812,3.89469,1.5,1.5
13.08.2021 03:46:23.790,3.89812,3.89469,1.5,1.5
13.08.2021 03:46:24.007,3.89812,3.89469,1.5,1.62
13.08.2021 03:46:24.283,3.8981300000000005,3.8946800000000006,1.5,1.62
13.08.2021 03:48:21.327,3.8981300000000005,3.8946800000000006,1.5,1.62
13.08.2021 03:48:21.740,3.8981300000000005,3.8946800000000006,1.5,1.62
13.08.2021 03:48:24.748,3.8981300000000005,3.8946199999999997,1.5,1
13.08.2021 03:48:26.012,3.8981300000000005,3.8946199999999997,1.5,1
13.08.2021 03:48:32.138,3.8981300000000005,3.8945800000000004,1.5,1.5
13.08.2021 03:49:15.226,3.8981300000000005,3.8946300000000003,1.5,1
13.08.2021 03:49:16.535,3.89812,3.8946400000000003,1.5,1
13.08.2021 03:49:30.069,3.8981300000000005,3.8946300000000003,1.5,1
13.08.2021 03:49:50.515,3.89812,3.8935900000000006,1.5,1.5
13.08.2021 03:49:55.403,3.89812,3.8945900000000004,1.5,1.5
13.08.2021 03:50:48.029,3.8981300000000005,3.8945800000000004,1.5,1.5
13.08.2021 03:50:54.382,3.89812,3.8946300000000003,1.5,1
13.08.2021 03:50:54.435,3.8981300000000005,3.8946199999999997,1.5,1
13.08.2021 03:51:57.472,3.8981300000000005,3.89454,1.5,1
13.08.2021 03:52:00.336,3.89812,3.89455,1.5,1
13.08.2021 03:52:18.647,3.8981300000000005,3.89454,1.5,1
13.08.2021 03:52:41.678,3.8981300000000005,3.8935800000000005,1.5,1.5
13.08.2021 03:52:44.504,3.8981300000000005,3.8946,1.5,1
13.08.2021 03:52:45.725,3.8981300000000005,3.8946,1.5,1
13.08.2021 03:52:47.172,3.8981300000000005,3.8946,1.5,1
13.08.2021 03:52:47.357,3.89812,3.89461,1.5,1
13.08.2021 03:52:49.664,3.8981300000000005,3.8946,1.5,1
13.08.2021 03:52:58.403,3.8981300000000005,3.8946,1.5,1
13.08.2021 03:53:00.597,3.8981300000000005,3.89454,1.5,1
13.08.2021 03:53:00.797,3.8981300000000005,3.89454,1.5,1
13.08.2021 03:53:00.998,3.8981300000000005,3.89454,1.5,1
13.08.2021 03:53:05.256,3.89812,3.89455,1.5,1
13.08.2021 03:53:05.838,3.89812,3.8944900000000002,1.5,1.62
13.08.2021 03:53:06.040,3.8981300000000005,3.8944800000000006,1.5,1
13.08.2021 03:54:14.850,3.89792,3.8944900000000002,1.5,1.5
13.08.2021 03:54:18.260,3.8979300000000006,3.89452,1.5,1
13.08.2021 03:54:20.481,3.8979300000000006,3.89452,1.5,1
13.08.2021 03:54:22.653,3.89792,3.8945300000000005,1.5,1
13.08.2021 03:54:27.770,3.8979300000000006,3.89452,1.5,1
13.08.2021 03:54:28.016,3.8979300000000006,3.8944800000000006,1.5,1.5
13.08.2021 03:54:39.454,3.89792,3.89441,1.5,1
13.08.2021 03:54:42.900,3.8979300000000006,3.8944,1.5,1
13.08.2021 03:54:43.835,3.8979300000000006,3.8944,1.5,1
13.08.2021 03:54:51.416,3.8979300000000006,3.8944,1.5,1
13.08.2021 03:54:58.606,3.8979300000000006,3.8944,1.5,1
13.08.2021 03:55:01.423,3.8979300000000006,3.8944,1.5,1
13.08.2021 03:55:13.124,3.8979300000000006,3.89446,1.5,1
13.08.2021 03:55:13.225,3.8979300000000006,3.8944800000000006,1.5,1.5
13.08.2021 03:55:51.990,3.89816,3.89461,1.5,1
13.08.2021 03:55:52.364,3.89816,3.89461,1.5,1
13.08.2021 03:55:59.937,3.89816,3.89461,1.5,1
13.08.2021 03:56:01.393,3.8981500000000002,3.8948,1.5,1
13.08.2021 03:56:04.949,3.8981000000000003,3.8947900000000004,1.5,1
13.08.2021 03:56:05.412,3.8981000000000003,3.8946400000000003,1.5,1
13.08.2021 03:56:58.231,3.8981000000000003,3.8946800000000006,1.5,1.5
13.08.2021 03:57:12.831,3.8981000000000003,3.89475,1,1
13.08.2021 03:57:13.812,3.8981000000000003,3.89475,1.5,1
13.08.2021 03:57:50.987,3.8981000000000003,3.89475,1,1
13.08.2021 03:57:51.186,3.8981000000000003,3.89481,1.5,1
13.08.2021 03:58:02.648,3.8981000000000003,3.89481,1,1
13.08.2021 03:58:05.939,3.8981000000000003,3.89481,1,1
13.08.2021 03:58:06.543,3.8981800000000004,3.8948199999999997,1.5,1
13.08.2021 03:58:11.880,3.8981900000000005,3.89481,1.5,1
13.08.2021 03:58:13.172,3.8981900000000005,3.89481,1.5,1
13.08.2021 03:58:13.264,3.8981900000000005,3.89481,1.5,1
13.08.2021 03:58:14.088,3.8981900000000005,3.89481,1.5,1
13.08.2021 03:58:49.375,3.8983900000000005,3.89487,1.5,1
13.08.2021 03:59:00.805,3.8983900000000005,3.89487,1.5,1
13.08.2021 03:59:01.828,3.8983800000000004,3.8948800000000006,1.5,1
13.08.2021 03:59:04.774,3.8983900000000005,3.89487,1.5,1
13.08.2021 03:59:06.885,3.8983800000000004,3.8948800000000006,1.5,1
13.08.2021 03:59:16.556,3.8983900000000005,3.89487,1.5,1
13.08.2021 03:59:24.835,3.8983900000000005,3.89487,1.5,1
13.08.2021 03:59:25.591,3.8983900000000005,3.89487,1.5,1
13.08.2021 04:00:04.281,3.8983800000000004,3.8953699999999998,1.5,1
13.08.2021 04:00:04.483,3.8983300000000005,3.89527,1,1
13.08.2021 04:00:11.834,3.89834,3.89526,1,1
13.08.2021 04:00:15.885,3.89834,3.89526,1,1
13.08.2021 04:00:16.086,3.8983300000000005,3.89527,1,1
13.08.2021 04:00:27.099,3.89816,3.89506,1.5,1
13.08.2021 04:00:34.753,3.8981300000000005,3.89507,1,1
13.08.2021 04:00:37.264,3.89814,3.89506,1,1
13.08.2021 04:00:37.465,3.89814,3.89506,1,1
13.08.2021 04:00:40.373,3.89814,3.89506,1,1
13.08.2021 04:00:40.575,3.89814,3.89506,1,1
13.08.2021 04:00:44.559,3.8981300000000005,3.89497,1,1
13.08.2021 04:03:24.348,3.89814,3.89506,1,1
13.08.2021 04:03:54.233,3.8981500000000002,3.89517,1.5,1
13.08.2021 04:04:09.087,3.8981300000000005,3.89507,1,1
13.08.2021 04:04:09.255,3.89814,3.89506,1,1
13.08.2021 04:04:11.094,3.89814,3.89506,1,1
13.08.2021 04:04:11.577,3.89814,3.89506,1,1
13.08.2021 04:04:13.554,3.89814,3.89506,1,1
13.08.2021 04:04:19.083,3.8981300000000005,3.89507,1,1
13.08.2021 04:05:26.545,3.89802,3.89487,1.5,1
13.08.2021 04:06:10.787,3.89802,3.89497,1.5,1
13.08.2021 04:06:22.635,3.8980400000000004,3.89506,1.5,1
13.08.2021 04:06:23.075,3.8980400000000004,3.89496,1.5,1
13.08.2021 04:06:28.742,3.8980400000000004,3.89496,1.5,1
13.08.2021 04:06:34.036,3.8980300000000003,3.89507,1.5,1
13.08.2021 04:07:29.876,3.8980400000000004,3.89506,1.5,1
13.08.2021 04:07:33.277,3.8980400000000004,3.89506,1.5,1
13.08.2021 04:08:20.371,3.8980699999999997,3.89506,1.5,1
13.08.2021 04:08:24.036,3.8981300000000005,3.89507,1,1
13.08.2021 04:08:30.812,3.89814,3.89506,1,1
13.08.2021 04:08:39.372,3.89814,3.89506,1,1
13.08.2021 04:09:00.165,3.8981300000000005,3.89507,1,1
13.08.2021 04:09:16.412,3.89814,3.89506,1,1
13.08.2021 04:09:56.301,3.8982400000000004,3.89506,1,1
13.08.2021 04:10:01.544,3.89814,3.89506,1,1
13.08.2021 04:10:18.722,3.8982400000000004,3.89506,1,1
13.08.2021 04:10:39.024,3.89814,3.89506,1,1
13.08.2021 04:10:43.345,3.89814,3.89506,1,1
13.08.2021 04:11:12.726,3.8981300000000005,3.89507,1,1
13.08.2021 04:11:37.364,3.8982400000000004,3.89516,1,1
13.08.2021 04:11:40.460,3.8982400000000004,3.89516,1,1
13.08.2021 04:13:55.331,3.8982400000000004,3.89516,1,1
13.08.2021 04:13:58.335,3.8982400000000004,3.89516,1,1
13.08.2021 04:14:10.291,3.8982400000000004,3.89516,1,1
13.08.2021 04:14:13.835,3.8982400000000004,3.89516,1,1
13.08.2021 04:15:09.726,3.8982400000000004,3.89516,1,1
13.08.2021 04:15:19.081,3.8982400000000004,3.89516,1,1
13.08.2021 04:15:19.487,3.8982300000000003,3.89517,1,1
13.08.2021 04:15:20.370,3.8982300000000003,3.89517,1,1
13.08.2021 04:15:32.106,3.8982300000000003,3.89517,1,1
13.08.2021 04:15:32.686,3.8982300000000003,3.89517,1,1
13.08.2021 04:15:32.928,3.8982400000000004,3.89516,1,1
13.08.2021 04:19:54.527,3.8982400000000004,3.89516,1,1
13.08.2021 04:19:56.123,3.8982300000000003,3.89517,1,1
13.08.2021 04:19:58.547,3.8982400000000004,3.89506,1,1
13.08.2021 04:19:58.747,3.8982300000000003,3.89517,1,1
13.08.2021 04:20:00.178,3.8981300000000005,3.89507,1,1
13.08.2021 04:20:00.345,3.8981300000000005,3.89507,1,1
13.08.2021 04:20:02.858,3.89814,3.89506,1,1
13.08.2021 04:20:10.786,3.89814,3.89506,1,1
13.08.2021 04:20:15.627,3.8982699999999997,3.89516,1.5,1
13.08.2021 04:20:30.398,3.89826,3.89527,1.5,1
13.08.2021 04:20:30.600,3.8982699999999997,3.89526,1.5,1
13.08.2021 04:20:41.336,3.8984400000000003,3.89536,1,1
13.08.2021 04:20:44.556,3.8985300000000005,3.89536,1.5,1
13.08.2021 04:21:04.640,3.8984400000000003,3.89536,1,1
13.08.2021 04:21:06.654,3.8984400000000003,3.89526,1,1
13.08.2021 04:21:15.365,3.8984400000000003,3.89536,1,1
13.08.2021 04:21:15.541,3.8984400000000003,3.89536,1,1
13.08.2021 04:21:58.809,3.8984400000000003,3.89536,1,1
13.08.2021 04:22:00.404,3.89825,3.89531,1,1.5
13.08.2021 04:22:00.454,3.8982400000000004,3.89516,1,1
13.08.2021 04:22:01.835,3.8982400000000004,3.89516,1,1
13.08.2021 04:22:02.872,3.8982400000000004,3.89506,1,1
