Gmt time,Ask,Bid,AskVolume,BidVolume
27.08.2021 00:00:00.047,3.8942800000000006,3.8893800000000005,1,1.5
27.08.2021 00:00:00.829,3.8943900000000005,3.88945,1,1.5
27.08.2021 00:00:01.031,3.89457,3.8894400000000005,1,1.5
27.08.2021 00:00:02.158,3.89497,3.8894400000000005,1.5,1.5
27.08.2021 00:00:02.376,3.89457,3.8893800000000005,1,1.5
27.08.2021 00:00:03.639,3.89472,3.8893800000000005,1.5,1.5
27.08.2021 00:00:04.305,3.8946199999999997,3.8893800000000005,1.5,1.5
27.08.2021 00:00:04.418,3.89461,3.88939,1.5,1.5
27.08.2021 00:00:05.093,3.89477,3.8894100000000003,1.5,1
27.08.2021 00:00:06.069,3.89467,3.8894100000000003,1,1
27.08.2021 00:00:06.298,3.89467,3.8893800000000005,1,1.5
27.08.2021 00:00:06.497,3.89467,3.8893800000000005,1,1.5
27.08.2021 00:00:06.651,3.89467,3.8893800000000005,1,1.5
27.08.2021 00:00:09.719,3.89467,3.8893800000000005,1,1.5
27.08.2021 00:00:10.742,3.89417,3.88965,1,1
27.08.2021 00:00:10.792,3.89416,3.88966,1,1
27.08.2021 00:00:10.893,3.89416,3.88966,1,1
27.08.2021 00:00:10.944,3.89416,3.8894400000000005,1,1
27.08.2021 00:00:11.095,3.89417,3.88965,1.5,1
27.08.2021 00:00:11.196,3.89416,3.88966,1.5,1
27.08.2021 00:00:11.246,3.89417,3.88965,1.5,1
27.08.2021 00:00:11.347,3.89417,3.88945,1.5,1
27.08.2021 00:00:11.501,3.89417,3.8894400000000005,1.5,1
27.08.2021 00:00:11.673,3.8941500000000002,3.8894400000000005,1,1
27.08.2021 00:00:16.218,3.89417,3.8893800000000005,1,1.5
27.08.2021 00:00:16.623,3.89417,3.88946,1,1.5
27.08.2021 00:00:16.918,3.89417,3.88946,1,1.5
27.08.2021 00:00:19.932,3.8944199999999998,3.88946,1.5,1.5
27.08.2021 00:00:21.241,3.8941000000000003,3.8896800000000007,1,1.5
27.08.2021 00:00:22.999,3.8941000000000003,3.8897800000000005,1,1
27.08.2021 00:00:23.662,3.89402,3.88972,1,1
27.08.2021 00:00:23.813,3.8940300000000003,3.8902900000000002,1,1
27.08.2021 00:00:24.768,3.8940300000000003,3.89005,1,1
27.08.2021 00:00:24.819,3.8940300000000003,3.89032,1,1
27.08.2021 00:00:24.919,3.8937500000000003,3.89021,1,1
27.08.2021 00:00:25.020,3.89365,3.89016,1,1
27.08.2021 00:00:25.071,3.8935800000000005,3.89014,1,1
27.08.2021 00:00:25.121,3.8937300000000006,3.89015,1,1
27.08.2021 00:00:25.222,3.89402,3.8903300000000005,1,1
27.08.2021 00:00:25.272,3.8937500000000003,3.89011,1,1
27.08.2021 00:00:25.373,3.89402,3.8900800000000006,1,1
27.08.2021 00:00:25.473,3.89402,3.8903300000000005,1,1
27.08.2021 00:00:25.574,3.89386,3.89035,1,1
27.08.2021 00:00:25.625,3.89374,3.89015,1,1
27.08.2021 00:00:25.726,3.89366,3.89016,1,1
27.08.2021 00:00:25.826,3.89402,3.8900800000000006,1,1
27.08.2021 00:00:26.128,3.8937500000000003,3.8900800000000006,1,1
27.08.2021 00:00:26.179,3.8937900000000005,3.8902300000000003,1,1
27.08.2021 00:00:26.229,3.89374,3.89017,1,1
27.08.2021 00:00:26.280,3.89401,3.89016,1,1
27.08.2021 00:00:26.437,3.89401,3.8900800000000006,1,1
27.08.2021 00:00:26.590,3.8937500000000003,3.8901300000000005,1,1
27.08.2021 00:00:26.773,3.8939500000000002,3.89015,1,1
27.08.2021 00:00:26.878,3.8939500000000002,3.8902,1,1
27.08.2021 00:00:26.978,3.8937500000000003,3.89022,1,1
27.08.2021 00:00:27.029,3.8939900000000005,3.89012,1,1
27.08.2021 00:00:27.080,3.8939900000000005,3.8903000000000003,1,1
27.08.2021 00:00:27.281,3.8939800000000004,3.88994,1,1
27.08.2021 00:00:27.643,3.8937500000000003,3.89027,1,1
27.08.2021 00:00:27.744,3.8939800000000004,3.89031,1,1
27.08.2021 00:00:27.895,3.89397,3.89034,1,1
27.08.2021 00:00:27.995,3.8937500000000003,3.8903600000000003,1,1
27.08.2021 00:00:28.104,3.89371,3.8903300000000005,1,1
27.08.2021 00:00:28.255,3.8936100000000002,3.89,1,1.5
27.08.2021 00:00:28.356,3.8935500000000003,3.89015,1,1
27.08.2021 00:00:28.457,3.89391,3.8903000000000003,1,1
27.08.2021 00:00:28.508,3.8937500000000003,3.89032,1,1
27.08.2021 00:00:28.559,3.89374,3.89,1,1
27.08.2021 00:00:28.657,3.89374,3.8899900000000005,1,1
27.08.2021 00:00:28.844,3.8937500000000003,3.8901000000000003,1,1
27.08.2021 00:00:29.057,3.89362,3.89005,1,1
27.08.2021 00:00:29.108,3.8935800000000005,3.89006,1,1
27.08.2021 00:00:29.209,3.89371,3.89005,1,1
27.08.2021 00:00:29.259,3.8937000000000004,3.8899000000000004,1,1
27.08.2021 00:00:29.310,3.8937000000000004,3.89016,1,1
27.08.2021 00:00:29.436,3.89365,3.89032,1,1
27.08.2021 00:00:29.587,3.89394,3.89,1,1
27.08.2021 00:00:29.762,3.8939500000000002,3.8902,1,1
27.08.2021 00:00:29.813,3.8936400000000004,3.8903600000000003,1,1
27.08.2021 00:00:29.930,3.89365,3.8899800000000004,1,1
27.08.2021 00:00:30.031,3.89365,3.8899000000000004,1,1
27.08.2021 00:00:30.081,3.89365,3.89025,1,1
27.08.2021 00:00:30.132,3.8937900000000005,3.88991,1,1
27.08.2021 00:00:30.183,3.8937900000000005,3.88991,1,1
27.08.2021 00:00:30.292,3.8935400000000002,3.89016,1,1
27.08.2021 00:00:30.342,3.89372,3.89015,1,1
27.08.2021 00:00:30.393,3.89376,3.8901000000000003,1,1
27.08.2021 00:00:30.444,3.89346,3.89015,1,1
27.08.2021 00:00:30.494,3.8936800000000007,3.88992,1,1
27.08.2021 00:00:30.595,3.8936100000000002,3.88997,1,1
27.08.2021 00:00:30.709,3.8936,3.89025,1,1
27.08.2021 00:00:30.760,3.89357,3.8901800000000004,1,1
27.08.2021 00:00:30.810,3.89394,3.89015,1,1
27.08.2021 00:00:30.861,3.8939300000000006,3.8902900000000002,1,1
27.08.2021 00:00:31.117,3.89365,3.8903300000000005,1,1
27.08.2021 00:00:31.168,3.89365,3.88991,1,1
27.08.2021 00:00:31.218,3.89365,3.8902900000000002,1,1
27.08.2021 00:00:31.319,3.8939300000000006,3.8902800000000006,1,1
27.08.2021 00:00:31.485,3.89392,3.8902900000000002,1,1
27.08.2021 00:00:31.535,3.89365,3.8902900000000002,1,1
27.08.2021 00:00:31.586,3.89365,3.8901900000000005,1,1
27.08.2021 00:00:31.636,3.89365,3.89031,1,1
27.08.2021 00:00:31.765,3.89345,3.89031,1,1
27.08.2021 00:00:32.647,3.89345,3.89031,1,1
27.08.2021 00:00:35.250,3.8936400000000004,3.8902,1,1
27.08.2021 00:00:35.655,3.89365,3.89026,1,1
27.08.2021 00:00:35.706,3.8936400000000004,3.89026,1,1
27.08.2021 00:00:35.757,3.8934,3.89026,1,1
27.08.2021 00:00:36.248,3.89365,3.8902400000000004,1,1
27.08.2021 00:00:36.349,3.89365,3.8903600000000003,1,1
27.08.2021 00:00:36.399,3.8937500000000003,3.89034,1,1
27.08.2021 00:00:36.550,3.89346,3.8902,1,1
27.08.2021 00:00:42.048,3.8934699999999998,3.8901900000000005,1,1
27.08.2021 00:00:44.113,3.8936400000000004,3.8903600000000003,1,1
27.08.2021 00:00:44.274,3.8938699999999997,3.8906,1,1
27.08.2021 00:00:44.547,3.8938699999999997,3.8906,1,1
27.08.2021 00:00:45.183,3.8938699999999997,3.8906,1,1
27.08.2021 00:00:52.114,3.89394,3.89081,1,1
27.08.2021 00:00:52.212,3.89394,3.89081,1,1
27.08.2021 00:00:52.402,3.89394,3.89081,1,1
27.08.2021 00:00:53.395,3.89394,3.89081,1,1
27.08.2021 00:01:01.609,3.8938,3.89066,1,1
27.08.2021 00:01:01.882,3.8938,3.89066,1,1
27.08.2021 00:01:02.332,3.89365,3.8906,1,1
27.08.2021 00:01:05.554,3.89366,3.8905900000000004,1,1
27.08.2021 00:01:11.230,3.8933500000000003,3.8904500000000004,1,1
27.08.2021 00:01:11.281,3.89332,3.8902900000000002,1,1
27.08.2021 00:01:11.941,3.8931400000000003,3.8900300000000003,1,1
27.08.2021 00:01:45.446,3.8931400000000003,3.8900300000000003,1,1
27.08.2021 00:01:47.638,3.8931400000000003,3.8900300000000003,1,1
27.08.2021 00:02:03.160,3.8933,3.89014,1,1
27.08.2021 00:02:03.356,3.8933,3.89014,1,1
27.08.2021 00:02:05.918,3.8932900000000004,3.89015,1,1
27.08.2021 00:02:10.763,3.8932900000000004,3.89015,1,1
27.08.2021 00:02:13.646,3.8932900000000004,3.8902,1,1
27.08.2021 00:02:14.170,3.8932900000000004,3.8901300000000005,1,1
27.08.2021 00:02:14.865,3.8932900000000004,3.8901300000000005,1,1
27.08.2021 00:02:15.338,3.8932900000000004,3.8901300000000005,1,1
27.08.2021 00:02:37.038,3.8932900000000004,3.8901300000000005,1,1
27.08.2021 00:02:40.046,3.8932900000000004,3.8901300000000005,1,1
27.08.2021 00:02:51.801,3.8932900000000004,3.8901800000000004,1,1
27.08.2021 00:02:52.351,3.8933,3.89017,1,1
27.08.2021 00:02:59.626,3.8933,3.89017,1,1
27.08.2021 00:03:00.275,3.8933,3.89017,1,1
27.08.2021 00:03:02.866,3.8932900000000004,3.8901800000000004,1,1
27.08.2021 00:03:08.743,3.8933,3.89017,1,1
27.08.2021 00:03:12.490,3.8933,3.89017,1,1
27.08.2021 00:03:16.767,3.8933,3.89017,1,1
27.08.2021 00:03:19.435,3.8933,3.89017,1,1
27.08.2021 00:03:32.326,3.8933,3.89017,1,1
27.08.2021 00:03:33.771,3.8933,3.89017,1,1
27.08.2021 00:03:40.529,3.89342,3.8902800000000006,1,1
27.08.2021 00:04:10.025,3.8934300000000004,3.89027,1,1
27.08.2021 00:04:21.550,3.89342,3.8902800000000006,1,1
27.08.2021 00:04:51.935,3.8933500000000003,3.8902,1,1
27.08.2021 00:05:00.569,3.89336,3.8901900000000005,1,1
27.08.2021 00:05:26.497,3.89322,3.8900900000000003,1,1
27.08.2021 00:05:26.872,3.89322,3.8900900000000003,1,1
27.08.2021 00:05:27.437,3.89322,3.8900900000000003,1,1
27.08.2021 00:05:28.956,3.89322,3.8900900000000003,1,1
27.08.2021 00:05:34.497,3.89321,3.8901000000000003,1,1
27.08.2021 00:05:41.444,3.89322,3.89006,1,1
27.08.2021 00:05:45.039,3.89322,3.89006,1,1
27.08.2021 00:06:03.236,3.8932800000000003,3.89011,1,1
27.08.2021 00:06:13.408,3.8932800000000003,3.89011,1,1
27.08.2021 00:06:15.339,3.8932800000000003,3.89011,1,1
27.08.2021 00:06:18.636,3.8932800000000003,3.89011,1,1
27.08.2021 00:06:23.192,3.8932800000000003,3.89011,1,1
27.08.2021 00:06:24.820,3.89327,3.89012,1,1
27.08.2021 00:06:27.516,3.89327,3.89012,1,1
27.08.2021 00:06:29.253,3.89327,3.89012,1,1
27.08.2021 00:06:44.298,3.8931300000000006,3.88997,1,1
27.08.2021 00:06:54.531,3.8932400000000005,3.89011,1,1
27.08.2021 00:06:54.733,3.8931199999999997,3.8899800000000004,1,1
27.08.2021 00:07:02.703,3.8931300000000006,3.88997,1,1
27.08.2021 00:07:12.757,3.8931199999999997,3.8899800000000004,1,1
27.08.2021 00:07:38.183,3.8931199999999997,3.8900300000000003,1,1
27.08.2021 00:07:47.266,3.8931199999999997,3.8900300000000003,1,1
27.08.2021 00:07:56.319,3.8931500000000003,3.89002,1,1
27.08.2021 00:08:00.659,3.8932900000000004,3.8901300000000005,1,1
27.08.2021 00:08:03.677,3.8932900000000004,3.8901300000000005,1,1
27.08.2021 00:08:12.180,3.8932800000000003,3.89016,1,1
27.08.2021 00:08:23.045,3.89327,3.8901300000000005,1,1
27.08.2021 00:08:31.036,3.8932800000000003,3.89012,1,1
27.08.2021 00:08:41.330,3.89327,3.8901300000000005,1,1
27.08.2021 00:08:41.530,3.8931300000000006,3.89005,1,1
27.08.2021 00:08:43.085,3.8931199999999997,3.89006,1,1
27.08.2021 00:08:50.425,3.8931300000000006,3.89005,1,1
27.08.2021 00:08:52.274,3.8931199999999997,3.89006,1,1
27.08.2021 00:08:52.674,3.89326,3.8901300000000005,1,1
27.08.2021 00:08:59.929,3.89325,3.89014,1,1
27.08.2021 00:09:16.511,3.89326,3.8901300000000005,1,1
27.08.2021 00:10:11.636,3.89416,3.88985,1.5,1.5
27.08.2021 00:10:21.965,3.8941500000000002,3.88986,1.5,1.5
27.08.2021 00:10:22.201,3.89416,3.88985,1.5,1.5
27.08.2021 00:10:44.886,3.89435,3.88996,1.5,1.5
27.08.2021 00:10:58.360,3.89317,3.8900300000000003,1,1
27.08.2021 00:11:00.935,3.89317,3.8900300000000003,1,1
27.08.2021 00:11:49.693,3.89317,3.8900900000000003,1,1
27.08.2021 00:11:59.299,3.8932800000000003,3.89017,1,1
27.08.2021 00:12:01.039,3.8932900000000004,3.89016,1,1
27.08.2021 00:12:10.910,3.8932900000000004,3.89016,1,1
27.08.2021 00:12:20.987,3.8932900000000004,3.89016,1,1
27.08.2021 00:12:24.685,3.8932900000000004,3.89016,1,1
27.08.2021 00:12:33.435,3.8932900000000004,3.89016,1,1
27.08.2021 00:12:44.873,3.8932900000000004,3.89016,1,1
27.08.2021 00:12:45.100,3.8932900000000004,3.89022,1,1
27.08.2021 00:13:05.291,3.8934400000000005,3.89037,1,1
27.08.2021 00:13:05.392,3.8934400000000005,3.89037,1,1
27.08.2021 00:13:05.565,3.8935900000000006,3.89046,1,1
27.08.2021 00:13:10.891,3.8936400000000004,3.8906300000000007,1,1
27.08.2021 00:13:11.049,3.8936300000000004,3.8906400000000003,1,1
27.08.2021 00:13:15.935,3.8936400000000004,3.8906300000000007,1,1
27.08.2021 00:13:37.395,3.8937800000000005,3.89077,1,1
27.08.2021 00:13:45.637,3.8937800000000005,3.89077,1,1
27.08.2021 00:13:45.837,3.8937800000000005,3.89077,1,1
27.08.2021 00:13:47.393,3.8937800000000005,3.89077,1,1
27.08.2021 00:13:47.595,3.89377,3.8907800000000003,1,1
27.08.2021 00:13:55.502,3.89392,3.89092,1,1
27.08.2021 00:13:56.734,3.89392,3.89092,1,1
27.08.2021 00:13:56.937,3.89391,3.8909300000000004,1,1
27.08.2021 00:13:57.177,3.8940800000000007,3.89107,1,1
27.08.2021 00:13:57.397,3.8940800000000007,3.89107,1,1
27.08.2021 00:13:59.190,3.89391,3.8909400000000005,1,1
27.08.2021 00:13:59.505,3.89392,3.8909300000000004,1,1
27.08.2021 00:13:59.809,3.89391,3.8909400000000005,1,1
27.08.2021 00:14:00.139,3.89392,3.8909300000000004,1,1
27.08.2021 00:14:01.338,3.8940699999999997,3.8909300000000004,1,1
27.08.2021 00:14:01.831,3.8940699999999997,3.8909300000000004,1,1
27.08.2021 00:14:02.168,3.8940699999999997,3.8909300000000004,1,1
27.08.2021 00:14:05.698,3.89391,3.8908,1,1
27.08.2021 00:14:11.352,3.89406,3.89092,1,1
27.08.2021 00:14:20.137,3.89421,3.8910800000000005,1,1
27.08.2021 00:14:20.657,3.8942,3.89109,1,1
27.08.2021 00:14:24.008,3.89421,3.8910800000000005,1,1
27.08.2021 00:14:40.222,3.8942,3.89109,1,1
27.08.2021 00:14:42.672,3.8942,3.89109,1,1
27.08.2021 00:14:52.210,3.8940699999999997,3.8909800000000003,1,1.5
27.08.2021 00:14:52.361,3.8940699999999997,3.89095,1,1
27.08.2021 00:14:52.600,3.8940699999999997,3.8909400000000005,1,1
27.08.2021 00:14:59.674,3.89391,3.89081,1,1
27.08.2021 00:14:59.877,3.89391,3.8907900000000004,1,1
27.08.2021 00:15:05.519,3.89392,3.8907800000000003,1,1
27.08.2021 00:15:09.627,3.89392,3.8907800000000003,1,1
27.08.2021 00:15:40.104,3.89377,3.8906300000000007,1,1
27.08.2021 00:15:45.098,3.89377,3.8906300000000007,1,1
27.08.2021 00:15:48.159,3.89377,3.8906300000000007,1,1
27.08.2021 00:16:00.751,3.89377,3.8907000000000003,1,1
27.08.2021 00:16:11.479,3.89376,3.89071,1,1
27.08.2021 00:16:21.793,3.89385,3.89071,1,1
27.08.2021 00:16:22.096,3.89397,3.89087,1,1
27.08.2021 00:16:22.271,3.89397,3.89087,1,1
27.08.2021 00:16:26.438,3.894,3.89087,1,1
27.08.2021 00:16:31.400,3.894,3.89087,1,1
27.08.2021 00:16:41.315,3.8941500000000002,3.89096,1,1
27.08.2021 00:17:11.013,3.89425,3.89096,1,1
27.08.2021 00:17:11.412,3.89435,3.89112,1,1
27.08.2021 00:17:17.676,3.89412,3.89116,1,1
27.08.2021 00:17:17.861,3.89425,3.8912400000000003,1,1
27.08.2021 00:17:18.644,3.89412,3.89111,1,1
27.08.2021 00:17:18.853,3.8942400000000004,3.8912400000000003,1,1
27.08.2021 00:17:24.555,3.8942400000000004,3.8912500000000003,1,1
27.08.2021 00:17:26.136,3.89435,3.8912400000000003,1,1
27.08.2021 00:17:26.239,3.89434,3.8912500000000003,1,1
27.08.2021 00:17:29.179,3.89435,3.8912400000000003,1,1
27.08.2021 00:17:33.095,3.89455,3.8914,1,1
27.08.2021 00:17:33.284,3.8944199999999998,3.89135,1,1
27.08.2021 00:17:33.709,3.8944199999999998,3.89135,1,1
27.08.2021 00:17:34.756,3.89441,3.89136,1,1
27.08.2021 00:17:47.298,3.8944199999999998,3.89135,1,1
27.08.2021 00:18:07.134,3.89445,3.8914,1,1
27.08.2021 00:18:11.545,3.89445,3.8914,1,1
27.08.2021 00:18:11.787,3.8944199999999998,3.89126,1,1
27.08.2021 00:18:12.394,3.89445,3.8914300000000006,1,1
27.08.2021 00:18:13.936,3.89445,3.8914300000000006,1,1
27.08.2021 00:18:14.509,3.89445,3.8914300000000006,1,1
27.08.2021 00:18:14.728,3.8944199999999998,3.89127,1,1
27.08.2021 00:18:24.216,3.89454,3.8915300000000004,1,1
27.08.2021 00:18:28.434,3.89455,3.89161,1,1
27.08.2021 00:18:31.427,3.89457,3.89161,1,1
27.08.2021 00:18:35.346,3.8946400000000003,3.89162,1,1
27.08.2021 00:18:35.499,3.8946400000000003,3.89162,1,1
27.08.2021 00:18:35.978,3.89471,3.89176,1,1
27.08.2021 00:18:38.634,3.89475,3.89176,1,1
27.08.2021 00:18:42.435,3.8947400000000005,3.8917699999999997,1,1
27.08.2021 00:18:49.435,3.89471,3.89176,1,1
27.08.2021 00:19:08.030,3.89467,3.8915300000000004,1,1
27.08.2021 00:19:13.795,3.8946800000000006,3.89152,1,1
27.08.2021 00:19:19.634,3.8946800000000006,3.89152,1,1
27.08.2021 00:19:26.972,3.8946800000000006,3.89152,1,1
27.08.2021 00:19:43.723,3.8946800000000006,3.89152,1,1
27.08.2021 00:19:56.710,3.89467,3.8915300000000004,1,1
27.08.2021 00:19:57.880,3.8946800000000006,3.89152,1,1
27.08.2021 00:19:58.329,3.89467,3.8915300000000004,1,1
27.08.2021 00:19:58.520,3.8946800000000006,3.89152,1,1
27.08.2021 00:20:00.435,3.89467,3.8915300000000004,1,1
27.08.2021 00:20:02.667,3.8946800000000006,3.8915699999999998,1,1
27.08.2021 00:20:16.924,3.8947300000000005,3.8915699999999998,1,1
27.08.2021 00:20:17.367,3.8947300000000005,3.8915699999999998,1,1
27.08.2021 00:20:21.601,3.8947300000000005,3.8915699999999998,1,1
27.08.2021 00:20:21.803,3.89472,3.8915800000000003,1,1
27.08.2021 00:20:33.835,3.8947300000000005,3.8915699999999998,1,1
27.08.2021 00:20:34.274,3.8947300000000005,3.8915699999999998,1,1
27.08.2021 00:20:52.753,3.8947300000000005,3.8915699999999998,1,1
27.08.2021 00:20:53.468,3.8947300000000005,3.8915699999999998,1,1
27.08.2021 00:20:57.481,3.8947300000000005,3.8915699999999998,1,1
27.08.2021 00:21:53.290,3.89566,3.89147,1.5,1.5
27.08.2021 00:21:54.311,3.8945800000000004,3.8914800000000005,1,1.5
27.08.2021 00:21:56.949,3.8945900000000004,3.89147,1,1.5
27.08.2021 00:21:57.350,3.8945900000000004,3.89147,1,1.5
27.08.2021 00:21:58.496,3.8945900000000004,3.89147,1,1.5
27.08.2021 00:21:58.660,3.8945900000000004,3.89147,1,1.5
27.08.2021 00:22:15.929,3.8944400000000003,3.89131,1,1
27.08.2021 00:22:16.130,3.8944400000000003,3.89131,1,1
27.08.2021 00:22:16.334,3.8944400000000003,3.89131,1,1
27.08.2021 00:22:22.164,3.8944400000000003,3.89131,1,1
27.08.2021 00:22:24.818,3.8944400000000003,3.89131,1,1
27.08.2021 00:22:32.497,3.8945900000000004,3.89146,1,1
27.08.2021 00:22:32.686,3.8945900000000004,3.89146,1,1
27.08.2021 00:22:36.009,3.8945800000000004,3.89147,1,1
27.08.2021 00:22:36.648,3.8945900000000004,3.89146,1,1
27.08.2021 00:22:41.128,3.8945800000000004,3.89147,1,1
27.08.2021 00:22:41.886,3.8945900000000004,3.89146,1,1
27.08.2021 00:22:43.517,3.8945900000000004,3.89146,1,1
27.08.2021 00:22:45.202,3.8945900000000004,3.89146,1,1
27.08.2021 00:22:47.520,3.8945900000000004,3.89146,1,1
27.08.2021 00:22:49.041,3.8945900000000004,3.89146,1,1
27.08.2021 00:22:54.081,3.8945900000000004,3.89146,1,1
27.08.2021 00:22:54.133,3.8945900000000004,3.89146,1,1
27.08.2021 00:22:54.338,3.8945900000000004,3.89146,1,1
27.08.2021 00:23:00.524,3.89477,3.8916000000000004,1,1
27.08.2021 00:23:04.956,3.89476,3.89161,1,1
27.08.2021 00:23:10.542,3.89477,3.89175,1,1
27.08.2021 00:23:13.435,3.89492,3.89175,1,1
27.08.2021 00:23:15.582,3.89492,3.89175,1,1
27.08.2021 00:23:19.611,3.89491,3.89176,1,1
27.08.2021 00:23:37.533,3.89492,3.89175,1,1
27.08.2021 00:23:49.129,3.89492,3.89175,1,1
27.08.2021 00:23:49.356,3.89476,3.8916000000000004,1,1
27.08.2021 00:23:55.359,3.89476,3.8916000000000004,1,1
27.08.2021 00:24:01.876,3.89476,3.8916000000000004,1,1
27.08.2021 00:24:36.619,3.89475,3.89161,1,1
27.08.2021 00:24:36.796,3.89475,3.89161,1,1
27.08.2021 00:24:40.089,3.8945900000000004,3.8914400000000002,1,1
27.08.2021 00:24:43.697,3.8945800000000004,3.8914500000000003,1,1
27.08.2021 00:24:45.880,3.8945900000000004,3.8914400000000002,1,1
27.08.2021 00:24:49.167,3.8945900000000004,3.8914400000000002,1,1
27.08.2021 00:24:52.584,3.8945800000000004,3.8914500000000003,1,1
27.08.2021 00:24:54.781,3.8945900000000004,3.8914400000000002,1,1
27.08.2021 00:25:00.663,3.8945900000000004,3.8914400000000002,1,1
27.08.2021 00:25:07.505,3.8945900000000004,3.8914400000000002,1,1
27.08.2021 00:25:07.706,3.8945800000000004,3.8914500000000003,1,1
27.08.2021 00:25:14.635,3.8947400000000005,3.8915900000000003,1,1
27.08.2021 00:25:20.176,3.89489,3.89175,1,1
27.08.2021 00:25:24.680,3.89489,3.89175,1,1
27.08.2021 00:25:24.878,3.89489,3.89175,1,1
27.08.2021 00:25:50.827,3.8950500000000003,3.8919,1,1
27.08.2021 00:25:53.675,3.89517,3.8920500000000002,1,1
27.08.2021 00:25:53.878,3.89516,3.8919900000000003,1,1
27.08.2021 00:25:54.198,3.89517,3.8919800000000007,1,1
27.08.2021 00:25:54.249,3.89517,3.8919800000000007,1,1
27.08.2021 00:25:54.419,3.8952199999999997,3.89216,1,1
27.08.2021 00:25:56.514,3.8953400000000005,3.89216,1,1
27.08.2021 00:25:56.834,3.8953900000000004,3.89237,1,1
27.08.2021 00:25:59.686,3.8953900000000004,3.89237,1,1
27.08.2021 00:25:59.885,3.8953900000000004,3.89237,1,1
27.08.2021 00:26:00.146,3.89562,3.89231,1,1.5
27.08.2021 00:26:00.196,3.8956900000000005,3.89241,1,1
27.08.2021 00:26:00.336,3.8956900000000005,3.89241,1,1.5
27.08.2021 00:26:01.463,3.8956900000000005,3.89241,1,1
27.08.2021 00:26:08.737,3.8956900000000005,3.89241,1,1.5
27.08.2021 00:26:10.475,3.8956800000000005,3.89242,1,1
27.08.2021 00:26:10.575,3.8955100000000003,3.89222,1,1.5
27.08.2021 00:26:10.676,3.89552,3.89222,1,1
27.08.2021 00:26:10.876,3.8955100000000003,3.8922300000000005,1,1
27.08.2021 00:26:15.986,3.89552,3.89225,1,1
27.08.2021 00:26:16.156,3.89552,3.89221,1,1.5
27.08.2021 00:26:16.207,3.89552,3.89221,1,1.5
27.08.2021 00:26:42.143,3.8955100000000003,3.89236,1,1
27.08.2021 00:26:42.656,3.89552,3.89235,1,1
27.08.2021 00:26:42.856,3.89552,3.89235,1,1
27.08.2021 00:26:47.595,3.89552,3.89235,1,1
27.08.2021 00:26:51.509,3.8955100000000003,3.89236,1,1
27.08.2021 00:26:51.925,3.89566,3.89251,1,1
27.08.2021 00:26:52.907,3.89566,3.89251,1,1
27.08.2021 00:27:12.699,3.89566,3.89251,1,1
27.08.2021 00:27:13.140,3.89566,3.89251,1,1
27.08.2021 00:27:13.341,3.89566,3.89251,1,1
27.08.2021 00:27:26.667,3.8956500000000003,3.8925199999999998,1,1
27.08.2021 00:27:27.935,3.89566,3.89251,1,1
27.08.2021 00:27:32.516,3.8956500000000003,3.8925199999999998,1,1
27.08.2021 00:28:29.501,3.8957100000000002,3.8925300000000003,1,1
27.08.2021 00:28:33.161,3.8957100000000002,3.8925300000000003,1,1
27.08.2021 00:28:56.304,3.8957100000000002,3.89256,1,1
27.08.2021 00:28:58.648,3.8957100000000002,3.89256,1,1
27.08.2021 00:28:58.997,3.8957100000000002,3.89256,1,1
27.08.2021 00:29:03.195,3.8957100000000002,3.89256,1,1
27.08.2021 00:29:19.787,3.8957100000000002,3.89256,1,1
27.08.2021 00:29:59.539,3.8957800000000007,3.8927199999999997,1,1
27.08.2021 00:30:00.377,3.8957900000000003,3.89271,1,1
27.08.2021 00:30:01.945,3.8957900000000003,3.89271,1,1
27.08.2021 00:30:09.216,3.8957100000000002,3.89259,1,1
27.08.2021 00:30:11.436,3.8957100000000002,3.89259,1,1
27.08.2021 00:30:23.401,3.8957900000000003,3.8927199999999997,1,1
27.08.2021 00:30:52.411,3.89586,3.8927199999999997,1,1
27.08.2021 00:31:03.080,3.89602,3.8929,1,1
27.08.2021 00:31:10.062,3.89602,3.8929,1,1
27.08.2021 00:31:11.527,3.89602,3.8929,1,1
27.08.2021 00:31:21.284,3.8960300000000005,3.8928900000000004,1,1
27.08.2021 00:31:25.069,3.8960300000000005,3.8928900000000004,1,1
27.08.2021 00:31:25.271,3.8960300000000005,3.8928900000000004,1,1
27.08.2021 00:31:27.705,3.8960300000000005,3.8928900000000004,1,1
27.08.2021 00:31:27.893,3.8960300000000005,3.8928900000000004,1,1
27.08.2021 00:31:48.829,3.89602,3.8929,1,1
27.08.2021 00:31:49.014,3.8960300000000005,3.8928900000000004,1,1
27.08.2021 00:31:51.833,3.89602,3.8929,1,1
27.08.2021 00:31:55.205,3.8957,3.8926400000000005,1,1.5
27.08.2021 00:32:01.093,3.8958500000000003,3.89267,1,1
27.08.2021 00:32:16.419,3.89604,3.89287,1,1
27.08.2021 00:32:34.322,3.89604,3.89287,1,1
27.08.2021 00:32:40.419,3.8960500000000002,3.89286,1,1
27.08.2021 00:32:41.194,3.8960500000000002,3.89286,1,1
27.08.2021 00:32:41.595,3.89604,3.89287,1,1
27.08.2021 00:32:45.236,3.8962000000000003,3.8930300000000004,1,1
27.08.2021 00:33:04.105,3.8962000000000003,3.8931800000000005,1,1
27.08.2021 00:33:04.256,3.89651,3.8933400000000002,1,1
27.08.2021 00:33:30.947,3.8966600000000002,3.8934900000000003,1,1
27.08.2021 00:33:32.722,3.8966600000000002,3.8934900000000003,1,1
27.08.2021 00:33:32.952,3.8967800000000006,3.89366,1,1
27.08.2021 00:33:38.785,3.89677,3.8936699999999997,1,1
27.08.2021 00:34:01.948,3.8966600000000002,3.8935400000000002,1,1
27.08.2021 00:34:04.433,3.8966400000000005,3.8935300000000006,1,1
27.08.2021 00:34:04.534,3.8966400000000005,3.8935300000000006,1,1
27.08.2021 00:34:04.685,3.8966400000000005,3.8935300000000006,1,1
27.08.2021 00:34:05.379,3.8966400000000005,3.8935300000000006,1,1
27.08.2021 00:34:06.841,3.8966400000000005,3.8935300000000006,1,1
27.08.2021 00:34:13.897,3.8966300000000005,3.8935400000000002,1,1
27.08.2021 00:34:16.491,3.8966400000000005,3.8935300000000006,1,1
27.08.2021 00:35:01.008,3.8967800000000006,3.8937000000000004,1,1
27.08.2021 00:35:02.435,3.89679,3.8936900000000003,1,1
27.08.2021 00:35:04.403,3.89679,3.8936900000000003,1,1
27.08.2021 00:35:50.765,3.89679,3.8936900000000003,1,1
27.08.2021 00:35:54.252,3.89679,3.8936900000000003,1,1
27.08.2021 00:36:16.778,3.89686,3.89374,1,1
27.08.2021 00:36:16.980,3.89687,3.8937300000000006,1,1
27.08.2021 00:37:17.673,3.89687,3.8937300000000006,1,1
27.08.2021 00:37:40.498,3.89687,3.8937300000000006,1,1
27.08.2021 00:37:51.543,3.89687,3.8939000000000004,1,1
27.08.2021 00:37:51.694,3.8970400000000005,3.8939000000000004,1,1
27.08.2021 00:37:59.649,3.8970400000000005,3.8939000000000004,1,1
27.08.2021 00:37:59.831,3.8971300000000006,3.89406,1,1
27.08.2021 00:38:02.250,3.8971300000000006,3.89406,1,1
27.08.2021 00:38:06.937,3.8971300000000006,3.89406,1,1
27.08.2021 00:38:17.261,3.89706,3.89392,1,1
27.08.2021 00:38:17.623,3.89706,3.89392,1,1
27.08.2021 00:38:17.824,3.89705,3.8939300000000006,1,1
27.08.2021 00:38:26.791,3.89706,3.89392,1,1
27.08.2021 00:38:29.883,3.8969800000000006,3.89392,1,1
27.08.2021 00:38:40.877,3.89706,3.89392,1,1
27.08.2021 00:38:41.039,3.89706,3.89392,1,1
27.08.2021 00:38:47.809,3.89706,3.89392,1,1
27.08.2021 00:38:53.619,3.89706,3.89392,1,1
27.08.2021 00:39:16.569,3.89705,3.8939300000000006,1,1
27.08.2021 00:39:35.018,3.89707,3.8939300000000006,1,1
27.08.2021 00:39:44.773,3.89706,3.89394,1,1
27.08.2021 00:39:49.011,3.8971800000000005,3.8940699999999997,1,1
27.08.2021 00:39:49.224,3.8971800000000005,3.8940699999999997,1,1
27.08.2021 00:39:53.722,3.8973400000000002,3.89417,1,1
27.08.2021 00:39:55.882,3.8973300000000006,3.89432,1,1
27.08.2021 00:39:56.830,3.89745,3.89431,1,1
27.08.2021 00:39:57.256,3.89745,3.89431,1,1
27.08.2021 00:39:57.797,3.89745,3.89431,1,1
27.08.2021 00:39:59.241,3.8974400000000005,3.89432,1,1
27.08.2021 00:39:59.484,3.89745,3.89431,1,1
27.08.2021 00:39:59.534,3.8974400000000005,3.89432,1,1
27.08.2021 00:40:08.115,3.89745,3.89431,1,1
27.08.2021 00:40:12.812,3.8973400000000002,3.8941500000000002,1,1
27.08.2021 00:40:35.249,3.8973800000000005,3.89431,1,1
27.08.2021 00:40:35.422,3.8975000000000004,3.89431,1,1
27.08.2021 00:40:43.352,3.89752,3.89447,1,1
27.08.2021 00:40:43.527,3.8976300000000004,3.89447,1,1
27.08.2021 00:41:00.362,3.8976400000000004,3.89446,1,1
27.08.2021 00:41:10.907,3.8975000000000004,3.89431,1,1
27.08.2021 00:41:12.931,3.8974699999999998,3.89432,1,1
27.08.2021 00:41:18.442,3.8974699999999998,3.89432,1,1
27.08.2021 00:42:08.636,3.8973400000000002,3.8941900000000005,1,1
27.08.2021 00:42:10.940,3.8974699999999998,3.89432,1,1
27.08.2021 00:42:16.647,3.8975000000000004,3.89431,1,1
27.08.2021 00:42:20.323,3.8975000000000004,3.89431,1,1
27.08.2021 00:42:23.825,3.8975000000000004,3.89431,1,1
27.08.2021 00:42:33.745,3.8975000000000004,3.89431,1,1
27.08.2021 00:42:34.489,3.8975000000000004,3.89431,1,1
27.08.2021 00:42:40.999,3.8974900000000003,3.89432,1,1
27.08.2021 00:43:04.970,3.8974900000000003,3.89432,1,1
27.08.2021 00:43:11.679,3.8974,3.89421,1,1
27.08.2021 00:43:16.743,3.8972400000000005,3.8940800000000007,1,1
27.08.2021 00:43:23.942,3.89725,3.8940699999999997,1,1
27.08.2021 00:43:26.436,3.89725,3.8940699999999997,1,1
27.08.2021 00:43:33.432,3.89725,3.8940699999999997,1,1
27.08.2021 00:43:45.025,3.89726,3.8940800000000007,1,1
27.08.2021 00:43:47.762,3.89726,3.8940800000000007,1,1
27.08.2021 00:43:48.869,3.8974100000000003,3.8942400000000004,1,1
27.08.2021 00:43:49.045,3.8974,3.89425,1,1
27.08.2021 00:43:49.859,3.8974300000000004,3.8942400000000004,1,1
27.08.2021 00:43:50.850,3.8974300000000004,3.8942400000000004,1,1
27.08.2021 00:44:00.850,3.8974300000000004,3.8942400000000004,1,1
27.08.2021 00:44:03.394,3.8974300000000004,3.8942400000000004,1,1
27.08.2021 00:44:28.385,3.89742,3.8942400000000004,1,1
27.08.2021 00:44:33.304,3.8972900000000004,3.8941000000000003,1,1
27.08.2021 00:44:33.481,3.89726,3.8941000000000003,1,1
27.08.2021 00:44:43.204,3.89726,3.8941000000000003,1,1
27.08.2021 00:45:07.974,3.89726,3.8941000000000003,1,1
27.08.2021 00:46:04.093,3.89736,3.8941900000000005,1,1
27.08.2021 00:46:04.298,3.89751,3.89432,1,1
27.08.2021 00:46:05.000,3.8975000000000004,3.8943300000000005,1,1
27.08.2021 00:46:10.002,3.89751,3.89432,1,1
27.08.2021 00:47:01.646,3.89736,3.8942,1,1
27.08.2021 00:47:02.064,3.8973400000000002,3.8942,1,1
27.08.2021 00:47:18.659,3.89721,3.8940400000000004,1,1
27.08.2021 00:47:30.564,3.8973400000000002,3.8941900000000005,1,1
27.08.2021 00:48:04.735,3.8973500000000003,3.8941900000000005,1,1
27.08.2021 00:48:04.935,3.8973400000000002,3.8942,1,1
27.08.2021 00:48:27.863,3.8974,3.89431,1,1
27.08.2021 00:48:32.494,3.89739,3.89432,1,1
27.08.2021 00:48:32.694,3.8974,3.89431,1,1
27.08.2021 00:48:33.310,3.89725,3.8942,1,1
27.08.2021 00:48:37.593,3.89725,3.8942,1,1
27.08.2021 00:48:37.643,3.89725,3.8942,1,1
27.08.2021 00:48:37.744,3.8973400000000002,3.8942,1,1
27.08.2021 00:48:52.940,3.8973400000000002,3.8942,1,1
27.08.2021 00:49:29.932,3.8973300000000006,3.89421,1,1
27.08.2021 00:49:31.957,3.89726,3.8942,1,1
27.08.2021 00:49:32.067,3.89726,3.8942,1,1
27.08.2021 00:49:59.842,3.89726,3.89417,1,1
27.08.2021 00:50:00.040,3.89726,3.89417,1,1
27.08.2021 00:50:00.800,3.89716,3.89402,1,1
27.08.2021 00:50:08.640,3.89711,3.89402,1,1
27.08.2021 00:50:10.439,3.89711,3.89402,1,1
27.08.2021 00:50:10.712,3.89711,3.89402,1,1
27.08.2021 00:51:01.545,3.89702,3.8938800000000007,1,1
27.08.2021 00:51:03.039,3.8971,3.8940300000000003,1,1
27.08.2021 00:51:03.550,3.8971,3.8940300000000003,1,1
27.08.2021 00:51:04.129,3.89711,3.89402,1,1
27.08.2021 00:51:07.771,3.89711,3.89402,1,1
27.08.2021 00:51:07.973,3.89711,3.89402,1,1
27.08.2021 00:51:10.692,3.8970900000000004,3.8940300000000003,1,1
27.08.2021 00:51:14.980,3.8970900000000004,3.8940300000000003,1,1
27.08.2021 00:51:29.438,3.8971,3.89402,1,1
27.08.2021 00:51:34.810,3.8971,3.89402,1,1
27.08.2021 00:51:50.437,3.8971800000000005,3.89402,1,1
27.08.2021 00:51:59.139,3.8971800000000005,3.89402,1,1
27.08.2021 00:52:00.236,3.8970800000000003,3.89402,1,1
27.08.2021 00:52:00.428,3.89702,3.8939000000000004,1,1
27.08.2021 00:53:00.430,3.89705,3.8939300000000006,1,1
27.08.2021 00:53:00.836,3.89706,3.89392,1,1
27.08.2021 00:53:10.637,3.89691,3.89377,1,1
27.08.2021 00:53:17.139,3.89691,3.89377,1,1
27.08.2021 00:53:17.775,3.89691,3.89377,1,1
27.08.2021 00:53:23.817,3.8967500000000004,3.8936300000000004,1,1
27.08.2021 00:53:28.575,3.89676,3.89362,1,1
27.08.2021 00:53:32.578,3.89676,3.89362,1,1
27.08.2021 00:53:38.312,3.89661,3.8934699999999998,1,1
27.08.2021 00:54:00.458,3.89661,3.8934699999999998,1,1
27.08.2021 00:54:04.092,3.8969500000000004,3.8931800000000005,1,1.5
27.08.2021 00:54:04.150,3.8971800000000005,3.8931800000000005,1.5,1
27.08.2021 00:54:04.201,3.89707,3.89306,1,1.5
27.08.2021 00:54:04.302,3.89707,3.8928800000000003,1,1.5
27.08.2021 00:54:05.731,3.8970300000000004,3.89287,1,1
27.08.2021 00:54:10.243,3.89701,3.89279,1,1.5
27.08.2021 00:54:10.294,3.89702,3.8927800000000006,1,1.5
27.08.2021 00:54:14.532,3.8972400000000005,3.8927800000000006,1,1.5
27.08.2021 00:54:18.278,3.8972300000000004,3.89299,1,1.5
27.08.2021 00:54:26.271,3.8972400000000005,3.8929800000000006,1,1.5
27.08.2021 00:54:30.239,3.8974400000000005,3.89299,1,1.5
27.08.2021 00:54:31.393,3.89745,3.8929800000000006,1,1.5
27.08.2021 00:54:31.616,3.89745,3.8931800000000005,1,1.5
27.08.2021 00:54:33.724,3.8975400000000002,3.89325,1,1.5
27.08.2021 00:54:33.925,3.8975400000000002,3.89325,1,1.5
27.08.2021 00:54:34.290,3.8975500000000003,3.8932400000000005,1,1.5
27.08.2021 00:54:34.491,3.8974699999999998,3.8932400000000005,1,1.5
27.08.2021 00:54:34.916,3.89746,3.89325,1,1.5
27.08.2021 00:54:37.073,3.8974699999999998,3.8932400000000005,1,1.5
27.08.2021 00:54:37.274,3.8974699999999998,3.8932400000000005,1,1.5
27.08.2021 00:54:40.719,3.8975400000000002,3.89319,1,1.5
27.08.2021 00:54:41.502,3.8975500000000003,3.8932400000000005,1,1.5
27.08.2021 00:54:44.242,3.8975400000000002,3.89319,1,1.5
27.08.2021 00:54:45.691,3.8975500000000003,3.8932400000000005,1,1.5
27.08.2021 00:54:45.894,3.8974699999999998,3.8932400000000005,1,1.5
27.08.2021 00:54:46.316,3.89746,3.89325,1,1.5
27.08.2021 00:54:47.542,3.8974699999999998,3.8933800000000005,1,1
27.08.2021 00:54:47.593,3.89746,3.89339,1,1.5
27.08.2021 00:54:50.496,3.8974699999999998,3.89339,1,1.5
27.08.2021 00:54:50.826,3.8974699999999998,3.89339,1,1
27.08.2021 00:54:51.090,3.8974699999999998,3.89339,1,1.5
27.08.2021 00:54:54.776,3.89771,3.8933800000000005,1,1.5
27.08.2021 00:54:54.978,3.89771,3.8933800000000005,1,1.5
27.08.2021 00:54:55.948,3.8977000000000004,3.89339,1,1.5
27.08.2021 00:54:57.517,3.89771,3.8933800000000005,1,1.5
27.08.2021 00:54:57.716,3.89771,3.8933800000000005,1,1.5
27.08.2021 00:54:58.121,3.89771,3.8933800000000005,1,1.5
27.08.2021 00:54:58.355,3.89771,3.8933800000000005,1,1.5
27.08.2021 00:54:59.345,3.89771,3.8933800000000005,1,1.5
27.08.2021 00:54:59.425,3.89771,3.8933800000000005,1,1.5
27.08.2021 00:54:59.674,3.89771,3.8933800000000005,1,1.5
27.08.2021 00:54:59.828,3.8977000000000004,3.89339,1,1.5
27.08.2021 00:55:00.030,3.89771,3.8933800000000005,1,1.5
27.08.2021 00:55:00.500,3.89771,3.8933800000000005,1,1.5
27.08.2021 00:55:01.336,3.89771,3.8933800000000005,1,1.5
27.08.2021 00:55:01.533,3.89771,3.8933800000000005,1,1.5
27.08.2021 00:55:02.145,3.89751,3.8933800000000005,1,1
27.08.2021 00:55:02.251,3.8975000000000004,3.8932400000000005,1,1.5
27.08.2021 00:55:02.351,3.8975000000000004,3.8932400000000005,1,1.5
27.08.2021 00:55:02.835,3.8974900000000003,3.89325,1,1.5
27.08.2021 00:55:03.873,3.8974900000000003,3.89325,1,1
27.08.2021 00:55:04.079,3.8974900000000003,3.89325,1,1.5
27.08.2021 00:55:04.297,3.8975000000000004,3.8932400000000005,1,1
27.08.2021 00:55:05.535,3.8972900000000004,3.8931500000000003,1,1.12
27.08.2021 00:55:10.112,3.89702,3.8931800000000005,1.5,1
27.08.2021 00:55:10.213,3.89691,3.8937500000000003,1,1
27.08.2021 00:55:10.340,3.8967400000000003,3.8936300000000004,1,1
27.08.2021 00:55:10.621,3.8967400000000003,3.8936300000000004,1,1
27.08.2021 00:55:11.283,3.8967400000000003,3.8936300000000004,1,1
27.08.2021 00:55:11.484,3.8967400000000003,3.8936300000000004,1,1
27.08.2021 00:55:13.717,3.8967400000000003,3.8936300000000004,1,1
27.08.2021 00:55:15.715,3.8967300000000007,3.8936400000000004,1,1
27.08.2021 00:55:16.065,3.8967400000000003,3.8936300000000004,1,1
27.08.2021 00:55:16.516,3.8967400000000003,3.8936300000000004,1,1
27.08.2021 00:55:17.110,3.89677,3.8936300000000004,1,1
27.08.2021 00:55:18.288,3.89677,3.8936300000000004,1,1
27.08.2021 00:55:36.916,3.89677,3.8936300000000004,1,1
27.08.2021 00:55:38.646,3.89676,3.8936400000000004,1,1
27.08.2021 00:55:39.986,3.89677,3.8936300000000004,1,1
27.08.2021 00:55:41.770,3.89677,3.8936300000000004,1,1
27.08.2021 00:56:14.017,3.8967,3.89356,1,1
27.08.2021 00:56:19.601,3.8967,3.89356,1,1
27.08.2021 00:56:50.139,3.8968400000000005,3.89371,1,1
27.08.2021 00:56:54.567,3.89697,3.89385,1,1
27.08.2021 00:57:05.908,3.8969800000000006,3.8938400000000004,1,1
27.08.2021 00:57:22.015,3.8971199999999997,3.8939800000000004,1,1
27.08.2021 00:57:54.817,3.8969800000000006,3.89381,1,1
27.08.2021 00:57:55.014,3.89697,3.89382,1,1
27.08.2021 00:58:00.186,3.89697,3.89382,1,1
27.08.2021 00:58:15.456,3.8968300000000005,3.89366,1,1
27.08.2021 00:58:22.640,3.89682,3.8936699999999997,1,1
27.08.2021 00:58:26.162,3.8968300000000005,3.89366,1,1
27.08.2021 00:58:26.367,3.89682,3.8936699999999997,1,1
27.08.2021 00:58:30.270,3.8968300000000005,3.89366,1,1
27.08.2021 00:58:34.294,3.8968300000000005,3.89366,1,1
27.08.2021 00:58:34.697,3.8968300000000005,3.89366,1,1
27.08.2021 00:58:35.610,3.89682,3.8936699999999997,1,1
27.08.2021 00:58:37.175,3.89682,3.8936699999999997,1,1
27.08.2021 00:58:57.331,3.8966900000000004,3.89352,1,1
27.08.2021 00:59:02.586,3.8966900000000004,3.89352,1,1
27.08.2021 00:59:03.438,3.8966800000000004,3.8935300000000006,1,1
27.08.2021 00:59:07.459,3.8966900000000004,3.89352,1,1
27.08.2021 00:59:08.177,3.8966900000000004,3.89352,1,1
27.08.2021 00:59:15.502,3.8966800000000004,3.8935300000000006,1,1
27.08.2021 00:59:17.301,3.8965199999999998,3.8933800000000005,1,1
27.08.2021 00:59:18.709,3.8963800000000006,3.89321,1,1
27.08.2021 00:59:19.723,3.8963800000000006,3.89321,1,1
27.08.2021 00:59:27.477,3.8963800000000006,3.89321,1,1
27.08.2021 00:59:29.829,3.8963800000000006,3.89321,1,1
27.08.2021 00:59:32.932,3.8963800000000006,3.89321,1,1
27.08.2021 00:59:38.725,3.89657,3.89352,1,1
27.08.2021 00:59:38.944,3.89656,3.8935300000000006,1,1
27.08.2021 00:59:56.172,3.8966800000000004,3.89352,1,1
27.08.2021 00:59:58.926,3.89667,3.8935300000000006,1,1
27.08.2021 00:59:59.139,3.8965300000000003,3.89337,1,1
27.08.2021 01:00:00.647,3.8965300000000003,3.89337,1,1
27.08.2021 01:00:00.854,3.8965300000000003,3.89337,1,1
27.08.2021 01:00:02.464,3.8965300000000003,3.89337,1,1
27.08.2021 01:00:02.589,3.8965300000000003,3.89337,1,1
27.08.2021 01:00:05.211,3.8965300000000003,3.89337,1,1
27.08.2021 01:00:07.639,3.8963900000000002,3.8932300000000004,1,1
27.08.2021 01:00:11.045,3.8963900000000002,3.8932300000000004,1,1
27.08.2021 01:00:15.157,3.8963900000000002,3.8932300000000004,1,1
27.08.2021 01:00:15.381,3.89626,3.8932300000000004,1,1
27.08.2021 01:00:33.260,3.89626,3.89322,1,1
27.08.2021 01:00:33.440,3.89637,3.8932300000000004,1,1
27.08.2021 01:00:43.744,3.89637,3.8932300000000004,1,1
27.08.2021 01:00:43.942,3.8963800000000006,3.89322,1,1
27.08.2021 01:00:44.143,3.8963800000000006,3.89322,1,1
27.08.2021 01:00:49.938,3.89637,3.8932300000000004,1,1
27.08.2021 01:00:52.497,3.8963800000000006,3.89322,1,1
27.08.2021 01:01:05.605,3.89624,3.8931,1,1
27.08.2021 01:01:20.139,3.89624,3.8931,1,1
27.08.2021 01:01:23.282,3.89624,3.8931,1,1
27.08.2021 01:01:23.488,3.8962300000000005,3.89311,1,1
27.08.2021 01:01:25.438,3.89624,3.8931,1,1
27.08.2021 01:01:38.194,3.89624,3.8931,1,1
27.08.2021 01:01:40.099,3.8960900000000005,3.89296,1,1
27.08.2021 01:01:48.448,3.8960900000000005,3.89296,1,1
27.08.2021 01:01:49.965,3.8960900000000005,3.89296,1,1
27.08.2021 01:01:55.254,3.8960900000000005,3.89296,1,1
27.08.2021 01:01:55.453,3.8960900000000005,3.89296,1,1
27.08.2021 01:01:56.558,3.8959699999999997,3.8928300000000005,1,1
27.08.2021 01:01:56.608,3.8959800000000007,3.89282,1,1
27.08.2021 01:02:01.194,3.8959800000000007,3.89282,1,1
27.08.2021 01:02:06.628,3.8959699999999997,3.8928300000000005,1,1
27.08.2021 01:02:10.924,3.89596,3.8928300000000005,1,1
27.08.2021 01:02:18.314,3.8959699999999997,3.89282,1,1
27.08.2021 01:02:47.754,3.8967199999999997,3.8929300000000007,1.6,1
27.08.2021 01:02:47.952,3.8968900000000004,3.8929199999999997,1.6,1
27.08.2021 01:03:00.393,3.89621,3.8930900000000004,1,1
27.08.2021 01:03:20.660,3.89635,3.89325,1,1
27.08.2021 01:04:14.348,3.8965199999999998,3.8935300000000006,1,1
27.08.2021 01:04:14.520,3.8966600000000002,3.89352,1,1
27.08.2021 01:04:24.204,3.89682,3.8936800000000007,1,1
27.08.2021 01:04:24.389,3.89682,3.8936800000000007,1,1
27.08.2021 01:04:24.590,3.89682,3.8936800000000007,1,1
27.08.2021 01:04:26.618,3.89681,3.8936900000000003,1,1
27.08.2021 01:04:27.151,3.89667,3.8935500000000003,1,1
27.08.2021 01:04:30.327,3.89667,3.8935400000000002,1,1
27.08.2021 01:04:30.536,3.8968000000000003,3.8936900000000003,1,1
27.08.2021 01:04:32.184,3.8969500000000004,3.8938300000000003,1,1
27.08.2021 01:04:33.502,3.89696,3.89382,1,1
27.08.2021 01:04:37.463,3.8969500000000004,3.8938300000000003,1,1
27.08.2021 01:04:38.637,3.8969500000000004,3.8938300000000003,1,1
27.08.2021 01:04:39.112,3.89696,3.89382,1,1
27.08.2021 01:05:35.788,3.8968900000000004,3.8937500000000003,1,1
27.08.2021 01:05:36.302,3.8968900000000004,3.8937500000000003,1,1
27.08.2021 01:06:03.062,3.8968900000000004,3.8937500000000003,1,1
27.08.2021 01:06:03.292,3.8967400000000003,3.8936300000000004,1,1
27.08.2021 01:06:08.458,3.8967400000000003,3.8936,1,1
27.08.2021 01:06:08.652,3.8967400000000003,3.8936,1,1
27.08.2021 01:06:11.894,3.8968800000000003,3.8937500000000003,1,1
27.08.2021 01:06:12.050,3.8968800000000003,3.8937500000000003,1,1
27.08.2021 01:06:23.313,3.8968800000000003,3.8937500000000003,1,1
27.08.2021 01:07:16.286,3.8968900000000004,3.8937800000000005,1,1
27.08.2021 01:07:26.855,3.8968900000000004,3.8937800000000005,1,1
27.08.2021 01:07:27.092,3.8969,3.89377,1,1
27.08.2021 01:07:35.096,3.8969,3.89377,1,1
27.08.2021 01:07:45.375,3.8969,3.89377,1,1
27.08.2021 01:07:59.627,3.8969,3.89377,1,1
27.08.2021 01:08:00.344,3.8968900000000004,3.8937800000000005,1,1
27.08.2021 01:08:03.505,3.8969,3.89377,1,1
27.08.2021 01:08:34.985,3.8976699999999997,3.8936400000000004,1.5,1.5
27.08.2021 01:08:43.936,3.89705,3.89391,1,1
27.08.2021 01:08:49.264,3.89705,3.89391,1,1
27.08.2021 01:09:01.638,3.89705,3.89391,1,1
27.08.2021 01:09:04.172,3.8970400000000005,3.89392,1,1
27.08.2021 01:10:04.725,3.89691,3.8943300000000005,1,1
27.08.2021 01:10:04.926,3.8969,3.8952199999999997,1,1
27.08.2021 01:10:05.027,3.8970300000000004,3.89527,1,1
27.08.2021 01:10:05.128,3.8975300000000006,3.8945800000000004,1.5,1
27.08.2021 01:10:05.228,3.8975300000000006,3.89454,1.5,1
27.08.2021 01:10:05.499,3.89786,3.8946500000000004,1,1
27.08.2021 01:10:05.650,3.89786,3.89477,1,1
27.08.2021 01:10:06.084,3.89786,3.8946400000000003,1,1
27.08.2021 01:10:06.300,3.89786,3.89476,1,1
27.08.2021 01:10:06.488,3.89786,3.89466,1,1
27.08.2021 01:10:06.689,3.89786,3.89475,1,1
27.08.2021 01:10:06.896,3.89785,3.8947000000000003,1,1
27.08.2021 01:10:07.051,3.89786,3.89469,1,1
27.08.2021 01:10:09.120,3.89762,3.89481,1.5,1
27.08.2021 01:10:09.221,3.89762,3.89471,1.5,1
27.08.2021 01:10:09.595,3.89762,3.89471,1.5,1
27.08.2021 01:10:09.867,3.89762,3.89471,1.5,1
27.08.2021 01:10:10.259,3.89762,3.89471,1.5,1
27.08.2021 01:10:10.367,3.89762,3.8948,1.5,1
27.08.2021 01:10:12.659,3.8997900000000003,3.8948,1.6,1
27.08.2021 01:10:13.103,3.8997800000000007,3.89481,1.6,1
27.08.2021 01:10:13.261,3.8997900000000003,3.8948,1.6,1
27.08.2021 01:10:17.940,3.8997900000000003,3.8948,1.6,1
27.08.2021 01:10:18.193,3.8995300000000004,3.89472,1.6,1
27.08.2021 01:10:27.313,3.89931,3.89455,1.6,1
27.08.2021 01:10:28.086,3.8973500000000003,3.8945600000000002,1,1
27.08.2021 01:10:30.508,3.8973400000000002,3.8945600000000002,1,1.12
27.08.2021 01:10:41.818,3.8973500000000003,3.89466,1,1
27.08.2021 01:11:01.610,3.8973500000000003,3.89466,1,1
27.08.2021 01:11:13.715,3.8973500000000003,3.89466,1,1
27.08.2021 01:11:19.626,3.8973500000000003,3.89466,1,1
27.08.2021 01:11:38.206,3.89732,3.89466,1,1
27.08.2021 01:11:45.449,3.89732,3.8945000000000003,1,1
27.08.2021 01:11:49.642,3.8970800000000003,3.8945000000000003,1,1
27.08.2021 01:11:49.824,3.89707,3.89451,1,1
27.08.2021 01:11:50.540,3.8970800000000003,3.8943000000000003,1,1
27.08.2021 01:12:53.772,3.89691,3.8943000000000003,1,1
27.08.2021 01:13:30.984,3.8968900000000004,3.8943000000000003,1,1
27.08.2021 01:13:31.182,3.8968900000000004,3.8943000000000003,1,1
27.08.2021 01:14:06.221,3.8984800000000006,3.89411,1.5,1
27.08.2021 01:14:06.372,3.89676,3.8941000000000003,1,1
27.08.2021 01:14:06.936,3.89657,3.89411,1,1
27.08.2021 01:14:07.981,3.89657,3.89411,1,1
27.08.2021 01:14:24.333,3.8964300000000005,3.89391,1,1
27.08.2021 01:14:24.493,3.89644,3.8939000000000004,1,1
27.08.2021 01:14:29.985,3.89644,3.8939000000000004,1,1
27.08.2021 01:14:40.485,3.89644,3.8939000000000004,1,1
27.08.2021 01:14:47.931,3.8964300000000005,3.89391,1,1
27.08.2021 01:15:03.642,3.89657,3.89391,1,1
27.08.2021 01:15:07.078,3.89657,3.89391,1,1
27.08.2021 01:15:17.469,3.8964300000000005,3.8939000000000004,1,1
27.08.2021 01:15:42.752,3.8964300000000005,3.8939000000000004,1,1
27.08.2021 01:15:42.864,3.89626,3.8937000000000004,1,1
27.08.2021 01:15:42.915,3.89626,3.8937000000000004,1,1
27.08.2021 01:16:01.721,3.89625,3.89371,1,1
27.08.2021 01:16:02.090,3.89626,3.89394,1,1
27.08.2021 01:16:02.349,3.89625,3.8939500000000002,1,1
27.08.2021 01:16:07.334,3.89625,3.8939500000000002,1,1
27.08.2021 01:16:15.988,3.89626,3.89394,1,1
27.08.2021 01:16:18.112,3.89625,3.8939500000000002,1,1
27.08.2021 01:16:27.974,3.89625,3.8939500000000002,1,1
27.08.2021 01:16:31.195,3.89625,3.8939500000000002,1,1
27.08.2021 01:16:33.586,3.89626,3.89394,1,1
27.08.2021 01:17:13.719,3.8963800000000006,3.89394,1,1
27.08.2021 01:17:16.740,3.8963800000000006,3.89394,1,1
27.08.2021 01:17:48.410,3.8964000000000003,3.89394,1,1
27.08.2021 01:17:48.623,3.89624,3.8939500000000002,1,1
27.08.2021 01:17:48.847,3.89625,3.89394,1,1
27.08.2021 01:17:50.381,3.89625,3.89394,1,1
27.08.2021 01:17:50.581,3.89625,3.89394,1,1
27.08.2021 01:18:04.553,3.89625,3.89371,1,1
27.08.2021 01:18:04.654,3.89625,3.89371,1,1
27.08.2021 01:18:19.603,3.89625,3.89371,1,1
27.08.2021 01:18:19.802,3.89625,3.89371,1,1
27.08.2021 01:18:19.980,3.89624,3.89372,1,1
27.08.2021 01:18:57.034,3.89626,3.89372,1,1
27.08.2021 01:18:58.173,3.89627,3.89371,1,1
27.08.2021 01:19:05.010,3.8961300000000003,3.89371,1,1
27.08.2021 01:19:48.022,3.8962800000000004,3.89371,1,1
27.08.2021 01:19:50.394,3.8962800000000004,3.89371,1,1
27.08.2021 01:20:06.277,3.89612,3.89372,1,1
27.08.2021 01:20:28.953,3.8961300000000003,3.8935000000000004,1,1
27.08.2021 01:20:29.128,3.89612,3.89351,1,1
27.08.2021 01:20:37.161,3.8960000000000004,3.8935000000000004,1,1
27.08.2021 01:20:39.647,3.8960000000000004,3.8935000000000004,1,1
27.08.2021 01:20:49.519,3.8959900000000003,3.89351,1,1
27.08.2021 01:20:53.510,3.8960000000000004,3.8935000000000004,1,1
27.08.2021 01:20:59.472,3.8959900000000003,3.89351,1,1
27.08.2021 01:20:59.877,3.8960000000000004,3.8935000000000004,1,1
27.08.2021 01:21:03.968,3.8960000000000004,3.8935000000000004,1,1
27.08.2021 01:21:08.275,3.89615,3.89351,1,1
27.08.2021 01:21:09.447,3.89616,3.89374,1,1
27.08.2021 01:21:32.883,3.89616,3.89374,1,1
27.08.2021 01:21:35.084,3.8963,3.89374,1,1
27.08.2021 01:21:40.294,3.8963,3.89374,1,1
27.08.2021 01:21:45.297,3.8963,3.89374,1,1
27.08.2021 01:21:47.922,3.89645,3.8939000000000004,1,1
27.08.2021 01:21:48.056,3.89644,3.89391,1,1
27.08.2021 01:21:53.941,3.89645,3.8939000000000004,1,1
27.08.2021 01:21:54.953,3.89645,3.8939000000000004,1,1
27.08.2021 01:21:59.229,3.89644,3.89391,1,1
27.08.2021 01:22:05.577,3.89645,3.8939000000000004,1,1
27.08.2021 01:22:08.066,3.89645,3.8939000000000004,1,1
27.08.2021 01:22:46.286,3.89644,3.89391,1,1
27.08.2021 01:23:06.734,3.89642,3.8939000000000004,1,1
27.08.2021 01:23:22.314,3.89642,3.8939000000000004,1,1
27.08.2021 01:23:48.468,3.89626,3.89391,1,1
27.08.2021 01:23:54.441,3.89642,3.8939000000000004,1,1
27.08.2021 01:23:59.076,3.89656,3.8939000000000004,1,1
27.08.2021 01:23:59.460,3.8965500000000004,3.8941800000000004,1,1
27.08.2021 01:24:15.940,3.89656,3.89417,1,1
27.08.2021 01:24:30.620,3.89656,3.89417,1,1
27.08.2021 01:24:33.336,3.89656,3.89417,1,1
27.08.2021 01:24:33.573,3.8965500000000004,3.8941800000000004,1,1
27.08.2021 01:24:39.711,3.8967,3.8941800000000004,1,1
27.08.2021 01:25:05.122,3.8967199999999997,3.89417,1,1
27.08.2021 01:25:10.405,3.89656,3.89417,1,1
27.08.2021 01:25:11.318,3.89656,3.89417,1,1
27.08.2021 01:25:14.343,3.8965500000000004,3.8941800000000004,1,1
27.08.2021 01:25:44.459,3.89656,3.89417,1,1
27.08.2021 01:25:44.891,3.89656,3.89417,1,1
27.08.2021 01:25:52.085,3.89656,3.89417,1,1
27.08.2021 01:26:02.528,3.89656,3.89394,1,1
27.08.2021 01:26:02.779,3.89641,3.89394,1,1
27.08.2021 01:26:03.182,3.89625,3.89394,1,1
27.08.2021 01:26:07.672,3.89625,3.89394,1,1
27.08.2021 01:26:07.913,3.89624,3.8939500000000002,1,1
27.08.2021 01:26:43.222,3.89625,3.89371,1,1
27.08.2021 01:26:53.616,3.89625,3.89371,1,1
27.08.2021 01:26:54.084,3.89625,3.89371,1,1
27.08.2021 01:27:12.827,3.89625,3.89371,1,1
27.08.2021 01:27:22.867,3.8963800000000006,3.8939500000000002,1,1
27.08.2021 01:27:23.263,3.8963900000000002,3.89394,1,1
27.08.2021 01:27:26.745,3.8965400000000003,3.89394,1,1
27.08.2021 01:27:52.822,3.8965400000000003,3.89394,1,1
27.08.2021 01:28:00.837,3.8965400000000003,3.89394,1,1
27.08.2021 01:28:23.305,3.8965400000000003,3.89394,1,1
27.08.2021 01:28:39.876,3.89657,3.89394,1,1
27.08.2021 01:29:18.561,3.8964300000000005,3.89394,1,1
27.08.2021 01:29:52.892,3.8965,3.89394,1,1
27.08.2021 01:29:58.185,3.8965,3.89394,1,1
27.08.2021 01:29:58.609,3.8964900000000005,3.8939500000000002,1,1
27.08.2021 01:30:02.245,3.8964600000000003,3.89394,1,1
27.08.2021 01:30:02.455,3.89645,3.8939500000000002,1,1
27.08.2021 01:30:02.734,3.89645,3.8939500000000002,1,1
27.08.2021 01:30:02.889,3.89645,3.8939500000000002,1,1
27.08.2021 01:30:10.989,3.8964600000000003,3.89394,1,1
27.08.2021 01:30:16.334,3.89645,3.8939500000000002,1,1
27.08.2021 01:30:24.521,3.8964600000000003,3.89394,1,1
27.08.2021 01:30:40.556,3.89645,3.8939500000000002,1,1
27.08.2021 01:31:02.429,3.8963900000000002,3.89394,1,1
27.08.2021 01:31:04.819,3.8963900000000002,3.89394,1,1
27.08.2021 01:31:08.450,3.8963900000000002,3.89394,1,1
27.08.2021 01:31:10.600,3.8963800000000006,3.8939500000000002,1,1
27.08.2021 01:31:10.841,3.8963800000000006,3.8939500000000002,1,1
27.08.2021 01:31:37.258,3.8963900000000002,3.89394,1,1
27.08.2021 01:31:42.605,3.8963900000000002,3.89394,1,1
27.08.2021 01:31:43.820,3.89624,3.8937500000000003,1,1
27.08.2021 01:31:44.002,3.89624,3.8937500000000003,1,1
27.08.2021 01:31:44.760,3.89624,3.8937500000000003,1,1
27.08.2021 01:31:49.060,3.89625,3.89374,1,1
27.08.2021 01:31:52.486,3.89625,3.89374,1,1
27.08.2021 01:32:02.200,3.89625,3.89374,1,1
27.08.2021 01:32:17.818,3.89625,3.89374,1,1
27.08.2021 01:32:54.299,3.8962300000000005,3.89374,1,1
27.08.2021 01:32:54.501,3.8962300000000005,3.89374,1,1
27.08.2021 01:32:56.402,3.8962300000000005,3.89374,1,1
27.08.2021 01:32:56.725,3.8962300000000005,3.89374,1,1
27.08.2021 01:32:58.301,3.8962300000000005,3.89374,1,1
27.08.2021 01:33:00.683,3.89622,3.8937500000000003,1,1
27.08.2021 01:33:01.674,3.8962300000000005,3.89374,1,1
27.08.2021 01:33:13.957,3.8962300000000005,3.89374,1,1
27.08.2021 01:33:38.665,3.89622,3.8937500000000003,1,1
27.08.2021 01:33:40.849,3.89606,3.8937500000000003,1,1
27.08.2021 01:33:43.812,3.89621,3.89374,1,1
27.08.2021 01:33:51.033,3.89621,3.89374,1,1
27.08.2021 01:33:51.436,3.89621,3.89374,1,1
27.08.2021 01:34:23.829,3.8962000000000003,3.8937500000000003,1,1
27.08.2021 01:34:32.640,3.89636,3.89374,1,1
27.08.2021 01:34:42.503,3.89622,3.89374,1,1
27.08.2021 01:34:42.554,3.89622,3.8935500000000003,1,1
27.08.2021 01:34:42.705,3.8959800000000007,3.8935500000000003,1,1
27.08.2021 01:34:42.904,3.8959800000000007,3.8935500000000003,1,1
27.08.2021 01:34:50.342,3.8959800000000007,3.8935500000000003,1,1
27.08.2021 01:34:50.392,3.8959800000000007,3.8933800000000005,1,1
27.08.2021 01:35:00.803,3.89581,3.8933800000000005,1,1
27.08.2021 01:35:02.240,3.89581,3.8933800000000005,1,1
27.08.2021 01:35:16.444,3.89581,3.8933800000000005,1,1
27.08.2021 01:35:41.398,3.89581,3.8933800000000005,1,1
27.08.2021 01:35:45.177,3.89581,3.8933800000000005,1,1
27.08.2021 01:36:23.267,3.89575,3.8933800000000005,1,1
27.08.2021 01:36:28.698,3.89575,3.8933800000000005,1,1
27.08.2021 01:36:49.193,3.89575,3.8933800000000005,1,1
27.08.2021 01:36:49.943,3.89575,3.8933800000000005,1,1
27.08.2021 01:36:55.711,3.89575,3.8931800000000005,1,1
27.08.2021 01:36:55.761,3.8957400000000004,3.89319,1,1
27.08.2021 01:36:56.820,3.8956000000000004,3.8931800000000005,1,1
27.08.2021 01:37:16.769,3.8956000000000004,3.89302,1,1
27.08.2021 01:37:29.405,3.89546,3.89302,1,1
27.08.2021 01:37:29.565,3.89546,3.89302,1,1
27.08.2021 01:37:42.718,3.8954500000000003,3.8930300000000004,1,1
27.08.2021 01:37:45.130,3.89546,3.89302,1,1
27.08.2021 01:37:45.606,3.89546,3.89302,1,1
27.08.2021 01:38:04.819,3.8954500000000003,3.8930300000000004,1,1
27.08.2021 01:38:25.583,3.89546,3.89302,1,1
27.08.2021 01:38:25.707,3.8954500000000003,3.8930300000000004,1,1
27.08.2021 01:38:29.295,3.89546,3.89302,1,1
27.08.2021 01:38:32.153,3.8955699999999998,3.89319,1,1
27.08.2021 01:38:32.204,3.8955800000000003,3.8931800000000005,1,1
27.08.2021 01:38:47.222,3.8955800000000003,3.8930900000000004,1,1
27.08.2021 01:39:04.071,3.8955800000000003,3.8930900000000004,1,1
27.08.2021 01:39:45.356,3.8955900000000003,3.89282,1,1
27.08.2021 01:39:45.406,3.8955900000000003,3.89282,1,1
27.08.2021 01:39:59.584,3.8952800000000005,3.89282,1,1
27.08.2021 01:40:00.017,3.8952800000000005,3.89282,1,1
27.08.2021 01:40:05.120,3.89527,3.89267,1,1
27.08.2021 01:40:06.036,3.89527,3.89267,1,1
27.08.2021 01:40:08.952,3.89527,3.89277,1,1
27.08.2021 01:40:10.176,3.89527,3.89277,1,1
27.08.2021 01:40:14.125,3.89527,3.89277,1,1
27.08.2021 01:40:33.354,3.8952800000000005,3.89276,1,1
27.08.2021 01:40:35.890,3.89542,3.89276,1,1
27.08.2021 01:40:36.092,3.89542,3.89276,1,1
27.08.2021 01:40:41.833,3.89541,3.89276,1,1
27.08.2021 01:42:08.393,3.8954400000000002,3.8929500000000004,1,1
27.08.2021 01:42:08.501,3.8954400000000002,3.8929500000000004,1,1
27.08.2021 01:42:14.942,3.8954400000000002,3.8929500000000004,1,1
27.08.2021 01:42:18.657,3.8957100000000002,3.89316,1,1
27.08.2021 01:42:18.724,3.8957100000000002,3.89316,1,1
27.08.2021 01:42:34.072,3.8957400000000004,3.8931500000000003,1,1
27.08.2021 01:42:46.080,3.8958800000000005,3.89332,1,1
27.08.2021 01:42:46.183,3.8958900000000005,3.89331,1,1
27.08.2021 01:42:54.705,3.89575,3.89331,1,1
27.08.2021 01:43:02.948,3.8957400000000004,3.89316,1,1
27.08.2021 01:43:06.027,3.89575,3.8931500000000003,1,1
27.08.2021 01:43:10.260,3.89575,3.8931500000000003,1,1
27.08.2021 01:43:10.688,3.8956000000000004,3.8931500000000003,1,1
27.08.2021 01:44:19.189,3.8956500000000003,3.8931500000000003,1,1
27.08.2021 01:45:00.887,3.8956500000000003,3.8931500000000003,1,1
27.08.2021 01:45:14.320,3.8955900000000003,3.8931500000000003,1,1
27.08.2021 01:45:14.371,3.8955900000000003,3.8929500000000004,1,1
27.08.2021 01:45:21.216,3.8954300000000006,3.89296,1,1
27.08.2021 01:45:47.803,3.8954400000000002,3.8929500000000004,1,1
27.08.2021 01:45:50.625,3.8954400000000002,3.8927800000000006,1,1
27.08.2021 01:45:59.782,3.8954400000000002,3.8927800000000006,1,1
27.08.2021 01:45:59.982,3.8954400000000002,3.8927800000000006,1,1
27.08.2021 01:46:01.785,3.8954400000000002,3.8927800000000006,1,1
27.08.2021 01:46:25.482,3.89546,3.8927800000000006,1,1
27.08.2021 01:46:25.697,3.8954300000000006,3.8927800000000006,1,1
27.08.2021 01:46:31.534,3.8952500000000003,3.8927800000000006,1,1
27.08.2021 01:46:32.106,3.8952400000000003,3.89279,1,1
27.08.2021 01:46:46.197,3.8952500000000003,3.8927800000000006,1,1
27.08.2021 01:46:47.995,3.8952500000000003,3.8925800000000006,1,1
27.08.2021 01:46:48.205,3.8952500000000003,3.8925800000000006,1,1
27.08.2021 01:46:57.428,3.8952500000000003,3.8925800000000006,1,1
27.08.2021 01:47:24.438,3.8952500000000003,3.8925800000000006,1,1
27.08.2021 01:47:24.488,3.8952400000000003,3.89276,1,1
27.08.2021 01:47:40.748,3.89532,3.8927500000000004,1,1
27.08.2021 01:47:45.288,3.8954800000000005,3.89276,1,1
27.08.2021 01:48:24.945,3.89549,3.89291,1,1
27.08.2021 01:48:25.775,3.89549,3.89291,1,1
27.08.2021 01:48:30.457,3.89549,3.89291,1,1
27.08.2021 01:48:30.776,3.8954800000000005,3.8929199999999997,1,1
27.08.2021 01:48:50.255,3.8954300000000006,3.89291,1,1
27.08.2021 01:48:56.943,3.8954300000000006,3.89291,1,1
27.08.2021 01:48:57.057,3.8954300000000006,3.89291,1,1
27.08.2021 01:49:04.249,3.89542,3.8929199999999997,1,1
27.08.2021 01:49:24.200,3.89542,3.89276,1,1
27.08.2021 01:49:25.055,3.8954300000000006,3.8927500000000004,1,1
27.08.2021 01:49:28.618,3.89527,3.89276,1,1
27.08.2021 01:49:38.114,3.8952800000000005,3.8925800000000006,1,1
27.08.2021 01:49:38.215,3.8951400000000005,3.8925800000000006,1,1
27.08.2021 01:50:11.345,3.8951400000000005,3.8925800000000006,1,1
27.08.2021 01:50:12.066,3.8951400000000005,3.89236,1,1
27.08.2021 01:50:18.082,3.8949800000000003,3.89237,1,1
27.08.2021 01:50:24.088,3.8949900000000004,3.89236,1,1
27.08.2021 01:50:25.866,3.8949900000000004,3.89236,1,1
27.08.2021 01:50:25.967,3.8949900000000004,3.89236,1,1
27.08.2021 01:50:26.643,3.8949800000000003,3.89237,1,1
27.08.2021 01:50:43.724,3.8949900000000004,3.89236,1,1
27.08.2021 01:50:56.736,3.8949800000000003,3.89237,1,1
27.08.2021 01:51:05.931,3.8949800000000003,3.89237,1,1
27.08.2021 01:51:07.217,3.8949900000000004,3.89236,1,1
27.08.2021 01:51:07.584,3.8949900000000004,3.89236,1,1
27.08.2021 01:51:16.498,3.8949800000000003,3.89237,1,1
27.08.2021 01:51:56.521,3.89507,3.89236,1,1
27.08.2021 01:52:15.878,3.89507,3.89236,1,1
27.08.2021 01:53:01.400,3.89521,3.89236,1,1.5
27.08.2021 01:53:03.815,3.8952,3.89237,1,1
27.08.2021 01:53:11.525,3.8952,3.89237,1,1.5
27.08.2021 01:53:16.556,3.89521,3.89237,1,1
27.08.2021 01:53:20.319,3.8952199999999997,3.89236,1,1.5
27.08.2021 01:53:43.608,3.8952199999999997,3.89236,1,1
27.08.2021 01:53:53.748,3.8952199999999997,3.89236,1,1
27.08.2021 01:54:02.258,3.89521,3.89237,1,1.5
27.08.2021 01:54:06.416,3.8952199999999997,3.8925800000000006,1,1
27.08.2021 01:54:07.545,3.89535,3.89259,1,1
27.08.2021 01:54:48.227,3.89536,3.8925800000000006,1,1.5
27.08.2021 01:54:49.146,3.89535,3.89259,1,1
27.08.2021 01:55:01.510,3.89535,3.89279,1,1
27.08.2021 01:55:01.560,3.89536,3.8927800000000006,1,1
27.08.2021 01:55:01.661,3.8955,3.89279,1,1
27.08.2021 01:55:22.495,3.8955,3.89279,1,1.5
27.08.2021 01:55:28.242,3.89564,3.8928900000000004,1,1
27.08.2021 01:55:28.600,3.8956500000000003,3.8928800000000003,1,1
27.08.2021 01:55:34.759,3.8956500000000003,3.8928800000000003,1,1
27.08.2021 01:55:43.289,3.8954400000000002,3.8926900000000004,1,1.5
27.08.2021 01:55:43.506,3.89541,3.8926800000000004,1,1
27.08.2021 01:55:45.484,3.89541,3.8926800000000004,1,1
27.08.2021 01:55:50.380,3.89541,3.89271,1,1
27.08.2021 01:56:37.703,3.8954,3.8927199999999997,1,1
27.08.2021 01:57:26.171,3.8953300000000004,3.89271,1,1
27.08.2021 01:57:27.429,3.89532,3.8927199999999997,1,1
27.08.2021 01:57:41.499,3.8953300000000004,3.89271,1,1
27.08.2021 01:58:02.779,3.8952500000000003,3.89271,1,1
27.08.2021 01:59:03.444,3.89527,3.89271,1,1
27.08.2021 02:00:08.115,3.8953800000000003,3.8927199999999997,1,1
27.08.2021 02:00:10.650,3.8953800000000003,3.8929500000000004,1,1
27.08.2021 02:00:11.742,3.8953800000000003,3.8929500000000004,1,1
27.08.2021 02:00:13.986,3.8953900000000004,3.8929400000000003,1,1
27.08.2021 02:00:21.568,3.8953900000000004,3.8927400000000003,1,1
27.08.2021 02:00:21.645,3.8953800000000003,3.8927500000000004,1,1
27.08.2021 02:00:21.789,3.8953800000000003,3.8927500000000004,1,1
27.08.2021 02:00:27.114,3.8952500000000003,3.8927400000000003,1,1
27.08.2021 02:00:41.000,3.8952400000000003,3.8925500000000004,1,1
27.08.2021 02:00:41.051,3.8952400000000003,3.8925500000000004,1,1
27.08.2021 02:01:50.701,3.89491,3.89256,1,1
27.08.2021 02:01:50.881,3.89491,3.89235,1,1
27.08.2021 02:01:51.062,3.89492,3.8923400000000004,1,1
27.08.2021 02:01:52.479,3.89477,3.8923400000000004,1,1
27.08.2021 02:01:52.530,3.89477,3.8921400000000004,1,1
27.08.2021 02:01:58.423,3.8946199999999997,3.8921400000000004,1,1
27.08.2021 02:02:00.275,3.8946199999999997,3.8921400000000004,1,1
27.08.2021 02:02:04.040,3.8946199999999997,3.8921400000000004,1,1
27.08.2021 02:02:25.074,3.8946199999999997,3.8921400000000004,1,1
27.08.2021 02:02:25.998,3.8946199999999997,3.8921400000000004,1,1
27.08.2021 02:03:02.677,3.8944400000000003,3.8918800000000005,1,1
27.08.2021 02:03:16.012,3.8944400000000003,3.8918800000000005,1,1
27.08.2021 02:03:19.594,3.8944400000000003,3.8918800000000005,1,1
27.08.2021 02:03:24.198,3.8944400000000003,3.8918800000000005,1,1
27.08.2021 02:03:25.604,3.8944400000000003,3.89162,1,1
27.08.2021 02:03:27.246,3.8942900000000003,3.89162,1,1
27.08.2021 02:03:27.428,3.8942900000000003,3.89162,1,1
27.08.2021 02:03:30.705,3.8942900000000003,3.89162,1,1
27.08.2021 02:03:34.663,3.8942900000000003,3.89162,1,1
27.08.2021 02:03:47.288,3.8942900000000003,3.89162,1,1
27.08.2021 02:03:47.839,3.8941500000000002,3.89162,1,1
27.08.2021 02:03:47.889,3.8941500000000002,3.8914800000000005,1,1
27.08.2021 02:04:37.103,3.89414,3.89149,1,1
27.08.2021 02:04:56.592,3.89401,3.8914800000000005,1,1
27.08.2021 02:04:58.849,3.89401,3.8914800000000005,1,1
27.08.2021 02:05:04.451,3.89401,3.8914800000000005,1,1
27.08.2021 02:05:11.557,3.894,3.89149,1,1
27.08.2021 02:05:14.910,3.89401,3.8914800000000005,1,1
27.08.2021 02:05:16.405,3.89401,3.8914800000000005,1,1
27.08.2021 02:05:27.123,3.89401,3.8914800000000005,1,1
27.08.2021 02:05:30.558,3.89401,3.8914800000000005,1,1
27.08.2021 02:05:35.721,3.89401,3.8914800000000005,1,1
27.08.2021 02:05:36.181,3.89401,3.8914800000000005,1,1
27.08.2021 02:05:40.944,3.89401,3.8914800000000005,1,1
27.08.2021 02:05:43.036,3.89401,3.8914800000000005,1,1
27.08.2021 02:05:44.854,3.89401,3.8914800000000005,1,1
27.08.2021 02:05:53.199,3.89414,3.8914800000000005,1,1
27.08.2021 02:05:58.776,3.89414,3.8914800000000005,1,1
27.08.2021 02:05:59.018,3.89414,3.8914800000000005,1,1
27.08.2021 02:05:59.428,3.8939900000000005,3.8914800000000005,1,1
27.08.2021 02:06:11.427,3.8939900000000005,3.8914800000000005,1,1
27.08.2021 02:06:36.948,3.8939800000000004,3.89149,1,1
27.08.2021 02:06:46.110,3.8939900000000005,3.89132,1,1
27.08.2021 02:06:46.316,3.8938300000000003,3.8913300000000004,1,1
27.08.2021 02:06:50.940,3.8938400000000004,3.89132,1,1
27.08.2021 02:06:51.041,3.8937000000000004,3.8910800000000005,1,1
27.08.2021 02:06:51.945,3.8937000000000004,3.8910800000000005,1,1
27.08.2021 02:06:55.177,3.8936900000000003,3.89109,1,1
27.08.2021 02:06:57.672,3.8936900000000003,3.89109,1,1
27.08.2021 02:06:57.875,3.8935300000000006,3.8910800000000005,1,1
27.08.2021 02:07:00.213,3.89352,3.89109,1,1
27.08.2021 02:07:19.016,3.89366,3.8911800000000003,1,1
27.08.2021 02:07:19.117,3.89366,3.8911800000000003,1,1
27.08.2021 02:07:20.446,3.89366,3.8911800000000003,1,1
27.08.2021 02:07:30.657,3.89381,3.8911800000000003,1,1
27.08.2021 02:08:03.933,3.8938,3.8911900000000004,1,1
27.08.2021 02:08:44.992,3.8937500000000003,3.8911900000000004,1,1
27.08.2021 02:08:55.241,3.8938900000000003,3.8914300000000006,1,1
27.08.2021 02:08:55.441,3.8939000000000004,3.89142,1,1
27.08.2021 02:08:55.906,3.8939000000000004,3.89142,1,1
27.08.2021 02:08:56.100,3.8939000000000004,3.89142,1,1
27.08.2021 02:09:07.712,3.8938900000000003,3.8914300000000006,1,1
27.08.2021 02:09:26.526,3.8940300000000003,3.8914300000000006,1,1
27.08.2021 02:09:26.713,3.89405,3.89142,1,1
27.08.2021 02:09:45.588,3.89405,3.89162,1,1
27.08.2021 02:09:45.639,3.8941900000000005,3.89162,1,1
27.08.2021 02:09:49.184,3.8942,3.89162,1,1
27.08.2021 02:10:17.945,3.8942,3.89162,1,1
27.08.2021 02:10:36.604,3.8942,3.89162,1,1
27.08.2021 02:10:40.739,3.8942,3.89162,1,1
27.08.2021 02:11:02.589,3.8942900000000003,3.89176,1,1
27.08.2021 02:11:14.247,3.8942900000000003,3.89176,1,1
27.08.2021 02:11:15.405,3.8943000000000003,3.89175,1,1
27.08.2021 02:11:39.365,3.89416,3.89175,1,1
27.08.2021 02:11:40.226,3.89416,3.89152,1,1
27.08.2021 02:11:40.406,3.89401,3.8915300000000004,1,1
27.08.2021 02:12:12.015,3.89402,3.89152,1,1
27.08.2021 02:12:12.349,3.89401,3.8915300000000004,1,1
27.08.2021 02:12:18.633,3.89417,3.89152,1,1
27.08.2021 02:12:18.848,3.89417,3.89152,1,1
27.08.2021 02:12:19.838,3.89416,3.8916900000000005,1,1
27.08.2021 02:12:19.948,3.89417,3.8916800000000005,1,1
27.08.2021 02:12:23.998,3.89417,3.8916800000000005,1,1
27.08.2021 02:12:29.176,3.89417,3.8915699999999998,1,1
27.08.2021 02:12:40.827,3.89417,3.8915699999999998,1,1
27.08.2021 02:12:41.028,3.89417,3.8915699999999998,1,1
27.08.2021 02:12:47.089,3.89417,3.8915699999999998,1,1
27.08.2021 02:12:58.856,3.89432,3.8915699999999998,1,1
27.08.2021 02:13:03.606,3.89432,3.8917400000000004,1,1
27.08.2021 02:13:03.794,3.89447,3.8917400000000004,1,1
27.08.2021 02:13:16.232,3.89446,3.89175,1,1
27.08.2021 02:13:30.243,3.89447,3.89164,1,1
27.08.2021 02:13:30.433,3.8942900000000003,3.89164,1,1
27.08.2021 02:13:31.470,3.8942900000000003,3.89164,1,1
27.08.2021 02:13:34.324,3.8942800000000006,3.8916500000000003,1,1
27.08.2021 02:13:34.725,3.8942900000000003,3.89164,1,1
27.08.2021 02:13:51.544,3.8944300000000003,3.89164,1,1
27.08.2021 02:13:51.745,3.8944300000000003,3.89164,1,1
27.08.2021 02:13:52.085,3.8944199999999998,3.8916500000000003,1,1
27.08.2021 02:14:25.220,3.8944300000000003,3.8918000000000004,1,1
27.08.2021 02:14:41.100,3.8945900000000004,3.8918000000000004,1,1
27.08.2021 02:14:41.251,3.8945800000000004,3.8919800000000007,1,1
27.08.2021 02:14:45.780,3.8945900000000004,3.8919699999999997,1,1
27.08.2021 02:14:50.647,3.8945800000000004,3.8919800000000007,1,1
27.08.2021 02:14:50.698,3.8945900000000004,3.8918000000000004,1,1
27.08.2021 02:14:59.978,3.8945900000000004,3.8918000000000004,1,1
27.08.2021 02:15:12.873,3.8945900000000004,3.8918000000000004,1,1
27.08.2021 02:15:21.852,3.8945800000000004,3.89181,1,1
27.08.2021 02:15:28.343,3.8945900000000004,3.8918000000000004,1,1
27.08.2021 02:15:32.450,3.8945900000000004,3.8918000000000004,1,1
27.08.2021 02:15:37.754,3.8945900000000004,3.8918000000000004,1,1
27.08.2021 02:15:40.138,3.8945800000000004,3.89181,1,1
27.08.2021 02:15:43.881,3.8944900000000002,3.8918000000000004,1,1
27.08.2021 02:15:44.444,3.8944900000000002,3.8918000000000004,1,1
27.08.2021 02:15:44.565,3.8946400000000003,3.8919699999999997,1,1
27.08.2021 02:16:05.129,3.8946300000000003,3.8919800000000007,1,1
27.08.2021 02:16:07.147,3.8946300000000003,3.8919800000000007,1,1
27.08.2021 02:16:26.898,3.8946300000000003,3.8919800000000007,1,1
27.08.2021 02:16:38.325,3.89447,3.8919800000000007,1,1
27.08.2021 02:16:40.589,3.8944800000000006,3.8918000000000004,1,1
27.08.2021 02:17:02.154,3.89447,3.89181,1,1
27.08.2021 02:17:04.643,3.8944800000000006,3.8918000000000004,1,1
27.08.2021 02:17:13.765,3.8946300000000003,3.8919699999999997,1,1
27.08.2021 02:17:15.313,3.8946300000000003,3.8919699999999997,1,1
27.08.2021 02:17:22.087,3.8946300000000003,3.8919699999999997,1,1
27.08.2021 02:17:45.059,3.8946300000000003,3.8919699999999997,1,1
27.08.2021 02:17:45.262,3.8946199999999997,3.8919800000000007,1,1
27.08.2021 02:17:46.260,3.8946300000000003,3.8919699999999997,1,1
27.08.2021 02:17:58.699,3.8946300000000003,3.8919699999999997,1,1
27.08.2021 02:17:59.048,3.8946300000000003,3.8919699999999997,1,1
27.08.2021 02:18:12.541,3.8947900000000004,3.8919800000000007,1,1
27.08.2021 02:19:13.183,3.8946400000000003,3.8919699999999997,1,1
27.08.2021 02:19:25.094,3.8946400000000003,3.8919699999999997,1,1
27.08.2021 02:19:25.144,3.8946400000000003,3.8919300000000003,1,1
27.08.2021 02:20:02.765,3.8946400000000003,3.8919300000000003,1,1
27.08.2021 02:20:02.960,3.89447,3.8919400000000004,1,1
27.08.2021 02:20:57.881,3.8944800000000006,3.8917400000000004,1,1
27.08.2021 02:21:35.834,3.89441,3.8917400000000004,1,1
27.08.2021 02:21:47.787,3.89441,3.8917400000000004,1,1
27.08.2021 02:21:53.558,3.89441,3.8917400000000004,1,1
27.08.2021 02:21:59.819,3.89426,3.89161,1,1
27.08.2021 02:22:00.012,3.8942699999999997,3.8916000000000004,1,1
27.08.2021 02:22:28.280,3.8942699999999997,3.8916000000000004,1,1
27.08.2021 02:22:39.251,3.8942699999999997,3.8916000000000004,1,1
27.08.2021 02:22:42.359,3.89426,3.89141,1,1
27.08.2021 02:23:01.295,3.8942300000000003,3.8914,1,1.5
27.08.2021 02:23:01.821,3.89422,3.89141,1,1
27.08.2021 02:23:03.212,3.89422,3.89141,1,1.5
27.08.2021 02:23:06.729,3.8942300000000003,3.8914,1,1
27.08.2021 02:23:06.930,3.8942300000000003,3.8914,1,1
27.08.2021 02:23:17.182,3.8940699999999997,3.8912199999999997,1,1.5
27.08.2021 02:23:17.271,3.8940800000000007,3.89121,1,1
27.08.2021 02:23:22.722,3.8940800000000007,3.89121,1,1
27.08.2021 02:23:44.786,3.8939300000000006,3.89121,1,1
27.08.2021 02:24:00.660,3.8940699999999997,3.89127,1,1
27.08.2021 02:24:04.211,3.8940699999999997,3.89127,1,1
27.08.2021 02:24:31.027,3.89392,3.89127,1,1
27.08.2021 02:24:35.973,3.89392,3.89127,1,1
27.08.2021 02:24:48.999,3.89392,3.89117,1,1
27.08.2021 02:25:05.212,3.8940699999999997,3.89117,1,1.5
27.08.2021 02:25:06.001,3.8940699999999997,3.89131,1,1
27.08.2021 02:26:11.169,3.89412,3.89132,1,1
27.08.2021 02:26:11.369,3.89397,3.89131,1,1
27.08.2021 02:26:53.912,3.89397,3.89131,1,1
27.08.2021 02:27:24.780,3.89401,3.89131,1,1
27.08.2021 02:27:59.913,3.89401,3.89131,1,1
27.08.2021 02:27:59.964,3.89401,3.8911400000000005,1,1
27.08.2021 02:28:34.631,3.8938300000000003,3.89115,1,1
27.08.2021 02:28:40.587,3.8936900000000003,3.8909800000000003,1,1
27.08.2021 02:28:40.704,3.8936900000000003,3.8909800000000003,1,1
27.08.2021 02:28:56.545,3.8936900000000003,3.8909800000000003,1,1
27.08.2021 02:28:56.728,3.8936800000000007,3.8909900000000004,1,1
27.08.2021 02:29:24.651,3.8936900000000003,3.8909800000000003,1,1
27.08.2021 02:29:24.816,3.8935500000000003,3.89081,1,1
27.08.2021 02:29:36.917,3.8935500000000003,3.89081,1,1
27.08.2021 02:29:46.577,3.8935400000000002,3.8908199999999997,1,1
27.08.2021 02:29:48.387,3.8935400000000002,3.8908199999999997,1,1
27.08.2021 02:29:50.465,3.89339,3.8906500000000004,1,1
27.08.2021 02:29:53.153,3.89339,3.8906500000000004,1,1
27.08.2021 02:29:53.826,3.8934,3.8906400000000003,1,1
27.08.2021 02:30:00.725,3.8934,3.8906400000000003,1,1
27.08.2021 02:30:07.675,3.89339,3.8907900000000004,1,1
27.08.2021 02:30:26.692,3.89339,3.8907900000000004,1,1
27.08.2021 02:30:34.614,3.8934,3.8907800000000003,1,1
27.08.2021 02:31:04.235,3.8934300000000004,3.8907900000000004,1,1
27.08.2021 02:31:17.097,3.8934400000000005,3.8907800000000003,1,1
27.08.2021 02:31:39.745,3.8934300000000004,3.8907900000000004,1,1
27.08.2021 02:31:43.068,3.8934400000000005,3.8907800000000003,1,1
27.08.2021 02:32:47.479,3.8934800000000003,3.8907800000000003,1,1
27.08.2021 02:33:10.095,3.89356,3.8907900000000004,1,1
27.08.2021 02:33:16.272,3.89357,3.8907800000000003,1,1
27.08.2021 02:33:24.541,3.89357,3.8907800000000003,1,1
27.08.2021 02:33:27.599,3.89356,3.8907900000000004,1,1
27.08.2021 02:33:29.165,3.89357,3.89076,1,1
27.08.2021 02:33:32.916,3.89357,3.89076,1,1
27.08.2021 02:33:33.539,3.89356,3.89077,1,1
27.08.2021 02:33:34.443,3.89357,3.89076,1,1
27.08.2021 02:34:20.975,3.8934699999999998,3.8906300000000007,1,1
27.08.2021 02:34:21.025,3.89332,3.8906300000000007,1,1
27.08.2021 02:34:21.188,3.89332,3.8906300000000007,1,1
27.08.2021 02:34:38.259,3.89317,3.8904300000000003,1,1
27.08.2021 02:34:38.360,3.89316,3.8904400000000003,1,1
27.08.2021 02:34:38.728,3.8930000000000002,3.8904400000000003,1,1
27.08.2021 02:34:39.995,3.89301,3.8902300000000003,1,1
27.08.2021 02:34:40.096,3.89286,3.8902300000000003,1,1
27.08.2021 02:34:40.448,3.89286,3.8902300000000003,1,1
27.08.2021 02:35:00.697,3.89285,3.8902400000000004,1,1
27.08.2021 02:35:01.097,3.89286,3.8902300000000003,1,1
27.08.2021 02:35:09.195,3.8929800000000006,3.8902300000000003,1,1
27.08.2021 02:35:20.452,3.8929800000000006,3.8902300000000003,1,1.5
27.08.2021 02:35:21.495,3.89297,3.8902400000000004,1,1
27.08.2021 02:35:30.862,3.8929800000000006,3.89037,1,1
27.08.2021 02:35:30.948,3.8929800000000006,3.89037,1,1
27.08.2021 02:35:32.387,3.8929800000000006,3.89037,1,1
27.08.2021 02:35:37.447,3.89297,3.8903800000000004,1,1
27.08.2021 02:35:40.475,3.8929800000000006,3.89037,1,1
27.08.2021 02:35:40.886,3.8929800000000006,3.89037,1,1
27.08.2021 02:35:42.371,3.8929800000000006,3.89037,1,1
27.08.2021 02:35:46.723,3.8929800000000006,3.89037,1,1
27.08.2021 02:35:57.626,3.89297,3.8903800000000004,1,1
27.08.2021 02:36:38.471,3.8930400000000005,3.89037,1,1
27.08.2021 02:37:45.148,3.8931199999999997,3.89037,1,1
27.08.2021 02:37:57.536,3.8931199999999997,3.89037,1,1
27.08.2021 02:39:56.211,3.89311,3.8903800000000004,1,1
27.08.2021 02:39:59.946,3.8931199999999997,3.89037,1,1
27.08.2021 02:40:01.062,3.8931199999999997,3.89037,1,1
27.08.2021 02:40:01.263,3.8931199999999997,3.89037,1,1
27.08.2021 02:40:34.760,3.8931500000000003,3.89037,1,1
27.08.2021 02:40:34.941,3.8931500000000003,3.8905600000000002,1,1
27.08.2021 02:41:24.200,3.89316,3.89057,1,1
27.08.2021 02:41:37.809,3.89317,3.8905600000000002,1,1
27.08.2021 02:41:41.243,3.89316,3.89057,1,1
27.08.2021 02:41:43.725,3.89317,3.8905600000000002,1,1
27.08.2021 02:41:50.524,3.89317,3.8905600000000002,1,1
27.08.2021 02:41:50.764,3.89317,3.8905600000000002,1,1
27.08.2021 02:41:51.450,3.89317,3.8905600000000002,1,1
27.08.2021 02:41:59.791,3.89316,3.89057,1,1
27.08.2021 02:42:09.922,3.89452,3.89057,1.5,1
27.08.2021 02:42:10.124,3.8945300000000005,3.8905600000000002,1.5,1
27.08.2021 02:42:19.960,3.89317,3.8905600000000002,1,1
27.08.2021 02:43:18.827,3.8931500000000003,3.8905600000000002,1,1
27.08.2021 02:43:19.243,3.8932900000000004,3.8905600000000002,1,1
27.08.2021 02:43:29.401,3.8932900000000004,3.8905800000000004,1,1
27.08.2021 02:43:43.564,3.8932900000000004,3.8905600000000002,1,1
27.08.2021 02:44:31.289,3.8933500000000003,3.8905600000000002,1,1
27.08.2021 02:44:31.536,3.89319,3.8905600000000002,1,1
27.08.2021 02:44:31.637,3.8930400000000005,3.8903600000000003,1,1
27.08.2021 02:44:31.754,3.8930300000000004,3.89037,1,1
27.08.2021 02:44:32.061,3.8930300000000004,3.89037,1,1
27.08.2021 02:44:33.724,3.8930300000000004,3.8903600000000003,1,1
27.08.2021 02:44:35.775,3.8930400000000005,3.89035,1,1
27.08.2021 02:45:44.752,3.89307,3.89035,1,1
27.08.2021 02:45:44.953,3.89307,3.89035,1,1
27.08.2021 02:46:01.588,3.89307,3.89035,1,1
27.08.2021 02:46:03.093,3.89307,3.89035,1,1
27.08.2021 02:46:07.888,3.89307,3.89035,1,1
27.08.2021 02:46:19.979,3.89307,3.89035,1,1
27.08.2021 02:46:48.243,3.89317,3.8903600000000003,1,1
27.08.2021 02:46:49.228,3.89317,3.8903600000000003,1,1
27.08.2021 02:47:23.217,3.8930300000000004,3.8903600000000003,1,1
27.08.2021 02:47:27.104,3.8930400000000005,3.8903300000000005,1,1
27.08.2021 02:47:27.205,3.8930400000000005,3.8903000000000003,1,1
27.08.2021 02:47:27.293,3.8930400000000005,3.8901000000000003,1,1.5
27.08.2021 02:47:45.367,3.89319,3.8901000000000003,1,1.5
27.08.2021 02:47:46.730,3.8931800000000005,3.89011,1,1.5
27.08.2021 02:47:50.735,3.89319,3.8903300000000005,1,1.5
27.08.2021 02:48:01.695,3.8931800000000005,3.89034,1,1.5
27.08.2021 02:48:01.899,3.8931800000000005,3.89034,1,1.5
27.08.2021 02:48:12.458,3.89319,3.8903300000000005,1,1.5
27.08.2021 02:48:17.762,3.89319,3.8903300000000005,1,1
27.08.2021 02:48:23.574,3.8931800000000005,3.8904500000000004,1,1
27.08.2021 02:48:23.955,3.8931800000000005,3.8904500000000004,1,1
27.08.2021 02:48:56.777,3.8931400000000003,3.8904500000000004,1,1
27.08.2021 02:49:06.210,3.8932800000000003,3.8904400000000003,1,1.5
27.08.2021 02:50:08.300,3.8933500000000003,3.8904400000000003,1,1.5
27.08.2021 02:50:08.703,3.8933500000000003,3.8904400000000003,1,1.5
27.08.2021 02:50:08.936,3.8933400000000002,3.8904500000000004,1,1.5
27.08.2021 02:50:14.888,3.8933500000000003,3.8904400000000003,1,1
27.08.2021 02:50:15.639,3.8933400000000002,3.8904500000000004,1,1.5
27.08.2021 02:50:43.722,3.8933500000000003,3.8904400000000003,1,1.5
27.08.2021 02:51:03.840,3.8933500000000003,3.8904400000000003,1,1.5
27.08.2021 02:52:07.396,3.8932900000000004,3.89031,1,1.5
27.08.2021 02:52:07.598,3.8931500000000003,3.8901800000000004,1,1
27.08.2021 02:52:27.371,3.89311,3.8901900000000005,1,1.5
27.08.2021 02:53:29.100,3.8931400000000003,3.89031,1,1
27.08.2021 02:53:29.268,3.8931400000000003,3.89027,1,1
27.08.2021 02:53:30.250,3.8931400000000003,3.89006,1,1.5
27.08.2021 02:53:32.353,3.8931400000000003,3.89006,1,1.5
27.08.2021 02:53:46.101,3.8931300000000006,3.89015,1,1.5
27.08.2021 02:53:50.257,3.8931300000000006,3.89015,1,1.5
27.08.2021 02:54:14.263,3.8931300000000006,3.89015,1,1.5
27.08.2021 02:54:16.906,3.8931400000000003,3.89037,1,1
27.08.2021 02:54:19.835,3.89326,3.89037,1,1.5
27.08.2021 02:54:30.943,3.89327,3.8903800000000004,1,1.5
27.08.2021 02:54:31.146,3.8932800000000003,3.89037,1,1.5
27.08.2021 02:54:36.964,3.8932800000000003,3.89037,1,1.5
27.08.2021 02:54:37.166,3.8932800000000003,3.89037,1,1.5
27.08.2021 02:54:53.481,3.8934300000000004,3.89037,1,1.5
27.08.2021 02:54:53.684,3.8934300000000004,3.89037,1,1.5
27.08.2021 02:55:09.350,3.8934300000000004,3.89037,1,1.5
27.08.2021 02:55:10.561,3.89342,3.8903800000000004,1,1.5
27.08.2021 02:55:35.301,3.8934300000000004,3.89037,1,1.5
27.08.2021 02:55:36.924,3.89357,3.89052,1,1.5
27.08.2021 02:55:40.790,3.8935800000000005,3.89051,1,1.5
27.08.2021 02:55:44.180,3.8935800000000005,3.89051,1,1.5
27.08.2021 02:55:44.407,3.89357,3.89052,1,1.5
27.08.2021 02:55:44.785,3.89357,3.89052,1,1.5
27.08.2021 02:55:51.448,3.89357,3.89052,1,1.5
27.08.2021 02:55:51.845,3.8935800000000005,3.89051,1,1.5
27.08.2021 02:55:58.077,3.8935500000000003,3.89072,1,1.5
27.08.2021 02:55:58.226,3.8935500000000003,3.89072,1,1
27.08.2021 02:56:02.325,3.89356,3.89071,1,1.5
27.08.2021 02:56:02.837,3.89356,3.89071,1,1.5
27.08.2021 02:56:08.847,3.8937000000000004,3.8909000000000002,1,1
27.08.2021 02:56:09.091,3.8936900000000003,3.89091,1,1.5
27.08.2021 02:56:11.648,3.8938400000000004,3.8909000000000002,1,1.5
27.08.2021 02:56:12.665,3.8938300000000003,3.89091,1,1.5
27.08.2021 02:56:13.570,3.8938300000000003,3.89091,1,1.5
27.08.2021 02:56:13.801,3.8938300000000003,3.89091,1,1.5
27.08.2021 02:56:14.791,3.8938400000000004,3.8911000000000002,1,1.5
27.08.2021 02:56:14.959,3.8938400000000004,3.8911000000000002,1,1
27.08.2021 02:56:16.533,3.8938400000000004,3.8911000000000002,1,1.5
27.08.2021 02:56:16.937,3.8939900000000005,3.89111,1,1
27.08.2021 02:56:22.317,3.894,3.8911000000000002,1,1.5
27.08.2021 02:56:26.585,3.8939900000000005,3.89111,1,1
27.08.2021 02:56:28.547,3.894,3.8911000000000002,1,1.5
27.08.2021 02:56:30.047,3.894,3.8911000000000002,1,1
27.08.2021 02:56:31.000,3.894,3.8911000000000002,1,1.5
27.08.2021 02:56:32.538,3.8939900000000005,3.89111,1,1
27.08.2021 02:56:32.738,3.8939900000000005,3.89111,1,1.5
27.08.2021 02:56:33.938,3.894,3.8911000000000002,1,1
27.08.2021 02:56:39.127,3.894,3.8911000000000002,1,1.5
27.08.2021 02:56:39.880,3.894,3.8911000000000002,1,1
27.08.2021 02:56:42.623,3.8939900000000005,3.89111,1,1
27.08.2021 02:56:44.513,3.8939900000000005,3.89111,1,1.5
27.08.2021 02:56:46.302,3.8939900000000005,3.89111,1,1
27.08.2021 02:56:46.352,3.8939900000000005,3.89095,1,1.5
27.08.2021 02:56:59.784,3.894,3.8909400000000005,1,1.5
27.08.2021 02:57:01.237,3.894,3.8909400000000005,1,1.5
27.08.2021 02:57:01.453,3.894,3.8909400000000005,1,1.5
27.08.2021 02:57:01.534,3.8939900000000005,3.89095,1,1.5
27.08.2021 02:57:05.300,3.89385,3.8909400000000005,1,1.5
27.08.2021 02:57:21.472,3.89385,3.8909400000000005,1,1.5
27.08.2021 02:57:22.004,3.89385,3.8910300000000007,1,1.5
27.08.2021 02:57:22.206,3.8939800000000004,3.8910400000000003,1,1.5
27.08.2021 02:57:24.353,3.8939800000000004,3.8910400000000003,1,1.5
27.08.2021 02:57:24.555,3.8939900000000005,3.8910300000000007,1,1.5
27.08.2021 02:57:29.397,3.8939800000000004,3.8910400000000003,1,1.5
27.08.2021 02:57:29.582,3.8939900000000005,3.8910300000000007,1,1.5
27.08.2021 02:57:29.784,3.8939900000000005,3.8910300000000007,1,1.5
27.08.2021 02:57:37.191,3.8939800000000004,3.8910400000000003,1,1.5
27.08.2021 02:57:37.979,3.8939900000000005,3.8910300000000007,1,1.5
27.08.2021 02:57:38.672,3.8939900000000005,3.8910300000000007,1,1.5
27.08.2021 02:58:00.508,3.8939900000000005,3.8910300000000007,1,1.5
27.08.2021 02:58:00.757,3.8939800000000004,3.8910400000000003,1,1.5
27.08.2021 02:58:01.170,3.8939800000000004,3.8910400000000003,1,1.5
27.08.2021 02:58:01.455,3.8939900000000005,3.8910300000000007,1,1.5
27.08.2021 02:58:04.634,3.8939900000000005,3.8910300000000007,1,1.5
27.08.2021 02:58:05.183,3.8939900000000005,3.8910300000000007,1,1.5
27.08.2021 02:58:06.938,3.8939900000000005,3.8910300000000007,1,1.5
27.08.2021 02:58:16.038,3.8939900000000005,3.8910300000000007,1,1.5
27.08.2021 02:58:16.219,3.8939900000000005,3.8910300000000007,1,1.5
27.08.2021 02:58:16.553,3.8939800000000004,3.8912800000000005,1,1
27.08.2021 02:58:19.411,3.8941500000000002,3.8912500000000003,1,1.12
27.08.2021 02:58:21.883,3.8941500000000002,3.8912500000000003,1,1.12
27.08.2021 02:58:27.302,3.8941500000000002,3.8912500000000003,1,1.5
27.08.2021 02:58:27.917,3.8941500000000002,3.8912500000000003,1,1.5
27.08.2021 02:58:38.720,3.8943000000000003,3.89142,1,1
27.08.2021 02:58:38.908,3.89414,3.8914300000000006,1,1
27.08.2021 02:58:40.963,3.89414,3.8912300000000006,1,1.5
27.08.2021 02:58:41.155,3.89401,3.8912199999999997,1,1
27.08.2021 02:58:58.373,3.89401,3.8912199999999997,1,1.5
27.08.2021 02:59:00.229,3.89417,3.8912199999999997,1,1.5
27.08.2021 02:59:07.369,3.89417,3.8912199999999997,1,1.5
27.08.2021 02:59:10.351,3.89417,3.8912199999999997,1,1.5
27.08.2021 02:59:10.703,3.89416,3.8912300000000006,1,1.5
27.08.2021 02:59:10.861,3.89417,3.8912199999999997,1,1.5
27.08.2021 02:59:12.774,3.89416,3.8912300000000006,1,1.5
27.08.2021 02:59:17.204,3.89417,3.8912199999999997,1,1.5
27.08.2021 02:59:21.213,3.89431,3.8912199999999997,1,1.5
27.08.2021 02:59:28.339,3.8943000000000003,3.8914300000000006,1,1
27.08.2021 02:59:32.228,3.8943000000000003,3.8914300000000006,1,1
27.08.2021 02:59:32.378,3.89431,3.89142,1,1.5
27.08.2021 02:59:53.552,3.89431,3.89142,1,1.5
27.08.2021 02:59:53.602,3.89431,3.89142,1,1.5
27.08.2021 02:59:54.093,3.8943000000000003,3.8914300000000006,1,1.5
27.08.2021 03:00:00.493,3.89445,3.8916500000000003,1,1
27.08.2021 03:00:28.440,3.89445,3.8914800000000005,1,1.5
27.08.2021 03:00:30.216,3.89445,3.8914800000000005,1,1.5
27.08.2021 03:00:39.155,3.8944400000000003,3.89149,1,1
27.08.2021 03:00:39.356,3.8944400000000003,3.89149,1,1
27.08.2021 03:00:41.902,3.8942900000000003,3.8913,1,1
27.08.2021 03:00:42.756,3.8943000000000003,3.89129,1,1
27.08.2021 03:00:42.957,3.89416,3.89126,1,1
27.08.2021 03:00:43.527,3.8941500000000002,3.8911400000000005,1,1
27.08.2021 03:00:43.638,3.8941500000000002,3.89106,1,1.5
27.08.2021 03:00:57.810,3.89402,3.89106,1,1.5
27.08.2021 03:01:01.154,3.89402,3.89106,1,1.12
27.08.2021 03:01:04.374,3.8938900000000003,3.8910500000000003,1,1.12
27.08.2021 03:01:05.149,3.8938800000000007,3.89106,1,1.12
27.08.2021 03:01:05.370,3.8938900000000003,3.8908500000000004,1,1.5
27.08.2021 03:01:17.080,3.8938800000000007,3.89086,1,1.5
27.08.2021 03:01:20.233,3.8938900000000003,3.8908500000000004,1,1.5
27.08.2021 03:01:25.047,3.8938900000000003,3.8908400000000003,1,1
27.08.2021 03:01:28.212,3.8938900000000003,3.8908400000000003,1,1
27.08.2021 03:01:35.201,3.89374,3.8907000000000003,1,1.62
27.08.2021 03:01:37.940,3.89374,3.89061,1,1
27.08.2021 03:01:38.230,3.89374,3.89061,1,1
27.08.2021 03:01:41.211,3.89374,3.89061,1,1
27.08.2021 03:01:43.519,3.89374,3.89061,1,1
27.08.2021 03:02:09.159,3.8936,3.8905400000000006,1,1.5
27.08.2021 03:02:09.755,3.8936,3.8905400000000006,1,1.5
27.08.2021 03:02:11.356,3.8935900000000006,3.89055,1,1.5
27.08.2021 03:02:31.229,3.8936,3.89046,1,1.62
27.08.2021 03:02:41.171,3.8937800000000005,3.8906800000000006,1,1
27.08.2021 03:02:58.646,3.8937800000000005,3.8906800000000006,1,1
27.08.2021 03:03:03.326,3.89377,3.89069,1,1
27.08.2021 03:03:06.720,3.8937800000000005,3.8906800000000006,1,1
27.08.2021 03:03:07.082,3.89377,3.89069,1,1
27.08.2021 03:03:16.363,3.8937800000000005,3.8906800000000006,1,1
27.08.2021 03:03:17.161,3.8937800000000005,3.8906800000000006,1,1
27.08.2021 03:04:32.774,3.8937500000000003,3.8906800000000006,1,1
27.08.2021 03:04:34.855,3.89366,3.8905400000000006,1,1
27.08.2021 03:04:37.069,3.8936100000000002,3.8905400000000006,1,1
27.08.2021 03:04:44.686,3.89362,3.8905300000000005,1,1
27.08.2021 03:04:45.094,3.89362,3.8905300000000005,1,1
27.08.2021 03:06:56.408,3.8935900000000006,3.89051,1,1
27.08.2021 03:06:56.613,3.8936,3.8906400000000003,1,1
27.08.2021 03:07:33.767,3.89376,3.8906400000000003,1,1
27.08.2021 03:07:40.137,3.8937500000000003,3.8906500000000004,1,1
27.08.2021 03:07:48.469,3.89362,3.8906400000000003,1,1
27.08.2021 03:07:58.153,3.89362,3.8906199999999997,1,1.5
27.08.2021 03:08:02.447,3.89362,3.8906199999999997,1,1.5
27.08.2021 03:08:09.922,3.89362,3.89066,1,1
27.08.2021 03:08:10.654,3.89362,3.89066,1,1
27.08.2021 03:08:30.972,3.8936100000000002,3.89067,1,1
27.08.2021 03:08:31.151,3.8936100000000002,3.89067,1,1
27.08.2021 03:09:17.422,3.8936699999999997,3.8906199999999997,1,1.5
27.08.2021 03:09:19.431,3.8936699999999997,3.8906199999999997,1,1.5
27.08.2021 03:09:19.532,3.8936699999999997,3.8906199999999997,1,1.5
27.08.2021 03:09:25.109,3.89366,3.8906300000000007,1,1.5
27.08.2021 03:09:39.643,3.89366,3.8906300000000007,1,1.5
27.08.2021 03:11:04.510,3.8935900000000006,3.89052,1,1
27.08.2021 03:11:04.858,3.8935900000000006,3.89052,1,1
27.08.2021 03:11:05.060,3.8935900000000006,3.89052,1,1
27.08.2021 03:11:20.907,3.8935800000000005,3.8905800000000004,1,1
27.08.2021 03:12:02.706,3.8935400000000002,3.89047,1,1.5
27.08.2021 03:12:02.908,3.8935500000000003,3.89046,1,1.5
27.08.2021 03:12:19.886,3.8933300000000006,3.89046,1,1
27.08.2021 03:13:35.758,3.89327,3.89047,1,1
27.08.2021 03:13:35.951,3.89327,3.89047,1,1
27.08.2021 03:13:45.819,3.8932800000000003,3.89046,1,1
27.08.2021 03:13:51.245,3.8932800000000003,3.89046,1,1
27.08.2021 03:14:03.661,3.8932800000000003,3.89046,1,1
27.08.2021 03:14:03.863,3.89327,3.89047,1,1
27.08.2021 03:14:04.458,3.8932800000000003,3.89046,1,1.5
27.08.2021 03:14:05.770,3.8932800000000003,3.89046,1,1
27.08.2021 03:14:26.121,3.89337,3.89046,1,1
27.08.2021 03:14:31.563,3.89337,3.89046,1,1
27.08.2021 03:14:32.951,3.89337,3.89046,1,1
27.08.2021 03:14:43.580,3.89336,3.89047,1,1.5
27.08.2021 03:14:47.814,3.89336,3.89047,1,1.5
27.08.2021 03:14:48.048,3.89352,3.89047,1,1.5
27.08.2021 03:15:11.794,3.8935300000000006,3.89046,1,1.5
27.08.2021 03:15:18.434,3.8935300000000006,3.89046,1,1.5
27.08.2021 03:15:24.334,3.8935300000000006,3.89046,1,1.5
27.08.2021 03:15:25.324,3.8935300000000006,3.89046,1,1.5
27.08.2021 03:16:28.588,3.89362,3.8906300000000007,1,1.5
27.08.2021 03:16:31.200,3.8934800000000003,3.8906199999999997,1,1.5
27.08.2021 03:16:32.420,3.8934800000000003,3.8906199999999997,1,1.5
27.08.2021 03:16:33.032,3.8934699999999998,3.8906300000000007,1,1.5
27.08.2021 03:16:37.865,3.8934800000000003,3.8906199999999997,1,1.5
27.08.2021 03:16:40.203,3.8934800000000003,3.8906199999999997,1,1.5
27.08.2021 03:16:40.253,3.8934800000000003,3.8906199999999997,1,1.5
27.08.2021 03:16:48.731,3.8936300000000004,3.8906199999999997,1,1.5
27.08.2021 03:16:48.933,3.89362,3.8906300000000007,1,1.5
27.08.2021 03:16:53.278,3.8936300000000004,3.8906199999999997,1,1.5
27.08.2021 03:16:54.452,3.8936300000000004,3.8906199999999997,1,1.5
27.08.2021 03:17:27.876,3.89362,3.8906300000000007,1,1.5
27.08.2021 03:17:52.625,3.8935000000000004,3.8906300000000007,1,1.5
27.08.2021 03:17:56.669,3.89351,3.8906199999999997,1,1.5
27.08.2021 03:18:26.886,3.89351,3.8906199999999997,1,1
27.08.2021 03:18:27.036,3.89351,3.8906199999999997,1,1
27.08.2021 03:18:30.073,3.89351,3.8906199999999997,1,1.5
27.08.2021 03:18:45.864,3.8935000000000004,3.8906300000000007,1,1
27.08.2021 03:18:45.925,3.89351,3.89046,1,1.5
27.08.2021 03:18:46.066,3.8935000000000004,3.89047,1,1.5
27.08.2021 03:19:02.948,3.8934,3.89047,1,1.5
27.08.2021 03:19:09.310,3.8934,3.89047,1,1.5
27.08.2021 03:19:12.039,3.8934100000000003,3.89046,1,1.5
27.08.2021 03:19:24.136,3.8934100000000003,3.89046,1,1.5
27.08.2021 03:19:24.338,3.89356,3.89046,1,1.5
27.08.2021 03:20:03.721,3.89371,3.89066,1,1.5
27.08.2021 03:20:39.737,3.8937000000000004,3.89067,1,1.5
27.08.2021 03:20:39.937,3.89371,3.89066,1,1.5
27.08.2021 03:20:46.634,3.89371,3.89066,1,1.5
27.08.2021 03:21:48.707,3.8936,3.89067,1,1.5
27.08.2021 03:21:53.447,3.8936,3.89067,1,1.5
27.08.2021 03:22:00.650,3.8936,3.89067,1,1.5
27.08.2021 03:22:03.359,3.8936,3.89067,1,1.5
27.08.2021 03:22:40.604,3.89371,3.89066,1,1.5
27.08.2021 03:22:50.365,3.89371,3.89066,1,1.5
27.08.2021 03:23:38.871,3.8937500000000003,3.89066,1,1.5
27.08.2021 03:24:08.378,3.89374,3.89066,1,1.5
27.08.2021 03:24:08.774,3.8937300000000006,3.89067,1,1.5
27.08.2021 03:24:24.174,3.89374,3.8908500000000004,1,1.5
27.08.2021 03:24:31.148,3.8937300000000006,3.89086,1,1.5
27.08.2021 03:24:31.477,3.89374,3.8908500000000004,1,1.5
27.08.2021 03:24:32.917,3.89374,3.8908500000000004,1,1.5
27.08.2021 03:24:34.450,3.89391,3.8908500000000004,1,1.5
27.08.2021 03:24:34.635,3.89391,3.8908500000000004,1,1.5
27.08.2021 03:25:09.115,3.8939000000000004,3.89086,1,1.5
27.08.2021 03:25:16.980,3.8939000000000004,3.89086,1,1.12
27.08.2021 03:25:48.455,3.8937900000000005,3.89086,1,1.5
27.08.2021 03:25:48.658,3.8937900000000005,3.89086,1,1.5
27.08.2021 03:26:19.769,3.8938,3.8908500000000004,1,1.12
27.08.2021 03:26:20.093,3.8937900000000005,3.89086,1,1.5
27.08.2021 03:26:29.653,3.8938,3.8908500000000004,1,1.12
27.08.2021 03:26:29.891,3.8938,3.8908500000000004,1,1.12
27.08.2021 03:26:44.415,3.8936699999999997,3.8906199999999997,1,1.5
27.08.2021 03:26:51.678,3.8936699999999997,3.8906199999999997,1,1.5
27.08.2021 03:27:02.010,3.8936699999999997,3.8906199999999997,1,1.5
27.08.2021 03:27:03.930,3.89366,3.8906300000000007,1,1.5
27.08.2021 03:27:05.728,3.8936699999999997,3.8906199999999997,1,1.5
27.08.2021 03:27:06.203,3.89366,3.8906300000000007,1,1.5
27.08.2021 03:27:07.762,3.8936699999999997,3.8906199999999997,1,1.5
27.08.2021 03:27:14.324,3.8936699999999997,3.8906199999999997,1,1.5
27.08.2021 03:27:25.838,3.8936699999999997,3.8906199999999997,1,1.5
27.08.2021 03:27:31.974,3.8936699999999997,3.8906199999999997,1,1.5
27.08.2021 03:27:32.176,3.8936699999999997,3.8906199999999997,1,1.5
27.08.2021 03:27:42.648,3.8936,3.8906199999999997,1,1.5
27.08.2021 03:28:15.202,3.8935900000000006,3.8906300000000007,1,1.5
27.08.2021 03:28:16.995,3.8936,3.8906199999999997,1,1.5
27.08.2021 03:28:32.253,3.89372,3.8908500000000004,1,1
27.08.2021 03:28:41.802,3.89371,3.89086,1,1
27.08.2021 03:29:04.780,3.89372,3.89069,1,1.5
27.08.2021 03:29:04.857,3.89372,3.89069,1,1
27.08.2021 03:29:05.055,3.89372,3.89069,1,1.5
27.08.2021 03:29:42.032,3.8935800000000005,3.8907000000000003,1,1
27.08.2021 03:29:43.349,3.89356,3.89046,1,1.5
27.08.2021 03:29:43.399,3.8934300000000004,3.89046,1,1.5
27.08.2021 03:30:03.853,3.89342,3.89047,1,1.5
27.08.2021 03:30:04.470,3.8934300000000004,3.89046,1,1.5
27.08.2021 03:30:14.563,3.8934300000000004,3.89046,1,1.5
27.08.2021 03:30:14.827,3.8934300000000004,3.89046,1,1.5
27.08.2021 03:30:33.870,3.89357,3.89046,1,1.5
27.08.2021 03:31:05.928,3.89357,3.89046,1,1.5
27.08.2021 03:31:05.979,3.89357,3.89046,1,1.5
27.08.2021 03:31:42.085,3.89352,3.89046,1,1.5
27.08.2021 03:33:32.531,3.8934400000000005,3.89046,1,1.5
27.08.2021 03:33:32.774,3.8934300000000004,3.89047,1,1.5
27.08.2021 03:33:39.891,3.8934400000000005,3.89046,1,1
27.08.2021 03:33:41.836,3.8934300000000004,3.89047,1,1.5
27.08.2021 03:34:07.588,3.8934400000000005,3.89046,1,1
27.08.2021 03:34:10.191,3.8932900000000004,3.89031,1,1.5
27.08.2021 03:34:10.332,3.8932900000000004,3.89031,1,1.5
27.08.2021 03:34:12.060,3.8933,3.8903000000000003,1,1.5
27.08.2021 03:34:47.717,3.8933,3.8903000000000003,1,1.5
27.08.2021 03:35:01.167,3.89345,3.89031,1,1
27.08.2021 03:35:20.188,3.89345,3.89031,1,1
27.08.2021 03:35:20.239,3.89345,3.89031,1,1
27.08.2021 03:35:20.446,3.8933,3.8903000000000003,1,1.5
27.08.2021 03:35:22.199,3.8932900000000004,3.89031,1,1.5
27.08.2021 03:35:23.220,3.8932900000000004,3.89031,1,1.5
27.08.2021 03:35:23.424,3.8932900000000004,3.89031,1,1.5
27.08.2021 03:36:32.038,3.8932800000000003,3.89031,1,1.5
27.08.2021 03:37:24.395,3.89327,3.8903000000000003,1,1.5
27.08.2021 03:37:37.447,3.89327,3.8903000000000003,1,1.5
27.08.2021 03:39:55.020,3.8934400000000005,3.89037,1,1.5
27.08.2021 03:40:08.436,3.8932800000000003,3.89037,1,1
27.08.2021 03:40:27.947,3.8932800000000003,3.89037,1,1
27.08.2021 03:40:55.029,3.8932800000000003,3.89037,1,1.5
27.08.2021 03:40:56.701,3.89327,3.8903800000000004,1,1
27.08.2021 03:41:10.514,3.8932800000000003,3.8903800000000004,1,1
27.08.2021 03:41:56.731,3.8932900000000004,3.89027,1,1.5
27.08.2021 03:41:57.090,3.8932900000000004,3.89027,1,1
27.08.2021 03:42:47.726,3.89317,3.89027,1,1.5
27.08.2021 03:43:14.464,3.8933,3.89027,1,1
27.08.2021 03:44:13.730,3.8931300000000006,3.8902800000000006,1,1
27.08.2021 03:44:22.208,3.8931400000000003,3.89011,1,1.5
27.08.2021 03:44:31.951,3.8931500000000003,3.8901000000000003,1,1.5
27.08.2021 03:44:43.335,3.8931500000000003,3.8901000000000003,1,1.5
27.08.2021 03:44:51.967,3.8931400000000003,3.89011,1,1.5
27.08.2021 03:45:42.539,3.89316,3.89011,1,1.5
27.08.2021 03:45:51.024,3.89317,3.8901000000000003,1,1.5
27.08.2021 03:45:51.255,3.89316,3.89011,1,1.5
27.08.2021 03:46:05.423,3.8930300000000004,3.8901000000000003,1,1
27.08.2021 03:46:38.780,3.8930300000000004,3.88997,1,1.5
27.08.2021 03:46:59.872,3.8930300000000004,3.88997,1,1
27.08.2021 03:47:00.106,3.8928800000000003,3.88997,1,1
27.08.2021 03:49:22.587,3.89279,3.8897800000000005,1,1.5
27.08.2021 03:49:24.861,3.8928000000000003,3.88977,1,1
27.08.2021 03:50:37.511,3.8926400000000005,3.88977,1,1
27.08.2021 03:50:38.449,3.8926400000000005,3.88977,1,1
27.08.2021 03:52:55.933,3.89392,3.88977,1.5,1
27.08.2021 03:52:57.809,3.89392,3.88977,1.5,1
27.08.2021 03:53:05.047,3.89391,3.8897800000000005,1.5,1
27.08.2021 03:53:05.097,3.8937500000000003,3.88962,1.5,1.5
27.08.2021 03:53:05.568,3.8924900000000004,3.88962,1,1
27.08.2021 03:53:34.504,3.8923900000000002,3.8894100000000003,1,1.5
27.08.2021 03:53:34.554,3.8923800000000006,3.88942,1,1
27.08.2021 03:54:11.070,3.8923900000000002,3.8894100000000003,1,1
27.08.2021 03:54:11.273,3.8923900000000002,3.8894100000000003,1,1.5
27.08.2021 03:54:11.476,3.8923900000000002,3.8894100000000003,1,1
27.08.2021 03:54:18.289,3.8923900000000002,3.8894100000000003,1,1
27.08.2021 03:54:42.423,3.89236,3.88942,1,1
27.08.2021 03:56:20.744,3.8923400000000004,3.88942,1,1.5
27.08.2021 03:56:20.945,3.8924600000000003,3.88942,1,1.5
27.08.2021 03:56:31.722,3.89247,3.8894100000000003,1,1.5
27.08.2021 03:57:09.034,3.89247,3.88957,1,1
27.08.2021 03:57:09.152,3.8926300000000005,3.88957,1,1
27.08.2021 03:57:09.353,3.8926300000000005,3.88957,1,1.5
27.08.2021 03:57:15.063,3.8926300000000005,3.88957,1,1
27.08.2021 03:57:56.309,3.89257,3.88957,1,1
27.08.2021 03:57:56.854,3.8924000000000003,3.8895800000000005,1,1
27.08.2021 03:59:09.091,3.8923800000000006,3.8894100000000003,1,1
27.08.2021 03:59:22.377,3.8923800000000006,3.8894100000000003,1,1
27.08.2021 03:59:22.459,3.8923800000000006,3.8892400000000005,1,1.5
27.08.2021 03:59:22.734,3.8923800000000006,3.8892400000000005,1,1
27.08.2021 03:59:30.949,3.89221,3.8892400000000005,1,1
27.08.2021 03:59:33.309,3.89221,3.8892400000000005,1,1
27.08.2021 04:00:00.272,3.89221,3.8892400000000005,1,1.5
27.08.2021 04:00:08.721,3.89206,3.8892400000000005,1,1
27.08.2021 04:00:13.085,3.8920500000000002,3.88925,1,1.5
27.08.2021 04:00:14.304,3.89206,3.8892400000000005,1,1
27.08.2021 04:00:23.040,3.8920500000000002,3.8893400000000002,1,1
27.08.2021 04:00:46.536,3.89196,3.8893300000000006,1,1
27.08.2021 04:00:49.720,3.89201,3.8893400000000002,1.5,1
27.08.2021 04:01:10.286,3.89206,3.8893300000000006,1,1
27.08.2021 04:01:58.656,3.89212,3.8893400000000002,1,1.5
27.08.2021 04:01:58.758,3.8921300000000003,3.8894900000000003,1,1
27.08.2021 04:01:59.541,3.8921300000000003,3.8894900000000003,1,1
27.08.2021 04:02:06.585,3.89212,3.8895000000000004,1,1
27.08.2021 04:02:07.450,3.89226,3.8894900000000003,1,1
27.08.2021 04:02:38.224,3.89226,3.8894900000000003,1,1
27.08.2021 04:02:41.707,3.89225,3.8895000000000004,1,1
27.08.2021 04:03:33.181,3.89225,3.8895000000000004,1,1
27.08.2021 04:03:35.036,3.89216,3.8894900000000003,1,1
27.08.2021 04:04:18.891,3.8922000000000003,3.8894900000000003,1,1
27.08.2021 04:04:40.110,3.89221,3.8892300000000004,1,1.5
27.08.2021 04:04:40.211,3.8920500000000002,3.8892300000000004,1,1.5
27.08.2021 04:04:40.331,3.89202,3.8892300000000004,1,1
27.08.2021 04:04:45.991,3.89196,3.8892300000000004,1,1
27.08.2021 04:04:48.600,3.89196,3.8892300000000004,1,1
27.08.2021 04:04:54.505,3.89196,3.8892300000000004,1,1
27.08.2021 04:05:00.495,3.89195,3.8890400000000005,1,1.5
27.08.2021 04:06:41.541,3.89195,3.8890400000000005,1,1.5
27.08.2021 04:06:41.644,3.89196,3.8892,1,1
27.08.2021 04:06:43.932,3.89196,3.8892,1,1
27.08.2021 04:06:59.827,3.89211,3.8892,1,1.5
27.08.2021 04:06:59.983,3.89211,3.8892,1,1.5
27.08.2021 04:08:06.112,3.89191,3.8890000000000002,1,1.5
27.08.2021 04:09:01.970,3.89191,3.8890000000000002,1,1.5
27.08.2021 04:09:10.224,3.8919,3.88901,1,1.5
27.08.2021 04:09:37.918,3.89201,3.8890000000000002,1,1.5
27.08.2021 04:09:38.937,3.89211,3.8891300000000006,1,1.5
27.08.2021 04:09:53.090,3.89211,3.8891400000000003,1,1
27.08.2021 04:09:54.224,3.89211,3.8891400000000003,1,1
27.08.2021 04:10:08.510,3.89211,3.8891300000000006,1,1.5
27.08.2021 04:10:12.479,3.89211,3.8891300000000006,1,1.5
27.08.2021 04:11:21.127,3.8921,3.8891400000000003,1,1.5
27.08.2021 04:11:38.720,3.89211,3.8891300000000006,1,1.5
27.08.2021 04:11:38.971,3.8922000000000003,3.8893400000000002,1,1.5
27.08.2021 04:12:10.356,3.89241,3.8894900000000003,1,1.5
27.08.2021 04:12:32.969,3.89241,3.8894900000000003,1,1.5
27.08.2021 04:13:10.464,3.8925,3.8895000000000004,1,1.5
27.08.2021 04:13:11.844,3.89261,3.88966,1,1
27.08.2021 04:13:12.003,3.89251,3.88966,1,1
27.08.2021 04:14:56.314,3.89241,3.88966,1,1
27.08.2021 04:14:56.524,3.89241,3.88966,1,1
27.08.2021 04:17:14.210,3.89251,3.88966,1,1.5
27.08.2021 04:17:14.397,3.89241,3.88966,1,1
27.08.2021 04:17:15.867,3.89251,3.88966,1,1
27.08.2021 04:17:16.079,3.89251,3.88966,1,1
27.08.2021 04:19:03.457,3.89231,3.88946,1,1.5
27.08.2021 04:19:06.540,3.8923,3.8894699999999998,1,1.5
27.08.2021 04:20:16.775,3.89231,3.88946,1,1.5
27.08.2021 04:20:16.987,3.89221,3.88946,1,1
27.08.2021 04:20:17.195,3.89221,3.88946,1,1
27.08.2021 04:20:27.081,3.89231,3.88946,1,1
27.08.2021 04:20:30.557,3.8922000000000003,3.88927,1,1.5
27.08.2021 04:21:10.450,3.8921,3.8891,1,1.5
27.08.2021 04:21:10.965,3.89211,3.8890900000000004,1,1.5
27.08.2021 04:21:13.748,3.89201,3.8890900000000004,1,1.5
27.08.2021 04:21:17.931,3.89211,3.8890900000000004,1,1.5
27.08.2021 04:21:24.873,3.89211,3.8890900000000004,1,1.5
27.08.2021 04:21:30.479,3.89211,3.8890900000000004,1,1.5
27.08.2021 04:21:30.715,3.89211,3.8890900000000004,1,1.5
27.08.2021 04:21:31.297,3.8921,3.8891,1,1.5
27.08.2021 04:21:46.797,3.89201,3.8890900000000004,1,1.5
27.08.2021 04:22:12.535,3.89211,3.8890900000000004,1,1.5
27.08.2021 04:22:12.734,3.8921,3.8891,1,1.5
27.08.2021 04:22:32.079,3.8921,3.8891,1,1.5
27.08.2021 04:22:33.143,3.8921,3.8891,1,1.5
27.08.2021 04:22:33.918,3.89211,3.8890900000000004,1,1.5
27.08.2021 04:22:46.349,3.89211,3.8890900000000004,1,1.5
27.08.2021 04:23:37.032,3.89201,3.8890900000000004,1,1.5
27.08.2021 04:24:01.474,3.89211,3.8890900000000004,1,1.5
27.08.2021 04:24:03.087,3.89211,3.8890900000000004,1,1.5
27.08.2021 04:24:08.924,3.89201,3.8890900000000004,1,1.5
27.08.2021 04:24:47.313,3.89191,3.8890900000000004,1,1
27.08.2021 04:24:49.494,3.89191,3.88896,1,1.5
27.08.2021 04:24:49.545,3.8918000000000004,3.88897,1,1
27.08.2021 04:24:49.746,3.8918000000000004,3.88897,1,1
27.08.2021 04:24:55.537,3.89191,3.88896,1,1.5
27.08.2021 04:24:55.780,3.89191,3.88896,1,1.5
27.08.2021 04:25:23.625,3.8919,3.88897,1,1.5
27.08.2021 04:25:41.246,3.8919,3.88897,1,1.5
27.08.2021 04:25:41.297,3.89191,3.88896,1,1.5
27.08.2021 04:25:49.721,3.8917100000000002,3.8888300000000005,1,1.5
27.08.2021 04:26:17.324,3.8917100000000002,3.8888300000000005,1,1.5
27.08.2021 04:26:17.903,3.89161,3.8886300000000005,1,1.5
27.08.2021 04:26:18.484,3.89161,3.8886300000000005,1,1.5
27.08.2021 04:26:30.252,3.8917,3.88865,1,1
27.08.2021 04:27:00.053,3.8917,3.88865,1,1
27.08.2021 04:27:00.153,3.8917,3.88865,1,1
27.08.2021 04:27:05.333,3.89161,3.8886300000000005,1,1.5
27.08.2021 04:27:12.825,3.8915100000000002,3.88847,1,1.5
27.08.2021 04:27:26.478,3.89141,3.88847,1,1.5
27.08.2021 04:27:35.962,3.8915100000000002,3.88847,1,1.5
27.08.2021 04:27:36.127,3.8916000000000004,3.8884800000000004,1,1.5
27.08.2021 04:27:46.965,3.8915100000000002,3.88847,1,1.5
27.08.2021 04:27:47.167,3.8915100000000002,3.88847,1,1.5
27.08.2021 04:27:47.850,3.8915100000000002,3.88847,1,1.5
27.08.2021 04:27:52.081,3.8915,3.8884800000000004,1,1.5
27.08.2021 04:27:55.688,3.8917100000000002,3.8886400000000005,1,1
27.08.2021 04:27:59.915,3.89161,3.8886300000000005,1,1.5
27.08.2021 04:28:53.677,3.8917100000000002,3.8886400000000005,1,1
27.08.2021 04:28:54.860,3.8917,3.88865,1,1
27.08.2021 04:29:30.329,3.89191,3.88876,1,1.5
27.08.2021 04:29:45.643,3.8918000000000004,3.88897,1,1
27.08.2021 04:29:45.776,3.8918000000000004,3.88877,1,1.5
27.08.2021 04:29:45.885,3.89161,3.88876,1,1.5
27.08.2021 04:29:59.652,3.89161,3.88876,1,1
27.08.2021 04:30:00.662,3.8917100000000002,3.88876,1,1.5
27.08.2021 04:30:42.824,3.89161,3.88876,1,1
27.08.2021 04:30:54.770,3.89161,3.8886000000000003,1,1.5
27.08.2021 04:30:54.886,3.8915100000000002,3.8886000000000003,1,1.5
27.08.2021 04:31:17.185,3.89161,3.8886000000000003,1,1.5
27.08.2021 04:31:17.541,3.89161,3.8886000000000003,1,1.5
