Gmt time,Ask,Bid,AskVolume,BidVolume
23.08.2021 00:00:00.054,3.9157800000000003,3.9086800000000004,1.5,1.5
23.08.2021 00:00:00.366,3.91532,3.9086800000000004,1,1.5
23.08.2021 00:00:00.682,3.91531,3.9090400000000005,1,1.5
23.08.2021 00:00:00.817,3.91506,3.9090300000000004,1,1.5
23.08.2021 00:00:01.235,3.91491,3.9090300000000004,1,1.5
23.08.2021 00:00:02.336,3.9149000000000003,3.90899,1,1.5
23.08.2021 00:00:02.521,3.91491,3.9089800000000006,1,1.5
23.08.2021 00:00:02.706,3.9149000000000003,3.9088400000000005,1.5,1.5
23.08.2021 00:00:02.897,3.9149000000000003,3.90919,1,1.5
23.08.2021 00:00:05.367,3.91491,3.9089300000000007,1,1.5
23.08.2021 00:00:05.468,3.91491,3.9089800000000006,1,1.5
23.08.2021 00:00:05.624,3.9149000000000003,3.9088900000000004,1,1.5
23.08.2021 00:00:05.725,3.9150400000000003,3.9086800000000004,1.5,1.5
23.08.2021 00:00:05.776,3.9150300000000007,3.9086900000000004,1,1.5
23.08.2021 00:00:06.150,3.9154199999999997,3.9086800000000004,1.5,1.5
23.08.2021 00:00:06.386,3.91566,3.9086800000000004,1,1.5
23.08.2021 00:00:06.575,3.91566,3.9086300000000005,1.5,1.5
23.08.2021 00:00:06.676,3.91541,3.9086800000000004,1,1.5
23.08.2021 00:00:06.726,3.9153800000000003,3.9086800000000004,1,1.5
23.08.2021 00:00:07.050,3.9151300000000004,3.9086800000000004,1,1.5
23.08.2021 00:00:07.451,3.9148,3.9086800000000004,1,1.5
23.08.2021 00:00:07.879,3.9147900000000004,3.90864,1.5,1.5
23.08.2021 00:00:08.133,3.91446,3.9089400000000003,1,1.5
23.08.2021 00:00:08.247,3.91447,3.90867,1,1
23.08.2021 00:00:08.489,3.91435,3.9089300000000007,1,1.5
23.08.2021 00:00:08.539,3.91467,3.9089800000000006,1,1.5
23.08.2021 00:00:08.640,3.91467,3.9089800000000006,1,1.5
23.08.2021 00:00:08.861,3.9149900000000004,3.9089800000000006,1,1.5
23.08.2021 00:00:08.912,3.9151800000000003,3.90867,1,1
23.08.2021 00:00:09.035,3.9151800000000003,3.90867,1,1
23.08.2021 00:00:09.317,3.9147600000000002,3.9086300000000005,1,1.5
23.08.2021 00:00:09.367,3.915,3.9088300000000005,1,1.5
23.08.2021 00:00:09.596,3.915,3.9088800000000004,1,1.5
23.08.2021 00:00:09.745,3.9147600000000002,3.9088800000000004,1,1.5
23.08.2021 00:00:10.964,3.9144,3.9088800000000004,1,1.5
23.08.2021 00:00:11.015,3.9147000000000003,3.9088800000000004,1,1.5
23.08.2021 00:00:11.145,3.9147000000000003,3.9085800000000006,1,1.5
23.08.2021 00:00:11.217,3.9149400000000005,3.9085800000000006,1,1.5
23.08.2021 00:00:11.351,3.9146300000000003,3.9085900000000002,1,1.5
23.08.2021 00:00:11.826,3.9147900000000004,3.9086300000000005,1,1.5
23.08.2021 00:00:11.876,3.91506,3.9086300000000005,1,1.5
23.08.2021 00:00:12.027,3.91506,3.9085800000000006,1,1.5
23.08.2021 00:00:12.296,3.91506,3.9085800000000006,1,1.5
23.08.2021 00:00:12.396,3.91487,3.9084800000000004,1,1.5
23.08.2021 00:00:12.447,3.9151300000000004,3.9084900000000005,1,1.5
23.08.2021 00:00:12.732,3.9151300000000004,3.9088900000000004,1,1.5
23.08.2021 00:00:12.970,3.9148500000000004,3.9088800000000004,1,1.5
23.08.2021 00:00:13.864,3.9148400000000003,3.90879,1,1.5
23.08.2021 00:00:13.965,3.9149900000000004,3.9085400000000003,1,1.5
23.08.2021 00:00:14.070,3.915,3.9085300000000003,1,1.5
23.08.2021 00:00:14.122,3.9146400000000003,3.9085300000000003,1,1.5
23.08.2021 00:00:15.079,3.91422,3.9084800000000004,1,1.5
23.08.2021 00:00:15.234,3.91422,3.9084300000000005,1,1.5
23.08.2021 00:00:15.666,3.91432,3.90844,1,1.5
23.08.2021 00:00:16.520,3.9143300000000005,3.9086300000000005,1,1.5
23.08.2021 00:00:18.362,3.9139800000000005,3.9085400000000003,1,1.5
23.08.2021 00:00:18.512,3.9139900000000005,3.9085300000000003,1,1.5
23.08.2021 00:00:19.692,3.9139900000000005,3.9080500000000002,1,1.5
23.08.2021 00:00:19.904,3.9139900000000005,3.9082800000000004,1,1.5
23.08.2021 00:00:21.405,3.9138100000000002,3.9083300000000003,1,1.5
23.08.2021 00:00:25.186,3.9138,3.9085400000000003,1,1.5
23.08.2021 00:00:26.216,3.9138,3.9081900000000003,1,1.5
23.08.2021 00:00:26.301,3.9138100000000002,3.9081800000000007,1,1.5
23.08.2021 00:00:39.642,3.9138100000000002,3.9082300000000005,1,1.5
23.08.2021 00:00:39.994,3.9138,3.90844,1,1.5
23.08.2021 00:00:41.824,3.9137900000000005,3.9084300000000005,1,1.5
23.08.2021 00:00:48.465,3.9137900000000005,3.9082300000000005,1,1.5
23.08.2021 00:00:50.276,3.9137900000000005,3.9082300000000005,1,1.5
23.08.2021 00:00:50.478,3.91386,3.9084800000000004,1,1.5
23.08.2021 00:00:50.579,3.9142900000000003,3.90824,1,1.5
23.08.2021 00:00:50.679,3.91452,3.9081400000000004,1.5,1.5
23.08.2021 00:00:50.878,3.9141300000000006,3.9081300000000003,1,1.5
23.08.2021 00:00:50.979,3.9141300000000006,3.9084800000000004,1,1.5
23.08.2021 00:00:51.164,3.91412,3.9081900000000003,1,1.5
23.08.2021 00:00:51.632,3.91412,3.9083400000000004,1,1.5
23.08.2021 00:00:51.783,3.91412,3.9083900000000003,1,1.5
23.08.2021 00:00:51.884,3.9139300000000006,3.9080300000000006,1,1.5
23.08.2021 00:00:51.984,3.9139300000000006,3.9080300000000006,1,1.5
23.08.2021 00:00:53.421,3.9136300000000004,3.9079800000000007,1,1.5
23.08.2021 00:00:57.402,3.9136300000000004,3.9080800000000004,1,1.5
23.08.2021 00:00:57.557,3.9136300000000004,3.9085300000000003,1,1.5
23.08.2021 00:00:57.658,3.9139300000000006,3.9085300000000003,1,1.5
23.08.2021 00:00:57.709,3.91386,3.9085300000000003,1,1.5
23.08.2021 00:00:57.899,3.9136,3.9085300000000003,1,1.5
23.08.2021 00:00:57.949,3.9138,3.9085400000000003,1,1.5
23.08.2021 00:00:58.041,3.9139800000000005,3.9085300000000003,1,1.5
23.08.2021 00:00:58.303,3.91372,3.9082300000000005,1,1.5
23.08.2021 00:00:58.756,3.9134300000000004,3.9082300000000005,1,1.5
23.08.2021 00:00:58.807,3.9137300000000006,3.9082300000000005,1,1.5
23.08.2021 00:00:59.187,3.9135500000000003,3.9082300000000005,1,1.5
23.08.2021 00:00:59.238,3.9138,3.9082300000000005,1,1.5
23.08.2021 00:00:59.587,3.91366,3.9082300000000005,1,1.5
23.08.2021 00:01:00.097,3.91346,3.9082300000000005,1,1.5
23.08.2021 00:01:00.579,3.91366,3.90824,1,1.5
23.08.2021 00:01:00.807,3.9138100000000002,3.90824,1,1.5
23.08.2021 00:01:00.930,3.9135400000000002,3.90824,1,1.5
23.08.2021 00:01:00.980,3.91376,3.9082300000000005,1,1.5
23.08.2021 00:01:01.306,3.9135800000000005,3.9082300000000005,1,1.5
23.08.2021 00:01:01.507,3.91382,3.9081800000000007,1,1.5
23.08.2021 00:01:01.601,3.9139300000000006,3.9081800000000007,1,1.5
23.08.2021 00:01:01.843,3.9136100000000003,3.9081800000000007,1,1.5
23.08.2021 00:01:02.769,3.9136100000000003,3.9081800000000007,1,1.5
23.08.2021 00:01:02.940,3.9136100000000003,3.9081800000000007,1,1.5
23.08.2021 00:01:03.354,3.91385,3.9081800000000007,1,1.5
23.08.2021 00:01:03.661,3.91371,3.9081800000000007,1,1.5
23.08.2021 00:01:03.723,3.9138400000000004,3.9081900000000003,1,1.5
23.08.2021 00:01:04.062,3.9136300000000004,3.9081900000000003,1,1.5
23.08.2021 00:01:04.118,3.9138400000000004,3.9081900000000003,1,1.5
23.08.2021 00:01:04.498,3.91365,3.9081800000000007,1,1.5
23.08.2021 00:01:06.065,3.91365,3.9081300000000003,1,1.5
23.08.2021 00:01:06.115,3.91331,3.9081300000000003,1,1.5
23.08.2021 00:01:06.216,3.9138900000000003,3.9081800000000007,1,1.5
23.08.2021 00:01:06.267,3.9138900000000003,3.9081800000000007,1,1.5
23.08.2021 00:01:06.581,3.91386,3.9081800000000007,1,1.5
23.08.2021 00:01:06.631,3.91406,3.90824,1,1.5
23.08.2021 00:01:06.979,3.9136100000000003,3.9081800000000007,1,1.5
23.08.2021 00:01:07.133,3.9136100000000003,3.9081800000000007,1,1.5
23.08.2021 00:01:07.693,3.9133500000000003,3.9081800000000007,1,1.5
23.08.2021 00:01:18.382,3.9133500000000003,3.9082800000000004,1,1.5
23.08.2021 00:01:18.589,3.9133500000000003,3.9086800000000004,1,1.5
23.08.2021 00:01:18.689,3.91365,3.90831,1,1
23.08.2021 00:01:18.790,3.91365,3.9085800000000006,1,1.5
23.08.2021 00:01:18.975,3.91365,3.90831,1,1
23.08.2021 00:01:19.783,3.91365,3.9085300000000003,1,1.5
23.08.2021 00:01:24.552,3.9136400000000005,3.9085400000000003,1,1.5
23.08.2021 00:01:24.753,3.9136400000000005,3.90824,1,1.5
23.08.2021 00:01:25.056,3.9136400000000005,3.90824,1,1.5
23.08.2021 00:01:25.160,3.91365,3.9082800000000004,1,1.5
23.08.2021 00:01:31.136,3.91365,3.9082300000000005,1,1.5
23.08.2021 00:01:32.430,3.91365,3.9084800000000004,1,1.5
23.08.2021 00:01:40.339,3.9136400000000005,3.9082900000000005,1,1.5
23.08.2021 00:01:41.293,3.91365,3.9082800000000004,1,1.5
23.08.2021 00:02:10.280,3.91345,3.90804,1,1.5
23.08.2021 00:02:13.056,3.91345,3.9079400000000004,1,1.5
23.08.2021 00:02:13.106,3.91345,3.9079900000000003,1,1.5
23.08.2021 00:02:23.094,3.91345,3.9079400000000004,1,1.5
23.08.2021 00:02:25.880,3.9131800000000005,3.9078300000000006,1,1.5
23.08.2021 00:02:26.265,3.9131800000000005,3.9078300000000006,1.5,1.5
23.08.2021 00:02:26.466,3.9131800000000005,3.9078300000000006,1,1.5
23.08.2021 00:02:29.383,3.9131800000000005,3.9077800000000007,1,1.5
23.08.2021 00:02:30.066,3.9128800000000004,3.9077300000000004,1,1.5
23.08.2021 00:02:31.673,3.9127300000000003,3.9077300000000004,1,1.5
23.08.2021 00:02:32.452,3.9131300000000007,3.9079300000000003,1,1.5
23.08.2021 00:02:32.503,3.9134,3.9079800000000007,1,1.5
23.08.2021 00:02:32.553,3.91339,3.9081400000000004,1,1.5
23.08.2021 00:02:32.716,3.9133800000000005,3.9081800000000007,1,1.5
23.08.2021 00:02:33.311,3.9132000000000002,3.9079300000000003,1,1
23.08.2021 00:02:33.361,3.9132000000000002,3.9079300000000003,1,1
23.08.2021 00:02:33.412,3.91307,3.9079300000000003,1,1.5
23.08.2021 00:02:33.703,3.91319,3.9078800000000005,1,1.5
23.08.2021 00:02:33.755,3.91319,3.9078800000000005,1,1.5
23.08.2021 00:02:33.925,3.91319,3.9079300000000003,1,1.5
23.08.2021 00:02:34.026,3.91297,3.9079300000000003,1,1.5
23.08.2021 00:02:34.177,3.9131800000000005,3.9079300000000003,1,1.5
23.08.2021 00:02:34.503,3.9129500000000004,3.9079400000000004,1,1.5
23.08.2021 00:02:34.604,3.9132000000000002,3.9078900000000005,1,1.5
23.08.2021 00:02:34.654,3.91299,3.9079300000000003,1,1.5
23.08.2021 00:02:34.856,3.91321,3.9079300000000003,1,1.5
23.08.2021 00:02:35.112,3.91296,3.9079400000000004,1,1.5
23.08.2021 00:02:35.163,3.9132000000000002,3.9078900000000005,1,1.5
23.08.2021 00:02:35.415,3.9130000000000003,3.9079300000000003,1,1.5
23.08.2021 00:02:35.627,3.91311,3.9078800000000005,1,1.5
23.08.2021 00:02:36.170,3.91336,3.9078800000000005,1.5,1.5
23.08.2021 00:02:36.351,3.91336,3.9079300000000003,1,1.5
23.08.2021 00:02:36.402,3.9131500000000004,3.9079300000000003,1,1.5
23.08.2021 00:02:36.576,3.9133300000000006,3.9078900000000005,1,1.5
23.08.2021 00:02:36.626,3.9131400000000003,3.9078900000000005,1,1.5
23.08.2021 00:02:36.777,3.9133199999999997,3.9079400000000004,1,1.5
23.08.2021 00:02:36.828,3.9131400000000003,3.9078800000000005,1,1.5
23.08.2021 00:02:38.983,3.91276,3.9078800000000005,1,1.5
23.08.2021 00:02:54.785,3.9127500000000004,3.9079400000000004,1,1.5
23.08.2021 00:02:54.939,3.9127500000000004,3.9079400000000004,1,1.5
23.08.2021 00:02:56.190,3.91285,3.9079300000000003,1,1.5
23.08.2021 00:03:07.385,3.91285,3.9078800000000005,1,1.5
23.08.2021 00:03:07.893,3.91285,3.9080300000000006,1,1.5
23.08.2021 00:03:07.994,3.9133300000000006,3.9080300000000006,1,1.5
23.08.2021 00:03:08.044,3.9133199999999997,3.9079400000000004,1.5,1.5
23.08.2021 00:03:08.145,3.9129800000000006,3.9077900000000003,1,1
23.08.2021 00:03:08.332,3.9126800000000004,3.9077900000000003,1,1
23.08.2021 00:03:11.842,3.91267,3.90736,1,1.5
23.08.2021 00:03:11.892,3.9126800000000004,3.9076300000000006,1,1.5
23.08.2021 00:03:12.094,3.9126800000000004,3.9076800000000005,1,1.5
23.08.2021 00:03:12.801,3.9126800000000004,3.9076800000000005,1,1.5
23.08.2021 00:03:13.002,3.91267,3.90767,1,1
23.08.2021 00:03:13.103,3.9126800000000004,3.9079300000000003,1,1.5
23.08.2021 00:03:13.618,3.91247,3.9078900000000005,1,1.5
23.08.2021 00:03:13.668,3.91281,3.9078900000000005,1,1.5
23.08.2021 00:03:13.719,3.91305,3.9078800000000005,1,1.5
23.08.2021 00:03:14.073,3.9128600000000002,3.9078300000000006,1,1.5
23.08.2021 00:03:14.123,3.9130300000000005,3.90784,1,1.5
23.08.2021 00:03:14.325,3.9130400000000005,3.9078300000000006,1,1.5
23.08.2021 00:03:14.490,3.91287,3.90784,1,1.5
23.08.2021 00:03:14.591,3.91287,3.9078900000000005,1,1.5
23.08.2021 00:03:14.845,3.9128800000000004,3.9078800000000005,1,1.5
23.08.2021 00:03:14.896,3.91297,3.9078900000000005,1,1.5
23.08.2021 00:03:15.115,3.9129800000000006,3.9078800000000005,1,1.5
23.08.2021 00:03:15.497,3.9128000000000003,3.9079400000000004,1,1.5
23.08.2021 00:03:15.699,3.9130300000000005,3.9078800000000005,1,1.5
23.08.2021 00:03:15.913,3.9127800000000006,3.9079300000000003,1,1.5
23.08.2021 00:03:16.279,3.9127800000000006,3.9078300000000006,1,1.5
23.08.2021 00:03:19.254,3.9127800000000006,3.9078300000000006,1,1.5
23.08.2021 00:03:19.437,3.9127800000000006,3.9080800000000004,1,1
23.08.2021 00:03:20.096,3.9127800000000006,3.9080800000000004,1,1
23.08.2021 00:03:22.260,3.91277,3.9078900000000005,1,1.5
23.08.2021 00:03:23.913,3.91305,3.9081800000000007,1,1
23.08.2021 00:03:24.101,3.91305,3.9081800000000007,1,1
23.08.2021 00:03:24.303,3.91305,3.9078300000000006,1.12,1.5
23.08.2021 00:03:30.963,3.9131,3.9081300000000003,1.5,1
23.08.2021 00:03:31.027,3.9131,3.9081300000000003,1.5,1
23.08.2021 00:03:36.263,3.9130900000000004,3.9081400000000004,1.5,1
23.08.2021 00:03:36.444,3.9131,3.9081300000000003,1.5,1
23.08.2021 00:03:38.170,3.9131,3.9083300000000003,1.5,1.5
23.08.2021 00:03:38.221,3.9131,3.9081300000000003,1.5,1
23.08.2021 00:03:47.036,3.9130900000000004,3.9081400000000004,1,1
23.08.2021 00:03:47.237,3.9131,3.9081300000000003,1.5,1
23.08.2021 00:03:53.494,3.9131,3.9081800000000007,1,1.5
23.08.2021 00:03:53.715,3.9131,3.9081300000000003,1.5,1
23.08.2021 00:03:53.923,3.9131,3.9083300000000003,1.5,1.5
23.08.2021 00:03:54.097,3.9131,3.9081300000000003,1.5,1
23.08.2021 00:03:56.585,3.9131,3.9080300000000006,1,1.5
23.08.2021 00:03:56.787,3.9131,3.9079800000000007,1.5,1.5
23.08.2021 00:03:56.990,3.9130900000000004,3.90804,1,1.5
23.08.2021 00:03:57.040,3.9131,3.9079800000000007,1.5,1.5
23.08.2021 00:03:57.243,3.9131,3.9080300000000006,1,1.5
23.08.2021 00:03:57.451,3.9131,3.9079800000000007,1.5,1.5
23.08.2021 00:03:57.648,3.9131,3.9080300000000006,1,1.5
23.08.2021 00:03:57.858,3.9130900000000004,3.9079900000000003,1.5,1.5
23.08.2021 00:03:58.050,3.9131,3.9080300000000006,1,1.5
23.08.2021 00:03:58.363,3.9131,3.9079800000000007,1.5,1.5
23.08.2021 00:03:58.563,3.9131,3.9079800000000007,1,1.5
23.08.2021 00:03:58.969,3.9131,3.9079800000000007,1.5,1.5
23.08.2021 00:03:59.171,3.9131,3.9080300000000006,1,1.5
23.08.2021 00:03:59.576,3.9131,3.9079800000000007,1.5,1.5
23.08.2021 00:03:59.776,3.9130900000000004,3.90804,1,1.5
23.08.2021 00:04:00.959,3.9130900000000004,3.9079900000000003,1.5,1.5
23.08.2021 00:04:01.060,3.9130900000000004,3.9079900000000003,1,1.5
23.08.2021 00:04:01.230,3.9131,3.9079800000000007,1.5,1.5
23.08.2021 00:04:01.384,3.9131,3.9080300000000006,1,1.5
23.08.2021 00:04:01.527,3.9131,3.9079800000000007,1.5,1.5
23.08.2021 00:04:01.577,3.9131,3.9080300000000006,1,1.5
23.08.2021 00:04:01.961,3.9131,3.9080300000000006,1.5,1.5
23.08.2021 00:04:02.026,3.9131,3.9080300000000006,1,1.5
23.08.2021 00:04:02.237,3.9130900000000004,3.9079900000000003,1.5,1.5
23.08.2021 00:04:02.288,3.9131,3.9080800000000004,1,1.5
23.08.2021 00:04:02.338,3.9128900000000004,3.9080800000000004,1,1.5
23.08.2021 00:04:02.442,3.9128900000000004,3.9079300000000003,1,1.5
23.08.2021 00:04:10.306,3.9128900000000004,3.9083300000000003,1,1.5
23.08.2021 00:04:13.875,3.9128900000000004,3.9079800000000007,1.5,1.5
23.08.2021 00:04:14.280,3.9128800000000004,3.9083400000000004,1,1.5
23.08.2021 00:04:14.481,3.9128900000000004,3.9082800000000004,1.5,1
23.08.2021 00:04:15.146,3.9128900000000004,3.9082800000000004,1,1
23.08.2021 00:04:23.572,3.9128900000000004,3.9081800000000007,1,1.5
23.08.2021 00:04:23.774,3.9128900000000004,3.9082800000000004,1,1.5
23.08.2021 00:04:23.976,3.9128900000000004,3.9083300000000003,1,1.5
23.08.2021 00:04:26.719,3.9128800000000004,3.90836,1,1.5
23.08.2021 00:04:27.417,3.9128900000000004,3.9082500000000002,1,1.5
23.08.2021 00:04:29.409,3.9131500000000004,3.90824,1,1
23.08.2021 00:04:34.366,3.9131500000000004,3.90845,1.5,1
23.08.2021 00:04:45.433,3.9131400000000003,3.90824,1.5,1.5
23.08.2021 00:04:45.534,3.9128800000000004,3.9081900000000003,1,1.5
23.08.2021 00:04:46.832,3.9128900000000004,3.9081800000000007,1,1.5
23.08.2021 00:04:47.103,3.9128900000000004,3.9082800000000004,1,1.5
23.08.2021 00:04:47.588,3.9128900000000004,3.9083300000000003,1,1.5
23.08.2021 00:04:47.769,3.9128900000000004,3.9082800000000004,1,1.5
23.08.2021 00:04:48.258,3.9131400000000003,3.9082900000000005,1,1.5
23.08.2021 00:04:48.359,3.9131400000000003,3.9085400000000003,1.12,1
23.08.2021 00:04:48.527,3.9131400000000003,3.9085400000000003,1.12,1
23.08.2021 00:04:57.755,3.9131400000000003,3.9087400000000003,1.12,1.5
23.08.2021 00:04:57.910,3.9131500000000004,3.9087300000000003,1.12,1.5
23.08.2021 00:04:58.112,3.9131500000000004,3.9087,1.12,1
23.08.2021 00:04:58.187,3.9131500000000004,3.9087,1.12,1
23.08.2021 00:04:58.904,3.9131500000000004,3.9086300000000005,1.12,1
23.08.2021 00:04:59.078,3.9131500000000004,3.9087300000000003,1.12,1.5
23.08.2021 00:04:59.266,3.9131500000000004,3.9087300000000003,1.12,1.5
23.08.2021 00:04:59.469,3.9131500000000004,3.9087,1.5,1
23.08.2021 00:04:59.671,3.9131500000000004,3.9087,1.12,1
23.08.2021 00:05:00.442,3.9131500000000004,3.9086800000000004,1.12,1.5
23.08.2021 00:05:08.038,3.9131400000000003,3.9083400000000004,1,1.5
23.08.2021 00:05:08.192,3.9131500000000004,3.90847,1,1
23.08.2021 00:05:11.473,3.9131500000000004,3.90831,1,1
23.08.2021 00:05:11.530,3.9131400000000003,3.90832,1,1
23.08.2021 00:05:17.705,3.9131500000000004,3.9085800000000006,1,1.5
23.08.2021 00:05:17.882,3.9131500000000004,3.9083699999999997,1,1
23.08.2021 00:05:17.985,3.9131500000000004,3.9085300000000003,1,1.5
23.08.2021 00:05:18.086,3.9131400000000003,3.9084800000000004,1.12,1
23.08.2021 00:05:18.136,3.9131500000000004,3.90857,1,1
23.08.2021 00:05:18.307,3.9131500000000004,3.90857,1.12,1
23.08.2021 00:05:23.799,3.9131500000000004,3.9082800000000004,1,1.5
23.08.2021 00:05:24.201,3.9131500000000004,3.9085300000000003,1,1.5
23.08.2021 00:05:24.401,3.9131400000000003,3.90846,1,1
23.08.2021 00:05:24.604,3.9131400000000003,3.90864,1,1.5
23.08.2021 00:05:24.805,3.9131500000000004,3.90855,1.12,1
23.08.2021 00:05:28.532,3.9133500000000003,3.90879,1.5,1.5
23.08.2021 00:05:28.733,3.91336,3.9088300000000005,1,1.5
23.08.2021 00:05:28.893,3.91336,3.90879,1,1
23.08.2021 00:05:29.136,3.91336,3.90879,1,1
23.08.2021 00:05:32.079,3.91336,3.9085300000000003,1,1.5
23.08.2021 00:05:38.912,3.91345,3.9084900000000005,1.5,1.5
23.08.2021 00:05:55.455,3.91336,3.90882,1,1
23.08.2021 00:05:55.505,3.9136100000000003,3.90882,1.5,1
23.08.2021 00:05:55.611,3.9136100000000003,3.90882,1,1
23.08.2021 00:05:55.745,3.9136,3.9088300000000005,1,1
23.08.2021 00:05:56.538,3.9136100000000003,3.9085300000000003,1,1.5
23.08.2021 00:05:57.130,3.9136100000000003,3.9084800000000004,1.5,1.5
23.08.2021 00:06:03.050,3.9136100000000003,3.9088300000000005,1,1
23.08.2021 00:06:03.151,3.9136,3.9084900000000005,1.5,1.5
23.08.2021 00:06:03.302,3.9136100000000003,3.9084800000000004,1.5,1.5
23.08.2021 00:06:03.737,3.9136,3.90864,1.5,1.5
23.08.2021 00:06:06.430,3.9136,3.90844,1.5,1.5
23.08.2021 00:06:06.610,3.9136,3.9086800000000004,1.5,1
23.08.2021 00:06:07.910,3.9136100000000003,3.90867,1.5,1
23.08.2021 00:06:09.111,3.9136100000000003,3.9087199999999998,1.5,1
23.08.2021 00:06:23.385,3.9136100000000003,3.9084300000000005,1.5,1.5
23.08.2021 00:06:25.830,3.9136100000000003,3.9084300000000005,1.5,1.5
23.08.2021 00:06:31.176,3.9136100000000003,3.9084300000000005,1,1.5
23.08.2021 00:06:31.427,3.9136100000000003,3.9085300000000003,1.5,1.5
23.08.2021 00:06:32.755,3.9136,3.9085900000000002,1.5,1.5
23.08.2021 00:06:32.886,3.9136100000000003,3.9083300000000003,1.5,1.5
23.08.2021 00:06:38.887,3.9136,3.9083400000000004,1.5,1.5
23.08.2021 00:06:39.725,3.9136100000000003,3.90835,1.5,1.5
23.08.2021 00:06:49.245,3.9136100000000003,3.9084300000000005,1.5,1.5
23.08.2021 00:06:50.240,3.9136100000000003,3.9084300000000005,1.5,1.5
23.08.2021 00:06:51.855,3.9136800000000003,3.9083400000000004,1.5,1.5
23.08.2021 00:06:54.645,3.91346,3.9082800000000004,1.5,1.5
23.08.2021 00:06:54.805,3.91345,3.9088600000000002,1.5,1.12
23.08.2021 00:06:54.960,3.91345,3.9088600000000002,1.5,1.5
23.08.2021 00:06:55.162,3.91345,3.9082900000000005,1.5,1
23.08.2021 00:06:55.362,3.91346,3.9082800000000004,1.5,1
23.08.2021 00:06:55.563,3.91346,3.9082800000000004,1.5,1
23.08.2021 00:06:55.791,3.91316,3.9082800000000004,1,1
23.08.2021 00:06:55.841,3.9134,3.9088800000000004,1,1.5
23.08.2021 00:06:55.942,3.9135500000000003,3.9089,1,1.5
23.08.2021 00:06:55.992,3.9135500000000003,3.9082300000000005,1.5,1.5
23.08.2021 00:07:01.248,3.9135500000000003,3.9088800000000004,1.5,1.5
23.08.2021 00:07:02.034,3.9135400000000002,3.9081900000000003,1.5,1.5
23.08.2021 00:07:07.840,3.9135500000000003,3.9084300000000005,1.5,1.5
23.08.2021 00:07:07.890,3.9135500000000003,3.90881,1.5,1
23.08.2021 00:07:08.108,3.9135500000000003,3.90881,1.5,1.5
23.08.2021 00:07:08.587,3.91336,3.9087800000000006,1,1.5
23.08.2021 00:07:08.690,3.9134800000000003,3.9088400000000005,1,1.5
23.08.2021 00:07:08.791,3.91347,3.9088000000000003,1.5,1.5
23.08.2021 00:07:08.892,3.91317,3.9087800000000006,1,1.5
23.08.2021 00:07:08.992,3.91317,3.90881,1.5,1.5
23.08.2021 00:07:09.194,3.91316,3.90876,1,1.5
23.08.2021 00:07:09.396,3.91317,3.9081300000000003,1.5,1.5
23.08.2021 00:07:09.446,3.91317,3.9087800000000006,1,1.5
23.08.2021 00:07:09.497,3.91317,3.9087800000000006,1.5,1.5
23.08.2021 00:07:09.648,3.9134400000000005,3.9088400000000005,1.5,1.5
23.08.2021 00:07:09.850,3.9134300000000004,3.90885,1.5,1.5
23.08.2021 00:07:10.150,3.9134400000000005,3.9088400000000005,1,1
23.08.2021 00:07:10.207,3.9134400000000005,3.9088400000000005,1.5,1.5
23.08.2021 00:07:10.307,3.9134400000000005,3.9082800000000004,1.5,1.5
23.08.2021 00:07:10.499,3.9134400000000005,3.90882,1.5,1.5
23.08.2021 00:07:10.834,3.9134400000000005,3.9088300000000005,1,1.5
23.08.2021 00:07:10.992,3.9134400000000005,3.9088400000000005,1.5,1.5
23.08.2021 00:07:11.636,3.9134400000000005,3.90824,1,1
23.08.2021 00:07:11.737,3.9134400000000005,3.9079300000000003,1,1.5
23.08.2021 00:07:11.838,3.9136400000000005,3.9088900000000004,1.12,1.5
23.08.2021 00:07:11.888,3.91365,3.90877,1.5,1.5
23.08.2021 00:07:12.052,3.91352,3.9087300000000003,1,1.5
23.08.2021 00:07:12.274,3.91357,3.9087,1.5,1.5
23.08.2021 00:07:12.324,3.91327,3.90877,1.5,1.5
23.08.2021 00:07:12.503,3.91327,3.90877,1.5,1.5
23.08.2021 00:07:12.753,3.91365,3.90815,1.5,1
23.08.2021 00:07:12.804,3.91365,3.9087199999999998,1.5,1
23.08.2021 00:07:12.909,3.9136400000000005,3.90877,1.5,1.5
23.08.2021 00:07:13.120,3.9136400000000005,3.90816,1.5,1
23.08.2021 00:07:13.242,3.91339,3.90816,1,1
23.08.2021 00:07:13.342,3.91345,3.90816,1,1
23.08.2021 00:07:13.393,3.91346,3.9080800000000004,1,1.5
23.08.2021 00:07:13.527,3.9135,3.9081,1.5,1
23.08.2021 00:07:13.628,3.91347,3.90876,1,1.5
23.08.2021 00:07:13.760,3.91347,3.90876,1,1.5
23.08.2021 00:07:13.993,3.91326,3.9082800000000004,1,1
23.08.2021 00:07:14.230,3.91326,3.90876,1.5,1.5
23.08.2021 00:07:14.673,3.91327,3.9087500000000004,1.5,1.12
23.08.2021 00:07:14.901,3.9133400000000003,3.9086600000000002,1,1.5
23.08.2021 00:07:15.252,3.9133400000000003,3.9086300000000005,1.5,1.5
23.08.2021 00:07:15.641,3.9133400000000003,3.9086300000000005,1,1.5
23.08.2021 00:07:15.742,3.9132400000000005,3.90856,1,1.5
23.08.2021 00:07:16.007,3.9133300000000006,3.90784,1,1.5
23.08.2021 00:07:16.057,3.9133400000000003,3.90862,1.5,1.5
23.08.2021 00:07:16.463,3.9133400000000003,3.9085900000000002,1,1.5
23.08.2021 00:07:16.514,3.91307,3.90855,1,1.5
23.08.2021 00:07:16.564,3.91326,3.90857,1,1.5
23.08.2021 00:07:16.645,3.91327,3.90856,1.5,1.5
23.08.2021 00:07:16.868,3.91327,3.90856,1,1.5
23.08.2021 00:07:17.265,3.9133199999999997,3.9085800000000006,1.5,1.5
23.08.2021 00:07:17.455,3.9133199999999997,3.9085800000000006,1.5,1.5
23.08.2021 00:07:17.661,3.9133199999999997,3.90855,1,1.5
23.08.2021 00:07:18.120,3.9133199999999997,3.9085300000000003,1.5,1.5
23.08.2021 00:07:18.766,3.9133199999999997,3.9078800000000005,1,1.5
23.08.2021 00:07:18.928,3.9133199999999997,3.90857,1.5,1.5
23.08.2021 00:07:19.185,3.91331,3.9085800000000006,1,1.5
23.08.2021 00:07:19.336,3.91331,3.9080900000000005,1.5,1.5
23.08.2021 00:07:19.526,3.9133199999999997,3.9079400000000004,1.5,1
23.08.2021 00:07:19.678,3.91331,3.90795,1.5,1
23.08.2021 00:07:19.728,3.9133199999999997,3.9079400000000004,1.5,1
23.08.2021 00:07:20.709,3.9133199999999997,3.90851,1,1.5
23.08.2021 00:07:20.874,3.91331,3.90802,1.5,1
23.08.2021 00:07:21.301,3.9133199999999997,3.90804,1,1
23.08.2021 00:07:21.571,3.9133199999999997,3.90804,1.5,1
23.08.2021 00:07:22.307,3.9133199999999997,3.9078800000000005,1,1.5
23.08.2021 00:07:22.733,3.91331,3.90784,1.5,1.5
23.08.2021 00:07:23.118,3.9133199999999997,3.9078300000000006,1,1.5
23.08.2021 00:07:23.318,3.91331,3.9079900000000003,1,1.5
23.08.2021 00:07:23.419,3.9131400000000003,3.9080800000000004,1,1.5
23.08.2021 00:07:23.542,3.9131400000000003,3.9081800000000007,1,1.5
23.08.2021 00:07:23.646,3.9133500000000003,3.9082300000000005,1,1.5
23.08.2021 00:07:23.725,3.9133400000000003,3.90824,1,1.5
23.08.2021 00:07:24.180,3.9133400000000003,3.9081900000000003,1.5,1.5
23.08.2021 00:07:24.416,3.9134900000000004,3.9081300000000003,1.5,1.5
23.08.2021 00:07:24.583,3.9134900000000004,3.9084800000000004,1,1.5
23.08.2021 00:07:24.818,3.9133400000000003,3.9081800000000007,1,1.5
23.08.2021 00:07:24.987,3.9133300000000006,3.9081900000000003,1.5,1.5
23.08.2021 00:07:26.554,3.9133300000000006,3.9081900000000003,1.5,1.5
23.08.2021 00:07:27.894,3.9133300000000006,3.9080900000000005,1.5,1.5
23.08.2021 00:07:28.507,3.9133400000000003,3.9080800000000004,1,1.5
23.08.2021 00:07:28.711,3.9133400000000003,3.9081900000000003,1,1
23.08.2021 00:07:28.913,3.9133300000000006,3.9082000000000003,1.5,1
23.08.2021 00:07:31.659,3.9133300000000006,3.9081400000000004,1.5,1.5
23.08.2021 00:07:33.540,3.9133400000000003,3.9081300000000003,1.5,1.5
23.08.2021 00:07:41.383,3.9133300000000006,3.9081400000000004,1.5,1.5
23.08.2021 00:07:59.699,3.9133300000000006,3.90824,1.5,1.5
23.08.2021 00:08:00.238,3.9133400000000003,3.9082300000000005,1.5,1.5
23.08.2021 00:08:00.440,3.9136400000000005,3.9084800000000004,1,1
23.08.2021 00:08:00.541,3.9136400000000005,3.9084800000000004,1.5,1
23.08.2021 00:08:04.188,3.9136400000000005,3.9081300000000003,1,1.5
23.08.2021 00:08:04.239,3.91342,3.9081800000000007,1,1.5
23.08.2021 00:08:04.390,3.91342,3.90882,1,1.5
23.08.2021 00:08:04.545,3.91342,3.9085800000000006,1,1.5
23.08.2021 00:08:04.645,3.91342,3.90846,1,1
23.08.2021 00:08:04.837,3.91342,3.90846,1.5,1
23.08.2021 00:08:05.109,3.91341,3.90847,1,1
23.08.2021 00:08:05.236,3.91317,3.90846,1,1
23.08.2021 00:08:05.308,3.91317,3.90846,1,1
23.08.2021 00:08:05.674,3.91317,3.9082300000000005,1,1.5
23.08.2021 00:08:06.555,3.91316,3.90887,1.5,1.5
23.08.2021 00:08:06.874,3.91317,3.9082300000000005,1,1.5
23.08.2021 00:08:06.975,3.9134300000000004,3.9081900000000003,1,1.5
23.08.2021 00:08:07.072,3.9134400000000005,3.9081800000000007,1.5,1.5
23.08.2021 00:08:07.273,3.9134300000000004,3.9081900000000003,1,1.5
23.08.2021 00:08:07.797,3.9134400000000005,3.9081300000000003,1.5,1.5
23.08.2021 00:08:07.852,3.9134400000000005,3.9081300000000003,1.5,1.5
23.08.2021 00:08:08.053,3.9134300000000004,3.90824,1,1.5
23.08.2021 00:08:08.286,3.9134400000000005,3.9089,1.5,1.5
23.08.2021 00:08:08.697,3.9134400000000005,3.90887,1,1.5
23.08.2021 00:08:09.141,3.91357,3.9089500000000004,1.5,1.5
23.08.2021 00:08:11.155,3.91331,3.90896,1,1.5
23.08.2021 00:08:11.256,3.9133199999999997,3.9082300000000005,1,1.5
23.08.2021 00:08:11.519,3.91351,3.9089,1,1.5
23.08.2021 00:08:11.679,3.91351,3.9088900000000004,1.5,1.5
23.08.2021 00:08:11.872,3.91351,3.9088900000000004,1,1.5
23.08.2021 00:08:12.075,3.91352,3.9088800000000004,1.5,1.5
23.08.2021 00:08:13.661,3.91352,3.9089300000000007,1,1.5
23.08.2021 00:08:13.879,3.91352,3.9089300000000007,1.5,1.5
23.08.2021 00:08:14.578,3.91352,3.9081800000000007,1,1.5
23.08.2021 00:08:14.940,3.91336,3.9082300000000005,1,1.5
23.08.2021 00:08:15.376,3.9133500000000003,3.9081900000000003,1.5,1.5
23.08.2021 00:08:15.600,3.91336,3.9083900000000003,1.5,1
23.08.2021 00:08:15.758,3.91336,3.9083900000000003,1,1
23.08.2021 00:08:16.179,3.9133500000000003,3.9084000000000003,1.5,1
23.08.2021 00:08:16.615,3.91336,3.9082300000000005,1,1.5
23.08.2021 00:08:16.716,3.91336,3.9082300000000005,1.5,1.5
23.08.2021 00:08:16.877,3.91336,3.9082300000000005,1,1.5
23.08.2021 00:08:17.098,3.91336,3.9081800000000007,1.5,1.5
23.08.2021 00:08:17.551,3.91336,3.9082300000000005,1,1.5
23.08.2021 00:08:17.952,3.91359,3.9081800000000007,1,1.5
23.08.2021 00:08:18.103,3.9135800000000005,3.9081900000000003,1.5,1.5
23.08.2021 00:08:18.305,3.91359,3.9082300000000005,1,1.5
23.08.2021 00:08:18.707,3.91341,3.9081800000000007,1.5,1.5
23.08.2021 00:08:19.109,3.91341,3.9082300000000005,1,1.5
23.08.2021 00:08:20.110,3.9134,3.9081900000000003,1.5,1.5
23.08.2021 00:08:20.555,3.9134,3.90824,1,1.5
23.08.2021 00:08:20.606,3.91317,3.9081800000000007,1,1.5
23.08.2021 00:08:20.781,3.91317,3.9082300000000005,1,1.5
23.08.2021 00:08:21.033,3.91317,3.9081800000000007,1,1.5
23.08.2021 00:08:21.652,3.91317,3.9082800000000004,1,1.5
23.08.2021 00:08:21.893,3.91317,3.9081800000000007,1,1.5
23.08.2021 00:08:22.160,3.91317,3.9081800000000007,1,1.5
23.08.2021 00:08:22.211,3.91342,3.9081800000000007,1,1.5
23.08.2021 00:08:22.318,3.91342,3.9081800000000007,1.5,1.5
23.08.2021 00:08:22.557,3.91342,3.90887,1,1.5
23.08.2021 00:08:22.837,3.91341,3.90824,1.5,1.5
23.08.2021 00:08:23.038,3.91342,3.9082300000000005,1,1.5
23.08.2021 00:08:23.265,3.91342,3.90891,1.5,1.5
23.08.2021 00:08:23.477,3.9135400000000002,3.9088900000000004,1.5,1.5
23.08.2021 00:08:23.652,3.9135400000000002,3.9088900000000004,1,1.5
23.08.2021 00:08:24.071,3.9135300000000006,3.9081900000000003,1.5,1.5
23.08.2021 00:08:24.463,3.9135300000000006,3.90887,1,1.5
23.08.2021 00:08:24.875,3.91342,3.9088800000000004,1.5,1.5
23.08.2021 00:08:25.258,3.91342,3.9088800000000004,1,1.5
23.08.2021 00:08:25.786,3.91341,3.90891,1.5,1.5
23.08.2021 00:08:26.190,3.91341,3.90824,1,1.5
23.08.2021 00:08:26.347,3.91342,3.9081800000000007,1.5,1.5
23.08.2021 00:08:26.589,3.91342,3.9082300000000005,1,1.5
23.08.2021 00:08:26.986,3.91342,3.9089300000000007,1.5,1.5
23.08.2021 00:08:27.395,3.91342,3.9082300000000005,1,1.5
23.08.2021 00:08:27.574,3.91341,3.9081900000000003,1.5,1.5
23.08.2021 00:08:27.855,3.9129500000000004,3.9081800000000007,1,1.5
23.08.2021 00:08:27.905,3.91327,3.9089400000000003,1.5,1.5
23.08.2021 00:08:28.549,3.91327,3.9082800000000004,1.5,1.5
23.08.2021 00:08:28.827,3.91326,3.9082900000000005,1,1.5
23.08.2021 00:08:29.029,3.91342,3.9087800000000006,1,1.5
23.08.2021 00:08:29.079,3.91385,3.90861,1,1
23.08.2021 00:08:29.188,3.91385,3.90861,1,1
23.08.2021 00:08:29.590,3.91385,3.90861,1,1
23.08.2021 00:08:29.994,3.91386,3.9088300000000005,1,1.5
23.08.2021 00:08:31.525,3.91386,3.9089800000000006,1,1.5
23.08.2021 00:08:31.685,3.91386,3.9089800000000006,1,1.5
23.08.2021 00:08:31.735,3.91386,3.9086600000000002,1,1
23.08.2021 00:08:31.983,3.91385,3.9090400000000005,1,1.5
23.08.2021 00:08:32.163,3.91386,3.9086600000000002,1,1
23.08.2021 00:08:32.263,3.91386,3.9086600000000002,1,1
23.08.2021 00:08:32.499,3.91385,3.9085900000000002,1.5,1.5
23.08.2021 00:08:32.549,3.9136400000000005,3.9085900000000002,1,1.5
23.08.2021 00:08:32.700,3.9137800000000005,3.9089300000000007,1,1
23.08.2021 00:08:32.855,3.91397,3.9089300000000007,1,1
23.08.2021 00:08:32.906,3.91397,3.9089300000000007,1.5,1
23.08.2021 00:08:33.041,3.9138400000000004,3.9089300000000007,1.5,1
23.08.2021 00:08:35.178,3.9138300000000004,3.9088400000000005,1.5,1.5
23.08.2021 00:08:35.229,3.9135,3.9085800000000006,1,1.5
23.08.2021 00:08:35.380,3.9135,3.9085300000000003,1,1.5
23.08.2021 00:08:35.599,3.9135,3.9084800000000004,1,1.5
23.08.2021 00:08:36.245,3.9137000000000004,3.9085300000000003,1,1.5
23.08.2021 00:08:37.613,3.9136900000000003,3.9085900000000002,1,1.5
23.08.2021 00:08:37.802,3.9137000000000004,3.9085800000000006,1.5,1.5
23.08.2021 00:08:38.040,3.9137000000000004,3.9085800000000006,1,1.5
23.08.2021 00:08:38.202,3.9137000000000004,3.9085800000000006,1.5,1.5
23.08.2021 00:08:38.401,3.91376,3.9086300000000005,1,1.5
23.08.2021 00:08:38.865,3.9137500000000003,3.90864,1.5,1.5
23.08.2021 00:08:38.966,3.9134,3.9085300000000003,1,1.5
23.08.2021 00:08:39.377,3.9134300000000004,3.9085300000000003,1,1.5
23.08.2021 00:08:39.535,3.9134300000000004,3.9084300000000005,1,1.5
23.08.2021 00:08:39.804,3.9134300000000004,3.9084800000000004,1,1.5
23.08.2021 00:08:39.905,3.9136,3.9084800000000004,1,1.5
23.08.2021 00:08:40.005,3.9136,3.9091400000000003,1,1.5
23.08.2021 00:08:40.276,3.9136,3.9084800000000004,1,1.5
23.08.2021 00:08:40.652,3.9133500000000003,3.9084300000000005,1,1.5
23.08.2021 00:08:40.864,3.9133500000000003,3.9084300000000005,1,1.5
23.08.2021 00:08:41.017,3.9135400000000002,3.9091500000000003,1,1.5
23.08.2021 00:08:41.267,3.9135400000000002,3.9084300000000005,1,1.5
23.08.2021 00:08:41.317,3.9134,3.9084800000000004,1,1.5
23.08.2021 00:08:41.469,3.9134,3.9084800000000004,1,1.5
23.08.2021 00:08:42.108,3.9134,3.90862,1,1
23.08.2021 00:08:42.218,3.91356,3.9086300000000005,1,1.5
23.08.2021 00:08:42.419,3.91356,3.9085300000000003,1.5,1.5
23.08.2021 00:08:42.643,3.9135500000000003,3.9087400000000003,1,1.5
23.08.2021 00:08:42.921,3.91336,3.90856,1,1
23.08.2021 00:08:43.010,3.9135400000000002,3.90856,1.5,1
23.08.2021 00:08:43.292,3.9135400000000002,3.90856,1,1
23.08.2021 00:08:43.597,3.9133400000000003,3.9084800000000004,1,1.5
23.08.2021 00:08:43.764,3.9134900000000004,3.9084900000000005,1.5,1.5
23.08.2021 00:08:44.125,3.9135,3.9084800000000004,1,1.5
23.08.2021 00:08:44.517,3.9134900000000004,3.9084900000000005,1.5,1.5
23.08.2021 00:08:44.946,3.9134900000000004,3.9085400000000003,1,1.5
23.08.2021 00:08:45.300,3.9135,3.9084300000000005,1.5,1.5
23.08.2021 00:08:45.483,3.9135,3.9085300000000003,1,1.5
23.08.2021 00:08:45.703,3.9134900000000004,3.9084900000000005,1.5,1.5
23.08.2021 00:08:46.139,3.9137000000000004,3.9085300000000003,1,1.5
23.08.2021 00:08:46.189,3.9135,3.9084900000000005,1,1.5
23.08.2021 00:08:46.294,3.9135,3.9084900000000005,1.5,1.5
23.08.2021 00:08:46.632,3.91351,3.9084300000000005,1,1.5
23.08.2021 00:08:46.683,3.9136100000000003,3.9084300000000005,1,1.5
23.08.2021 00:08:46.733,3.9136100000000003,3.9084300000000005,1.5,1.5
23.08.2021 00:08:46.908,3.9136,3.9086600000000002,1.5,1
23.08.2021 00:08:47.156,3.9136100000000003,3.90865,1,1
23.08.2021 00:08:47.437,3.91351,3.90865,1.5,1
23.08.2021 00:08:48.011,3.9136900000000003,3.9084800000000004,1,1.5
23.08.2021 00:08:48.353,3.9134900000000004,3.9084300000000005,1.5,1.5
23.08.2021 00:08:49.157,3.9136,3.9085300000000003,1,1.5
23.08.2021 00:08:49.546,3.91359,3.9084900000000005,1.5,1.5
23.08.2021 00:08:49.964,3.9136,3.9085300000000003,1,1.5
23.08.2021 00:08:50.577,3.9136,3.9084800000000004,1.5,1.5
23.08.2021 00:08:50.881,3.9136,3.9085300000000003,1,1.5
23.08.2021 00:08:51.043,3.9136,3.9084800000000004,1.5,1.5
23.08.2021 00:08:51.283,3.9136,3.9085300000000003,1,1.5
23.08.2021 00:08:51.407,3.9134300000000004,3.9084800000000004,1,1.5
23.08.2021 00:08:51.522,3.91342,3.9084900000000005,1.5,1.5
23.08.2021 00:08:51.913,3.9134300000000004,3.9084800000000004,1,1.5
23.08.2021 00:08:53.247,3.91342,3.90905,1,1.5
23.08.2021 00:08:53.428,3.9134300000000004,3.9085300000000003,1,1.5
23.08.2021 00:08:53.647,3.91342,3.90864,1,1
23.08.2021 00:08:53.822,3.9134300000000004,3.9086300000000005,1,1
23.08.2021 00:08:57.270,3.91342,3.9086900000000004,1,1.5
23.08.2021 00:08:57.425,3.9134300000000004,3.9086800000000004,1,1.5
23.08.2021 00:08:57.627,3.9134300000000004,3.9085800000000006,1.5,1
23.08.2021 00:08:59.135,3.9134300000000004,3.9084300000000005,1.5,1.5
23.08.2021 00:09:16.305,3.9134300000000004,3.9083800000000006,1.5,1.5
23.08.2021 00:09:23.091,3.9134300000000004,3.9082300000000005,1,1.5
23.08.2021 00:09:23.329,3.9134300000000004,3.9090300000000004,1.5,1.5
23.08.2021 00:09:23.575,3.9134300000000004,3.90897,1,1.5
23.08.2021 00:09:23.971,3.9136699999999998,3.90901,1.5,1.5
23.08.2021 00:09:24.145,3.9136800000000003,3.9090000000000003,1.5,1
23.08.2021 00:09:24.302,3.9136800000000003,3.9090000000000003,1.5,1.5
23.08.2021 00:09:24.562,3.9136800000000003,3.9084300000000005,1.5,1
23.08.2021 00:09:24.894,3.91357,3.9089400000000003,1,1.5
23.08.2021 00:09:24.945,3.9135300000000006,3.9089400000000003,1,1.5
23.08.2021 00:09:25.265,3.91357,3.90896,1.5,1.5
23.08.2021 00:09:25.454,3.91357,3.9090000000000003,1.5,1.5
23.08.2021 00:09:25.704,3.91357,3.90846,1,1
23.08.2021 00:09:25.754,3.9135300000000006,3.90846,1,1
23.08.2021 00:09:25.885,3.9135300000000006,3.90846,1.5,1
23.08.2021 00:09:26.103,3.91357,3.90899,1.5,1.5
23.08.2021 00:09:26.207,3.9135,3.90896,1,1
23.08.2021 00:09:26.310,3.9135,3.9088800000000004,1,1
23.08.2021 00:09:26.361,3.9135,3.9088400000000005,1,1
23.08.2021 00:09:26.411,3.9135,3.9088400000000005,1.5,1
23.08.2021 00:09:26.461,3.9135,3.90881,1.5,1
23.08.2021 00:09:26.596,3.9134900000000004,3.90879,1,1
23.08.2021 00:09:26.903,3.9131400000000003,3.90881,1,1
23.08.2021 00:09:27.004,3.9131300000000007,3.9083300000000003,1,1
23.08.2021 00:09:27.133,3.9131400000000003,3.9085300000000003,1,1.5
23.08.2021 00:09:27.378,3.9131300000000007,3.9083900000000003,1,1.5
23.08.2021 00:09:27.708,3.9131400000000003,3.9085800000000006,1,1.5
23.08.2021 00:09:27.837,3.9133400000000003,3.9085800000000006,1.5,1.5
23.08.2021 00:09:28.108,3.9133300000000006,3.9085400000000003,1,1.5
23.08.2021 00:09:28.173,3.91356,3.9085300000000003,1,1.5
23.08.2021 00:09:28.301,3.9135500000000003,3.9087400000000003,1,1.5
23.08.2021 00:09:28.548,3.9135500000000003,3.90864,1.5,1.5
23.08.2021 00:09:28.702,3.91356,3.9086300000000005,1.5,1.5
23.08.2021 00:09:28.904,3.91356,3.9085199999999998,1.5,1
23.08.2021 00:09:29.106,3.91356,3.90905,1.5,1.5
23.08.2021 00:09:29.306,3.91356,3.90857,1.5,1
23.08.2021 00:09:29.709,3.91356,3.9086800000000004,1.5,1.5
23.08.2021 00:09:29.911,3.9135500000000003,3.9085800000000006,1.5,1
23.08.2021 00:09:30.449,3.91356,3.9086800000000004,1.5,1.5
23.08.2021 00:09:30.550,3.9135500000000003,3.9085800000000006,1.5,1
23.08.2021 00:09:30.745,3.9135500000000003,3.9086900000000004,1.5,1.5
23.08.2021 00:09:30.846,3.91356,3.90857,1.5,1
23.08.2021 00:09:31.017,3.9135500000000003,3.9086900000000004,1.5,1.5
23.08.2021 00:09:31.255,3.9135500000000003,3.9085800000000006,1.5,1
23.08.2021 00:09:31.977,3.91356,3.9084000000000003,1.5,1
23.08.2021 00:09:32.078,3.91356,3.90905,1.5,1.5
23.08.2021 00:09:32.194,3.91356,3.9086300000000005,1.5,1.5
23.08.2021 00:09:32.581,3.91331,3.9086300000000005,1,1.5
23.08.2021 00:09:32.682,3.91331,3.9086300000000005,1,1.5
23.08.2021 00:09:32.888,3.91331,3.9090800000000003,1,1
23.08.2021 00:09:32.988,3.9133,3.9085400000000003,1,1.5
23.08.2021 00:09:36.157,3.91331,3.9085800000000006,1,1.5
23.08.2021 00:09:36.748,3.91331,3.9085800000000006,1,1.5
23.08.2021 00:09:37.385,3.9133,3.90844,1,1.5
23.08.2021 00:09:37.488,3.9129400000000003,3.9084300000000005,1,1.5
23.08.2021 00:09:37.589,3.9129400000000003,3.9084300000000005,1,1.5
23.08.2021 00:09:37.790,3.9129300000000007,3.90864,1,1.5
23.08.2021 00:09:38.059,3.9131500000000004,3.90864,1,1.5
23.08.2021 00:09:38.388,3.9131500000000004,3.90864,1,1.5
23.08.2021 00:10:02.061,3.91316,3.9083800000000006,1,1.5
23.08.2021 00:10:02.162,3.9133800000000005,3.9091,1,1.5
23.08.2021 00:10:02.262,3.9133800000000005,3.90841,1,1.5
23.08.2021 00:10:02.363,3.91302,3.90864,1,1.5
23.08.2021 00:10:02.464,3.91325,3.90842,1,1.5
23.08.2021 00:10:02.548,3.91325,3.90842,1,1.5
23.08.2021 00:10:02.749,3.91326,3.90905,1,1.5
23.08.2021 00:10:04.583,3.91325,3.9090900000000004,1,1.5
23.08.2021 00:10:09.587,3.91325,3.9091199999999997,1,1.5
23.08.2021 00:10:11.950,3.91326,3.90856,1,1
23.08.2021 00:10:12.152,3.91326,3.9091,1,1.5
23.08.2021 00:10:12.355,3.91325,3.90864,1,1
23.08.2021 00:10:12.555,3.91326,3.9087300000000003,1,1.5
23.08.2021 00:10:12.755,3.91325,3.90864,1,1
23.08.2021 00:10:12.958,3.91326,3.9087300000000003,1,1.5
23.08.2021 00:10:13.160,3.91326,3.9086300000000005,1,1
23.08.2021 00:10:13.362,3.91326,3.9087300000000003,1,1.5
23.08.2021 00:10:13.564,3.91325,3.90864,1,1
23.08.2021 00:10:13.765,3.91325,3.9087400000000003,1,1.5
23.08.2021 00:10:13.968,3.91326,3.9086300000000005,1,1
23.08.2021 00:10:14.206,3.91326,3.9084800000000004,1,1.5
23.08.2021 00:10:14.407,3.91326,3.90905,1,1.5
23.08.2021 00:10:14.574,3.91326,3.90907,1,1.5
23.08.2021 00:10:14.789,3.91325,3.90851,1,1
23.08.2021 00:10:14.989,3.91326,3.90907,1,1.5
23.08.2021 00:10:15.191,3.91325,3.90851,1,1
23.08.2021 00:10:15.390,3.91326,3.90907,1,1.5
23.08.2021 00:10:15.590,3.91325,3.9085900000000002,1,1.5
23.08.2021 00:10:15.792,3.91326,3.9090800000000003,1,1.5
23.08.2021 00:10:15.993,3.91326,3.9085,1,1
23.08.2021 00:10:16.194,3.91325,3.9090900000000004,1,1.5
23.08.2021 00:10:16.598,3.91326,3.9085800000000006,1,1.5
23.08.2021 00:10:16.750,3.91326,3.9085,1,1
23.08.2021 00:10:17.112,3.91325,3.90851,1,1
23.08.2021 00:10:17.213,3.91325,3.9090900000000004,1,1.5
23.08.2021 00:10:17.515,3.91431,3.9090800000000003,1.5,1.5
23.08.2021 00:10:17.615,3.9181000000000004,3.9091,1,1.5
23.08.2021 00:10:17.666,3.91737,3.9154400000000003,1,1
23.08.2021 00:10:17.716,3.91826,3.9154300000000006,1,1
23.08.2021 00:10:17.767,3.9183300000000005,3.9154300000000006,1,1
23.08.2021 00:10:17.817,3.91806,3.9154300000000006,1,1
23.08.2021 00:10:18.090,3.9180400000000004,3.9154400000000003,1,1
23.08.2021 00:10:18.454,3.91794,3.9154400000000003,1,1
23.08.2021 00:10:18.570,3.91805,3.9154400000000003,1,1
23.08.2021 00:10:18.701,3.9183000000000003,3.9132300000000004,1,1
23.08.2021 00:10:18.751,3.9182900000000003,3.9154400000000003,1,1
23.08.2021 00:10:18.856,3.91846,3.9154400000000003,1,1
23.08.2021 00:10:19.346,3.9183900000000005,3.9154300000000006,1,1
23.08.2021 00:10:19.707,3.9183800000000004,3.9133400000000003,1,1
23.08.2021 00:10:19.988,3.9183900000000005,3.9133300000000006,1,1.5
23.08.2021 00:10:20.340,3.91834,3.9136100000000003,1,1
23.08.2021 00:10:20.921,3.9182800000000007,3.91376,1,1
23.08.2021 00:10:21.022,3.9182900000000003,3.91371,1,1
23.08.2021 00:10:21.100,3.9183000000000003,3.9154300000000006,1,1
23.08.2021 00:10:21.201,3.9184,3.9154300000000006,1,1
23.08.2021 00:10:21.283,3.9184,3.91394,1,1
23.08.2021 00:10:21.333,3.91837,3.91446,1,1
23.08.2021 00:10:21.584,3.91841,3.91466,1,1
23.08.2021 00:10:21.689,3.91851,3.91491,1,1
23.08.2021 00:10:21.925,3.9185000000000003,3.9147300000000005,1,1
23.08.2021 00:10:23.556,3.91861,3.91487,1,1
23.08.2021 00:10:23.683,3.9185800000000004,3.9154300000000006,1,1
23.08.2021 00:10:26.340,3.91857,3.9154300000000006,1,1
23.08.2021 00:10:28.070,3.91842,3.9154300000000006,1,1
23.08.2021 00:10:28.258,3.9183900000000005,3.9154300000000006,1,1
23.08.2021 00:10:33.206,3.9182900000000003,3.9154300000000006,1,1
23.08.2021 00:10:40.877,3.9182400000000004,3.9154300000000006,1,1
23.08.2021 00:10:43.299,3.9181300000000006,3.9154300000000006,1,1
23.08.2021 00:10:43.776,3.9180400000000004,3.9154300000000006,1,1
23.08.2021 00:10:44.841,3.91794,3.9154400000000003,1,1
23.08.2021 00:10:44.942,3.91786,3.9154300000000006,1,1
23.08.2021 00:10:47.065,3.91771,3.9154300000000006,1,1
23.08.2021 00:10:47.116,3.91771,3.9152300000000007,1,1
23.08.2021 00:10:47.167,3.91731,3.9126600000000002,1.5,1
23.08.2021 00:10:47.217,3.9167400000000003,3.91296,1,1
23.08.2021 00:10:47.268,3.9167300000000003,3.9128800000000004,1,1
23.08.2021 00:10:47.319,3.9164900000000005,3.9126900000000004,1,1
23.08.2021 00:10:47.369,3.9165400000000004,3.9126900000000004,1,1
23.08.2021 00:10:47.419,3.91647,3.9128900000000004,1,1
23.08.2021 00:10:47.520,3.91624,3.91255,1,1
23.08.2021 00:10:47.571,3.9165300000000003,3.9125400000000004,1,1
23.08.2021 00:10:47.672,3.91652,3.91236,1,1
23.08.2021 00:10:47.722,3.9165300000000003,3.91235,1,1
23.08.2021 00:10:47.772,3.91652,3.91236,1,1
23.08.2021 00:10:48.491,3.9161900000000003,3.91155,1,1
23.08.2021 00:10:48.592,3.9161900000000003,3.91245,1,1
23.08.2021 00:10:48.643,3.9162800000000004,3.9122800000000004,1,1
23.08.2021 00:10:50.371,3.91641,3.9122900000000005,1,1
23.08.2021 00:10:54.234,3.9161900000000003,3.91241,1,1
23.08.2021 00:10:54.284,3.9163400000000004,3.9124300000000005,1,1
23.08.2021 00:10:54.636,3.9161400000000004,3.9121800000000007,1,1
23.08.2021 00:10:54.800,3.9161400000000004,3.9121800000000007,1,1
23.08.2021 00:10:54.938,3.9159400000000004,3.9121800000000007,1,1
23.08.2021 00:10:55.040,3.91622,3.91236,1,1
23.08.2021 00:10:55.398,3.9163800000000006,3.91235,1,1
23.08.2021 00:10:55.817,3.91624,3.9123400000000004,1,1
23.08.2021 00:10:55.867,3.9163900000000003,3.9123400000000004,1,1
23.08.2021 00:10:57.104,3.91616,3.91235,1,1
23.08.2021 00:10:57.567,3.91616,3.9124300000000005,1,1
23.08.2021 00:10:58.523,3.9161699999999997,3.91241,1,1
23.08.2021 00:10:58.714,3.9161699999999997,3.9127500000000004,1,1
23.08.2021 00:10:58.872,3.91636,3.9127500000000004,1,1
23.08.2021 00:10:58.972,3.91635,3.9126600000000002,1,1
23.08.2021 00:10:59.023,3.91647,3.91265,1,1
23.08.2021 00:10:59.124,3.91646,3.91276,1,1
23.08.2021 00:11:00.191,3.91646,3.91276,1,1
23.08.2021 00:11:00.242,3.91647,3.9127500000000004,1,1
23.08.2021 00:11:00.292,3.91646,3.91276,1,1
23.08.2021 00:11:00.393,3.91646,3.9128600000000002,1,1
23.08.2021 00:11:00.443,3.91647,3.91285,1,1
23.08.2021 00:11:00.761,3.91647,3.91255,1,1
23.08.2021 00:11:09.632,3.91626,3.91255,1,1
23.08.2021 00:11:12.543,3.9158900000000005,3.9127300000000003,1,1
23.08.2021 00:11:12.594,3.91615,3.91267,1,1
23.08.2021 00:11:13.152,3.9161400000000004,3.91271,1,1
23.08.2021 00:11:13.544,3.9158000000000004,3.9127,1,1
23.08.2021 00:11:13.594,3.91602,3.9127,1,1
23.08.2021 00:11:13.695,3.9162300000000005,3.91267,1,1
23.08.2021 00:11:13.846,3.9160900000000005,3.9126300000000005,1,1
23.08.2021 00:11:13.896,3.9163,3.91246,1,1
23.08.2021 00:11:14.181,3.9163,3.91256,1,1
23.08.2021 00:11:14.489,3.91647,3.91257,1.5,1
23.08.2021 00:11:15.197,3.91681,3.91227,1,1
23.08.2021 00:11:15.247,3.91677,3.9122900000000005,1,1
23.08.2021 00:11:15.348,3.9166800000000004,3.91245,1,1
23.08.2021 00:11:16.701,3.9167500000000004,3.9125300000000003,1,1
23.08.2021 00:11:16.806,3.9166800000000004,3.9125300000000003,1,1
23.08.2021 00:11:16.989,3.91667,3.91245,1,1
23.08.2021 00:11:17.272,3.9167,3.91247,1.5,1
23.08.2021 00:11:17.432,3.91661,3.91247,1,1
23.08.2021 00:11:17.780,3.9163400000000004,3.9125199999999998,1,1
23.08.2021 00:11:18.244,3.9163400000000004,3.91235,1,1
23.08.2021 00:11:18.448,3.9163400000000004,3.91245,1,1
23.08.2021 00:11:18.700,3.91652,3.9123699999999997,1.5,1
23.08.2021 00:11:18.806,3.91652,3.9123699999999997,1.5,1
23.08.2021 00:11:19.023,3.91652,3.91227,1.5,1
23.08.2021 00:11:19.255,3.91652,3.91241,1.5,1
23.08.2021 00:11:19.438,3.91611,3.91241,1,1
23.08.2021 00:11:19.488,3.9164000000000003,3.91247,1,1
23.08.2021 00:11:19.898,3.9164000000000003,3.91242,1,1
23.08.2021 00:11:19.999,3.91596,3.9122900000000005,1,1
23.08.2021 00:11:20.088,3.91596,3.9122900000000005,1,1
23.08.2021 00:11:20.320,3.9161699999999997,3.9122500000000002,1,1
23.08.2021 00:11:20.522,3.91616,3.91245,1,1
23.08.2021 00:11:20.823,3.91616,3.9123400000000004,1,1
23.08.2021 00:11:21.005,3.9161699999999997,3.9124300000000005,1,1
23.08.2021 00:11:21.206,3.9161699999999997,3.91244,1,1
23.08.2021 00:11:21.364,3.91611,3.91247,1,1
23.08.2021 00:11:21.414,3.9161,3.91235,1,1
23.08.2021 00:11:22.718,3.91611,3.91244,1,1
23.08.2021 00:11:23.131,3.91635,3.91224,1,1
23.08.2021 00:11:23.489,3.91635,3.91135,1,1
23.08.2021 00:11:23.540,3.91616,3.91117,1,1
23.08.2021 00:11:23.691,3.9163800000000006,3.91184,1,1
23.08.2021 00:11:23.859,3.9163800000000006,3.9120500000000002,1,1
23.08.2021 00:11:23.960,3.9163,3.91245,1,1
23.08.2021 00:11:24.036,3.9163,3.9124000000000003,1,1
23.08.2021 00:11:24.137,3.9163,3.91235,1,1
23.08.2021 00:11:24.238,3.9163,3.91222,1,1
23.08.2021 00:11:24.562,3.9163400000000004,3.91251,1,1
23.08.2021 00:11:24.698,3.91616,3.91224,1,1
23.08.2021 00:11:24.989,3.9161300000000003,3.91224,1,1
23.08.2021 00:11:25.616,3.9159300000000004,3.91224,1,1
23.08.2021 00:11:25.717,3.9159300000000004,3.9122800000000004,1,1
23.08.2021 00:11:26.092,3.9160000000000004,3.9122800000000004,1,1
23.08.2021 00:11:26.143,3.91596,3.91216,1,1
23.08.2021 00:11:26.292,3.91596,3.91215,1,1
23.08.2021 00:11:26.342,3.91595,3.91216,1,1
23.08.2021 00:11:26.495,3.9158800000000005,3.91216,1,1
23.08.2021 00:11:26.600,3.9158900000000005,3.91195,1,1
23.08.2021 00:11:26.651,3.91595,3.91196,1,1
23.08.2021 00:11:26.802,3.9159699999999997,3.91196,1,1
23.08.2021 00:11:26.853,3.9155900000000003,3.91191,1,1
23.08.2021 00:11:27.004,3.9156,3.91191,1,1
23.08.2021 00:11:27.054,3.9159,3.91191,1,1
23.08.2021 00:11:27.198,3.9159,3.9118500000000003,1,1
23.08.2021 00:11:27.339,3.9159400000000004,3.9118500000000003,1,1
23.08.2021 00:11:27.401,3.9159300000000004,3.91192,1,1
23.08.2021 00:11:31.510,3.9158800000000005,3.9118000000000004,1,1
23.08.2021 00:11:31.661,3.9158900000000005,3.91191,1,1
23.08.2021 00:11:32.094,3.9158000000000004,3.91192,1,1
23.08.2021 00:11:32.208,3.91587,3.91192,1,1
23.08.2021 00:11:32.381,3.91586,3.91192,1,1
23.08.2021 00:11:32.537,3.91586,3.91192,1,1
23.08.2021 00:11:32.688,3.91595,3.9119800000000007,1,1
23.08.2021 00:11:32.767,3.9159400000000004,3.9119900000000003,1,1
23.08.2021 00:11:32.877,3.91615,3.9119900000000003,1,1
23.08.2021 00:11:33.027,3.9163400000000004,3.9119800000000007,1.5,1
23.08.2021 00:11:33.078,3.9163400000000004,3.9119800000000007,1,1
23.08.2021 00:11:33.128,3.9161800000000007,3.9119800000000007,1,1
23.08.2021 00:11:34.415,3.9160500000000003,3.9118800000000005,1,1
23.08.2021 00:11:34.516,3.9160500000000003,3.91215,1,1
23.08.2021 00:11:34.821,3.9160500000000003,3.91215,1,1
23.08.2021 00:11:34.875,3.9162500000000002,3.91215,1,1
23.08.2021 00:11:34.926,3.9162800000000004,3.91215,1,1
23.08.2021 00:11:35.230,3.91596,3.91215,1,1
23.08.2021 00:11:35.280,3.91595,3.91216,1,1
23.08.2021 00:11:35.331,3.91595,3.91216,1,1
23.08.2021 00:11:35.690,3.91596,3.91215,1,1
23.08.2021 00:11:36.019,3.9162500000000002,3.91216,1.5,1
23.08.2021 00:11:36.119,3.91626,3.91215,1.62,1
23.08.2021 00:11:36.427,3.9162500000000002,3.91226,1.12,1
23.08.2021 00:11:36.629,3.9162500000000002,3.9123400000000004,1,1
23.08.2021 00:11:41.270,3.91626,3.9122500000000002,1,1
23.08.2021 00:11:43.428,3.91607,3.91216,1,1
23.08.2021 00:11:43.656,3.9158900000000005,3.91216,1,1
23.08.2021 00:11:43.706,3.91595,3.91201,1,1
23.08.2021 00:11:43.789,3.9160500000000003,3.91201,1,1
23.08.2021 00:11:47.907,3.9157400000000004,3.91201,1,1
23.08.2021 00:11:48.452,3.9155300000000004,3.91202,1,1
23.08.2021 00:11:49.735,3.9155400000000005,3.91201,1,1
23.08.2021 00:11:50.120,3.9155400000000005,3.9118500000000003,1,1
23.08.2021 00:12:02.581,3.9155300000000004,3.91202,1.5,1
23.08.2021 00:12:02.682,3.9155400000000005,3.91201,1,1
23.08.2021 00:12:02.757,3.9155400000000005,3.91201,1.5,1
23.08.2021 00:12:10.416,3.9155400000000005,3.91201,1.5,1
23.08.2021 00:12:22.160,3.91511,3.91201,1,1
23.08.2021 00:12:22.627,3.9149000000000003,3.91216,1,1
23.08.2021 00:12:41.250,3.91491,3.9121800000000007,1,1
23.08.2021 00:12:43.572,3.91491,3.91215,1,1
23.08.2021 00:12:44.591,3.91475,3.9116500000000003,1,1
23.08.2021 00:13:00.595,3.9147400000000006,3.91176,1,1
23.08.2021 00:13:07.183,3.9149800000000003,3.91186,1,1
23.08.2021 00:13:07.882,3.9149900000000004,3.91195,1,1
23.08.2021 00:13:19.447,3.9151800000000003,3.91206,1,1
23.08.2021 00:13:19.548,3.9151900000000004,3.9120500000000002,1,1
23.08.2021 00:13:52.682,3.9151800000000003,3.91216,1,1
23.08.2021 00:14:32.248,3.91546,3.9122500000000002,1,1
23.08.2021 00:14:42.125,3.9158900000000005,3.9122500000000002,1,1
23.08.2021 00:14:42.176,3.9155,3.91235,1,1
23.08.2021 00:14:42.226,3.9166600000000003,3.91306,1.5,1
23.08.2021 00:14:42.276,3.9170300000000005,3.9131800000000005,1,1
23.08.2021 00:14:42.378,3.9171500000000004,3.9131800000000005,1,1
23.08.2021 00:14:47.345,3.91701,3.9132800000000003,1.5,1
23.08.2021 00:14:48.225,3.9170000000000003,3.9134900000000004,1.5,1
23.08.2021 00:14:49.204,3.91701,3.9133800000000005,1.5,1
23.08.2021 00:14:49.304,3.91607,3.91276,1,1
23.08.2021 00:14:49.412,3.9160800000000004,3.91245,1.5,1
23.08.2021 00:14:49.676,3.9159,3.91246,1,1
23.08.2021 00:14:49.727,3.9157699999999998,3.91255,1.5,1
23.08.2021 00:14:50.126,3.9156,3.91255,1,1
23.08.2021 00:15:00.233,3.9156,3.91245,1.5,1
23.08.2021 00:15:03.328,3.9156,3.91245,1.5,1
23.08.2021 00:15:08.898,3.9156,3.91255,1,1
23.08.2021 00:15:11.088,3.9155900000000003,3.9129199999999997,1,1
23.08.2021 00:15:12.443,3.9156,3.91265,1,1
23.08.2021 00:15:19.928,3.9156,3.91291,1,1
23.08.2021 00:15:21.442,3.9156,3.9127500000000004,1,1
23.08.2021 00:15:22.979,3.9156,3.9127500000000004,1,1
23.08.2021 00:15:23.030,3.9156,3.9127500000000004,1,1
23.08.2021 00:15:23.351,3.9155900000000003,3.9128600000000002,1,1
23.08.2021 00:15:23.402,3.9156,3.91285,1,1
23.08.2021 00:15:24.512,3.9156,3.91285,1,1
23.08.2021 00:15:24.613,3.9156800000000005,3.9129199999999997,1,1
23.08.2021 00:15:24.717,3.9156800000000005,3.9129199999999997,1,1
23.08.2021 00:15:24.801,3.9155800000000003,3.91291,1,1
23.08.2021 00:15:27.608,3.9155800000000003,3.9128900000000004,1,1
23.08.2021 00:16:02.847,3.9156,3.9128900000000004,1,1
23.08.2021 00:16:03.020,3.9156,3.9128900000000004,1,1
23.08.2021 00:16:03.340,3.9156,3.91291,1,1
23.08.2021 00:16:06.615,3.9155900000000003,3.9129199999999997,1,1
23.08.2021 00:16:06.666,3.9157900000000003,3.91291,1,1
23.08.2021 00:16:10.235,3.9157900000000003,3.91305,1,1
23.08.2021 00:16:10.286,3.9157800000000003,3.9129199999999997,1,1
23.08.2021 00:16:10.372,3.9155900000000003,3.91291,1,1
23.08.2021 00:16:10.436,3.9155900000000003,3.91291,1,1
23.08.2021 00:16:13.358,3.9155900000000003,3.91305,1,1
23.08.2021 00:16:13.482,3.9155900000000003,3.91331,1,1
23.08.2021 00:16:31.276,3.9155900000000003,3.91331,1,1
23.08.2021 00:16:36.599,3.9155900000000003,3.91331,1,1
23.08.2021 00:16:46.365,3.9155900000000003,3.91331,1,1
23.08.2021 00:16:47.432,3.9155900000000003,3.9128800000000004,1,1.5
23.08.2021 00:16:51.477,3.91576,3.9134400000000005,1,1
23.08.2021 00:16:51.636,3.9161400000000004,3.91316,1,1
23.08.2021 00:16:51.687,3.9161400000000004,3.91316,1,1
23.08.2021 00:16:51.788,3.9161400000000004,3.91345,1,1
23.08.2021 00:16:51.898,3.9161400000000004,3.91316,1,1
23.08.2021 00:16:52.024,3.91606,3.9135500000000003,1,1
23.08.2021 00:16:52.251,3.91606,3.91317,1,1
23.08.2021 00:16:52.302,3.91606,3.91345,1,1
23.08.2021 00:16:52.352,3.91606,3.91345,1,1
23.08.2021 00:16:52.453,3.91606,3.9135,1,1
23.08.2021 00:16:53.715,3.91596,3.9135,1,1
23.08.2021 00:16:53.766,3.91601,3.91351,1,1
23.08.2021 00:16:58.734,3.91602,3.9135,1,1
23.08.2021 00:17:01.010,3.91602,3.9135,1,1
23.08.2021 00:17:05.702,3.91601,3.9136800000000003,1,1
23.08.2021 00:17:06.089,3.9161699999999997,3.9134900000000004,1,1
23.08.2021 00:17:15.881,3.9160000000000004,3.9134900000000004,1,1
23.08.2021 00:17:21.583,3.9160000000000004,3.9134800000000003,1,1
23.08.2021 00:17:31.455,3.9160000000000004,3.9134800000000003,1,1
23.08.2021 00:17:31.650,3.9159800000000007,3.9134800000000003,1,1
23.08.2021 00:17:31.752,3.9159800000000007,3.91341,1,1
23.08.2021 00:17:31.903,3.9161800000000007,3.91331,1,1
23.08.2021 00:17:32.117,3.91604,3.91362,1,1
23.08.2021 00:17:32.241,3.9159800000000007,3.9134800000000003,1,1
23.08.2021 00:17:32.308,3.9159800000000007,3.9134800000000003,1,1
23.08.2021 00:17:32.570,3.91607,3.91345,1,1
23.08.2021 00:17:35.952,3.91607,3.91351,1,1
23.08.2021 00:17:36.062,3.9162300000000005,3.91351,1,1
23.08.2021 00:17:36.172,3.91616,3.91374,1,1
23.08.2021 00:17:37.295,3.9161300000000003,3.9137300000000006,1,1
23.08.2021 00:17:37.619,3.9161300000000003,3.91365,1,1
23.08.2021 00:17:37.774,3.9161300000000003,3.9136900000000003,1,1
23.08.2021 00:17:39.786,3.9161300000000003,3.9136900000000003,1,1
23.08.2021 00:17:39.987,3.9161300000000003,3.9135500000000003,1,1
23.08.2021 00:17:40.188,3.9161300000000003,3.9133500000000003,1,1
23.08.2021 00:17:40.540,3.91627,3.91322,1,1
23.08.2021 00:17:40.691,3.9161900000000003,3.9132300000000004,1,1
23.08.2021 00:17:40.741,3.91626,3.9132300000000004,1,1
23.08.2021 00:17:41.417,3.91626,3.91345,1,1
23.08.2021 00:17:41.568,3.91622,3.91362,1,1
23.08.2021 00:17:41.896,3.91622,3.9134300000000004,1,1
23.08.2021 00:17:42.005,3.9160900000000005,3.9134300000000004,1,1
23.08.2021 00:17:44.212,3.91622,3.9134300000000004,1,1
23.08.2021 00:17:44.586,3.9162300000000005,3.9134300000000004,1,1
23.08.2021 00:17:44.636,3.91622,3.9136100000000003,1,1
23.08.2021 00:17:46.672,3.9160000000000004,3.9136,1,1
23.08.2021 00:17:50.850,3.9160500000000003,3.9136,1,1
23.08.2021 00:17:50.901,3.9160500000000003,3.9136400000000005,1,1
23.08.2021 00:17:51.065,3.91604,3.91346,1,1
23.08.2021 00:17:58.001,3.9160500000000003,3.9135500000000003,1,1
23.08.2021 00:17:58.780,3.9160500000000003,3.9137500000000003,1,1
23.08.2021 00:17:59.609,3.91604,3.9138300000000004,1,1
23.08.2021 00:18:00.942,3.9160900000000005,3.91382,1,1
23.08.2021 00:18:00.993,3.9160800000000004,3.9134900000000004,1,1
23.08.2021 00:18:01.418,3.91631,3.9134800000000003,1,1
23.08.2021 00:18:03.463,3.91631,3.9134800000000003,1,1
23.08.2021 00:18:07.709,3.91631,3.9134800000000003,1,1
23.08.2021 00:18:08.546,3.91631,3.91402,1,1
23.08.2021 00:18:08.747,3.91631,3.91366,1,1
23.08.2021 00:18:10.593,3.9163,3.9136699999999998,1,1
23.08.2021 00:18:14.120,3.91631,3.9137000000000004,1,1
23.08.2021 00:18:14.171,3.91644,3.9137000000000004,1,1
23.08.2021 00:18:18.206,3.91644,3.9139500000000003,1,1
23.08.2021 00:18:18.326,3.91644,3.91376,1,1
23.08.2021 00:18:18.412,3.91644,3.91376,1,1
23.08.2021 00:18:19.382,3.9165,3.9137800000000005,1,1
23.08.2021 00:18:21.179,3.9165,3.9141800000000004,1,1
23.08.2021 00:18:21.332,3.9165,3.9138,1,1
23.08.2021 00:18:21.562,3.9165800000000006,3.9138100000000002,1,1
23.08.2021 00:18:26.268,3.9165900000000002,3.91405,1,1
23.08.2021 00:18:26.319,3.9165900000000002,3.9138699999999997,1,1
23.08.2021 00:18:33.138,3.9165900000000002,3.9139900000000005,1,1
23.08.2021 00:18:38.475,3.9165800000000006,3.91426,1,1
23.08.2021 00:18:41.612,3.9165900000000002,3.9144800000000006,1,1
23.08.2021 00:19:01.280,3.9165800000000006,3.91436,1,1
23.08.2021 00:19:01.330,3.91631,3.91435,1,1
23.08.2021 00:19:01.481,3.91631,3.9143300000000005,1,1
23.08.2021 00:19:01.636,3.91631,3.9143300000000005,1,1
23.08.2021 00:19:02.271,3.9164900000000005,3.9143300000000005,1,1
23.08.2021 00:19:08.227,3.9164900000000005,3.9144900000000002,1,1
23.08.2021 00:19:09.778,3.91662,3.9144900000000002,1,1
23.08.2021 00:19:10.787,3.91662,3.91421,1,1
23.08.2021 00:19:12.986,3.91661,3.91446,1,1
23.08.2021 00:19:13.703,3.91662,3.9145000000000003,1,1
23.08.2021 00:19:36.392,3.91679,3.9145000000000003,1,1
23.08.2021 00:19:36.485,3.91679,3.9145000000000003,1,1
23.08.2021 00:19:36.996,3.91679,3.9146400000000003,1,1
23.08.2021 00:19:37.356,3.91679,3.9146400000000003,1,1
23.08.2021 00:19:52.230,3.91667,3.9146500000000004,1,1
23.08.2021 00:19:52.362,3.9166800000000004,3.91442,1,1
23.08.2021 00:19:52.535,3.91667,3.9144300000000003,1,1
23.08.2021 00:20:31.177,3.91667,3.9144300000000003,1,1
23.08.2021 00:20:32.540,3.9166800000000004,3.91442,1,1
23.08.2021 00:20:36.714,3.9166800000000004,3.91442,1,1
23.08.2021 00:20:40.919,3.9168000000000003,3.91442,1,1
23.08.2021 00:20:44.021,3.9168000000000003,3.9142800000000006,1,1
23.08.2021 00:20:47.147,3.9168000000000003,3.9144,1,1
23.08.2021 00:21:03.375,3.91679,3.91457,1,1
23.08.2021 00:21:03.525,3.9168000000000003,3.9145600000000003,1,1
23.08.2021 00:21:06.283,3.9170400000000005,3.9145600000000003,1,1
23.08.2021 00:21:15.450,3.9170400000000005,3.9145600000000003,1,1
23.08.2021 00:21:15.650,3.9170400000000005,3.9145600000000003,1,1
23.08.2021 00:21:30.690,3.9169800000000006,3.9145600000000003,1,1
23.08.2021 00:22:01.422,3.9169800000000006,3.91466,1,1
23.08.2021 00:22:01.950,3.91701,3.91467,1,1
23.08.2021 00:22:22.341,3.91702,3.9145300000000005,1,1
23.08.2021 00:22:22.522,3.91702,3.9145300000000005,1,1
23.08.2021 00:22:30.584,3.91702,3.9145300000000005,1,1
23.08.2021 00:22:56.475,3.9169500000000004,3.91454,1,1
23.08.2021 00:23:09.387,3.91696,3.9145300000000005,1,1
23.08.2021 00:23:47.258,3.91696,3.91452,1,1
23.08.2021 00:24:04.415,3.91696,3.91452,1,1
23.08.2021 00:24:05.587,3.9169500000000004,3.9145300000000005,1,1
23.08.2021 00:24:37.582,3.9169500000000004,3.91452,1,1
23.08.2021 00:24:37.749,3.9169500000000004,3.91452,1,1
23.08.2021 00:24:48.341,3.9169500000000004,3.91452,1,1
23.08.2021 00:25:01.218,3.9169500000000004,3.91452,1,1
23.08.2021 00:25:08.269,3.91696,3.91451,1,1
23.08.2021 00:25:41.515,3.91697,3.91452,1,1
23.08.2021 00:26:41.385,3.91696,3.9145800000000004,1,1
23.08.2021 00:26:41.765,3.91696,3.9145900000000005,1,1
23.08.2021 00:26:57.074,3.91696,3.9147600000000002,1,1
23.08.2021 00:27:10.228,3.91696,3.9146,1,1
23.08.2021 00:27:28.303,3.91697,3.9145900000000005,1,1
23.08.2021 00:27:29.395,3.91697,3.9145900000000005,1,1
23.08.2021 00:27:38.513,3.91697,3.91475,1,1
23.08.2021 00:27:38.594,3.91717,3.91475,1,1
23.08.2021 00:27:41.409,3.91717,3.9149000000000003,1,1
23.08.2021 00:27:42.387,3.91717,3.9149000000000003,1,1
23.08.2021 00:27:45.979,3.91716,3.91491,1,1
23.08.2021 00:27:53.195,3.91716,3.91491,1,1
23.08.2021 00:28:09.071,3.91716,3.91491,1,1
23.08.2021 00:28:15.420,3.91716,3.91491,1,1
23.08.2021 00:28:24.928,3.91716,3.91466,1,1
23.08.2021 00:28:34.625,3.91717,3.9145900000000005,1,1
23.08.2021 00:28:35.881,3.91717,3.9146900000000002,1,1
23.08.2021 00:28:37.194,3.91716,3.9147000000000003,1,1
23.08.2021 00:28:40.010,3.91699,3.91451,1,1
23.08.2021 00:28:42.071,3.9170000000000003,3.9145000000000003,1,1
23.08.2021 00:28:44.888,3.9170000000000003,3.9145000000000003,1,1
23.08.2021 00:29:03.283,3.9170000000000003,3.9145000000000003,1,1
23.08.2021 00:29:03.556,3.9170000000000003,3.9145000000000003,1,1
23.08.2021 00:29:04.955,3.91677,3.91436,1,1
23.08.2021 00:29:05.006,3.91676,3.91437,1,1
23.08.2021 00:29:05.509,3.91677,3.91421,1,1
23.08.2021 00:29:08.918,3.91655,3.91417,1,1
23.08.2021 00:29:14.077,3.9165400000000004,3.9138400000000004,1,1
23.08.2021 00:29:39.738,3.9165400000000004,3.9139000000000004,1,1
23.08.2021 00:29:41.837,3.91635,3.9138900000000003,1,1
23.08.2021 00:29:42.012,3.91635,3.9138900000000003,1,1
23.08.2021 00:29:45.049,3.91679,3.91374,1.5,1
23.08.2021 00:29:45.575,3.91662,3.9137300000000006,1,1
23.08.2021 00:29:48.736,3.91662,3.9137300000000006,1,1
23.08.2021 00:29:51.304,3.91662,3.9137300000000006,1.5,1
23.08.2021 00:29:55.136,3.91662,3.9137300000000006,1,1
23.08.2021 00:30:01.754,3.91662,3.9137300000000006,1,1
23.08.2021 00:30:05.781,3.91644,3.9137300000000006,1,1
23.08.2021 00:30:09.047,3.9163400000000004,3.9137300000000006,1,1
23.08.2021 00:30:14.822,3.9163400000000004,3.9137300000000006,1,1
23.08.2021 00:30:15.757,3.9161,3.9137300000000006,1,1
23.08.2021 00:30:32.470,3.9161,3.9137000000000004,1,1
23.08.2021 00:30:32.624,3.9161,3.9137000000000004,1,1
23.08.2021 00:30:45.401,3.9161,3.9137000000000004,1,1
23.08.2021 00:30:45.604,3.9161,3.9137000000000004,1,1
23.08.2021 00:30:53.634,3.9161400000000004,3.9137000000000004,1,1
23.08.2021 00:31:08.862,3.9161300000000003,3.91371,1,1
23.08.2021 00:31:10.210,3.9163400000000004,3.9138800000000007,1,1
23.08.2021 00:31:10.324,3.9163400000000004,3.9138800000000007,1,1
23.08.2021 00:31:13.212,3.9163400000000004,3.9138800000000007,1,1
23.08.2021 00:31:13.616,3.9163300000000003,3.9138900000000003,1,1
23.08.2021 00:31:20.014,3.9163400000000004,3.9138800000000007,1,1
23.08.2021 00:31:28.249,3.9165400000000004,3.9140300000000003,1,1
23.08.2021 00:31:36.362,3.9165400000000004,3.9140300000000003,1,1
23.08.2021 00:31:36.959,3.9165400000000004,3.9140300000000003,1,1
23.08.2021 00:31:41.239,3.9166300000000005,3.9140300000000003,1,1
23.08.2021 00:31:41.346,3.91655,3.9140400000000004,1,1
23.08.2021 00:31:41.522,3.91656,3.9142800000000006,1,1
23.08.2021 00:31:41.573,3.9167400000000003,3.9142900000000003,1,1
23.08.2021 00:31:42.524,3.9167500000000004,3.9142800000000006,1,1
23.08.2021 00:31:52.385,3.9169800000000006,3.9142800000000006,1,1
23.08.2021 00:31:52.541,3.9169800000000006,3.91446,1,1
23.08.2021 00:31:56.055,3.9170300000000005,3.91446,1,1
23.08.2021 00:32:04.219,3.9170300000000005,3.91446,1,1
23.08.2021 00:32:10.070,3.9170300000000005,3.91446,1,1
23.08.2021 00:32:12.325,3.91702,3.91447,1,1
23.08.2021 00:32:14.334,3.9172000000000002,3.91446,1,1
23.08.2021 00:32:33.492,3.91719,3.91451,1,1
23.08.2021 00:32:34.794,3.9173,3.9145000000000003,1,1
23.08.2021 00:32:36.518,3.9172900000000004,3.91466,1,1
23.08.2021 00:32:38.261,3.9171,3.9146500000000004,1,1
23.08.2021 00:32:38.405,3.9171,3.9144900000000002,1,1
23.08.2021 00:32:44.007,3.9170900000000004,3.9144900000000002,1,1
23.08.2021 00:32:47.047,3.9171,3.9144800000000006,1,1
23.08.2021 00:33:11.039,3.9171,3.9144800000000006,1,1
23.08.2021 00:33:11.207,3.9169300000000007,3.9144800000000006,1,1
23.08.2021 00:33:14.486,3.9169300000000007,3.9144800000000006,1,1
23.08.2021 00:33:34.700,3.9169300000000007,3.91477,1,1
23.08.2021 00:33:46.559,3.91705,3.9147800000000004,1,1
23.08.2021 00:33:48.916,3.91705,3.9147800000000004,1,1
23.08.2021 00:33:54.577,3.91705,3.9149300000000005,1,1
23.08.2021 00:33:54.628,3.9173300000000006,3.91492,1,1
23.08.2021 00:33:55.153,3.9173199999999997,3.9150800000000006,1,1
23.08.2021 00:34:21.538,3.9173300000000006,3.91507,1,1
23.08.2021 00:35:07.635,3.9173199999999997,3.91512,1,1
23.08.2021 00:35:17.329,3.9173300000000006,3.91531,1,1
23.08.2021 00:35:21.350,3.91751,3.91531,1,1
23.08.2021 00:35:21.677,3.9175,3.9153400000000005,1,1
23.08.2021 00:35:21.878,3.91751,3.9153300000000004,1,1
23.08.2021 00:35:24.987,3.9175,3.91512,1,1
23.08.2021 00:35:25.037,3.9174300000000004,3.91512,1,1
23.08.2021 00:35:25.138,3.9175500000000003,3.9152,1,1
23.08.2021 00:35:25.239,3.9174400000000005,3.91511,1,1
23.08.2021 00:35:26.773,3.9174400000000005,3.91532,1,1
23.08.2021 00:35:26.927,3.9174300000000004,3.9150199999999997,1,1
23.08.2021 00:35:27.037,3.91736,3.91501,1,1
23.08.2021 00:35:30.832,3.9173500000000003,3.91532,1,1
23.08.2021 00:35:34.156,3.91736,3.91501,1,1
23.08.2021 00:35:38.361,3.91736,3.91529,1,1
23.08.2021 00:35:43.971,3.91736,3.9150400000000003,1,1
23.08.2021 00:35:45.602,3.9173500000000003,3.9153300000000004,1,1
23.08.2021 00:35:45.755,3.91736,3.9150199999999997,1,1
23.08.2021 00:35:52.733,3.9173500000000003,3.9150300000000007,1,1
23.08.2021 00:35:52.881,3.91737,3.9150300000000007,1,1
23.08.2021 00:35:54.217,3.9173800000000005,3.91521,1,1
23.08.2021 00:35:54.373,3.91737,3.91495,1,1
23.08.2021 00:35:58.746,3.9173800000000005,3.9149400000000005,1,1
23.08.2021 00:36:03.089,3.91737,3.91495,1,1
23.08.2021 00:36:03.204,3.9174900000000004,3.9149400000000005,1,1
23.08.2021 00:36:03.297,3.9173800000000005,3.9149400000000005,1,1
23.08.2021 00:36:54.959,3.9173800000000005,3.9149400000000005,1,1
23.08.2021 00:37:00.399,3.9173800000000005,3.9149400000000005,1,1
23.08.2021 00:37:08.035,3.9173800000000005,3.91509,1,1
23.08.2021 00:37:08.187,3.9173800000000005,3.91509,1,1
23.08.2021 00:37:27.388,3.91737,3.9151000000000002,1,1
23.08.2021 00:37:28.307,3.91737,3.9151000000000002,1,1
23.08.2021 00:37:29.903,3.9173800000000005,3.9149300000000005,1,1
23.08.2021 00:37:30.720,3.9173800000000005,3.9149300000000005,1,1
23.08.2021 00:37:30.771,3.9171,3.9149300000000005,1,1
23.08.2021 00:37:39.769,3.91716,3.91477,1,1
23.08.2021 00:37:39.870,3.91716,3.9145300000000005,1,1
23.08.2021 00:37:40.391,3.9169500000000004,3.9145300000000005,1,1
23.08.2021 00:37:40.546,3.9169500000000004,3.9145300000000005,1,1
23.08.2021 00:37:42.011,3.9167500000000004,3.9145300000000005,1,1
23.08.2021 00:37:42.143,3.9167500000000004,3.9145300000000005,1,1
23.08.2021 00:37:51.252,3.9167500000000004,3.9144800000000006,1,1
23.08.2021 00:37:51.453,3.9167500000000004,3.9144800000000006,1,1
23.08.2021 00:37:51.653,3.9167500000000004,3.9144800000000006,1,1
23.08.2021 00:37:54.445,3.9167400000000003,3.9144900000000002,1,1
23.08.2021 00:38:21.479,3.91679,3.9144800000000006,1,1
23.08.2021 00:38:23.387,3.91679,3.9144800000000006,1,1
23.08.2021 00:38:26.751,3.9167,3.9144800000000006,1,1
23.08.2021 00:38:26.802,3.9167800000000006,3.9144800000000006,1,1
23.08.2021 00:38:26.853,3.91676,3.9144800000000006,1,1
23.08.2021 00:38:31.534,3.91676,3.9144800000000006,1,1
23.08.2021 00:38:37.889,3.9167500000000004,3.9144900000000002,1,1
23.08.2021 00:38:42.418,3.9167199999999998,3.9144900000000002,1,1
23.08.2021 00:39:00.951,3.9167300000000003,3.91446,1,1
23.08.2021 00:39:01.354,3.9167199999999998,3.91447,1,1
23.08.2021 00:39:01.584,3.9167300000000003,3.91446,1,1
23.08.2021 00:39:03.056,3.9167300000000003,3.91431,1,1
23.08.2021 00:39:04.518,3.9168000000000003,3.91431,1,1
23.08.2021 00:39:07.321,3.9168000000000003,3.9141500000000002,1,1
23.08.2021 00:39:07.455,3.9167,3.91416,1,1
23.08.2021 00:39:07.604,3.91699,3.9141500000000002,1,1
23.08.2021 00:39:07.705,3.9171,3.9141500000000002,1.5,1
23.08.2021 00:39:08.122,3.9169,3.9141500000000002,1,1
23.08.2021 00:39:09.345,3.9169,3.9141500000000002,1,1
23.08.2021 00:39:09.548,3.9169,3.9141500000000002,1,1
23.08.2021 00:39:11.779,3.9169,3.9141500000000002,1,1
23.08.2021 00:39:20.222,3.9169,3.9141500000000002,1,1
23.08.2021 00:39:21.633,3.91682,3.91416,1,1
23.08.2021 00:39:26.839,3.9169199999999997,3.9141500000000002,1,1
23.08.2021 00:39:26.890,3.9168000000000003,3.91416,1,1
23.08.2021 00:39:27.897,3.9168600000000002,3.91416,1,1
23.08.2021 00:39:29.836,3.9168900000000004,3.9141500000000002,1,1
23.08.2021 00:39:32.537,3.9169,3.9141500000000002,1,1
23.08.2021 00:39:32.588,3.9173400000000003,3.91421,1,1
23.08.2021 00:39:32.639,3.9176,3.9144400000000004,1.5,1
23.08.2021 00:39:40.597,3.9178300000000004,3.9140400000000004,1,1.75
23.08.2021 00:39:41.388,3.9178400000000004,3.9140300000000003,1,1.75
23.08.2021 00:39:44.893,3.9171199999999997,3.9145900000000005,1,1
23.08.2021 00:39:45.295,3.9171199999999997,3.9145900000000005,1,1
23.08.2021 00:39:45.729,3.9171300000000007,3.9145900000000005,1,1
23.08.2021 00:39:47.982,3.91716,3.9145900000000005,1,1
23.08.2021 00:39:49.305,3.9173,3.9146,1,1
23.08.2021 00:39:49.355,3.91716,3.9146,1,1
23.08.2021 00:39:49.787,3.91717,3.9146,1,1
23.08.2021 00:39:55.265,3.9173500000000003,3.9145900000000005,1,1
23.08.2021 00:40:14.574,3.91747,3.9147600000000002,1,1
23.08.2021 00:40:14.730,3.91747,3.9147600000000002,1,1
23.08.2021 00:40:20.219,3.91746,3.91475,1,1
23.08.2021 00:40:26.768,3.91746,3.91475,1,1
23.08.2021 00:40:36.090,3.91746,3.91475,1,1
23.08.2021 00:40:51.870,3.91746,3.9149000000000003,1,1
23.08.2021 00:41:00.305,3.91746,3.9147600000000002,1,1
23.08.2021 00:41:06.116,3.9172800000000003,3.91477,1,1
23.08.2021 00:41:09.980,3.9173199999999997,3.9147600000000002,1,1
23.08.2021 00:41:10.940,3.9172900000000004,3.9147600000000002,1,1
23.08.2021 00:41:16.309,3.9172900000000004,3.9147600000000002,1,1
23.08.2021 00:41:18.583,3.91746,3.9147600000000002,1,1
23.08.2021 00:41:18.907,3.91745,3.91477,1,1
23.08.2021 00:41:21.388,3.91746,3.9147600000000002,1,1
23.08.2021 00:41:30.561,3.91746,3.9147600000000002,1,1
23.08.2021 00:41:51.769,3.91745,3.91477,1,1
23.08.2021 00:41:52.289,3.91745,3.91477,1,1
23.08.2021 00:41:58.346,3.91746,3.9145800000000004,1,1
23.08.2021 00:41:58.497,3.91757,3.9143900000000005,1.5,1
23.08.2021 00:42:01.093,3.91747,3.9143900000000005,1,1
23.08.2021 00:42:01.143,3.91747,3.9143900000000005,1.5,1
23.08.2021 00:42:08.409,3.91737,3.9145600000000003,1,1
23.08.2021 00:42:08.568,3.9173800000000005,3.91455,1,1
23.08.2021 00:42:08.693,3.91737,3.9145600000000003,1.5,1
23.08.2021 00:42:08.744,3.91721,3.91455,1,1
23.08.2021 00:42:27.087,3.91721,3.9144,1,1
23.08.2021 00:42:27.289,3.91721,3.9144,1,1
23.08.2021 00:42:30.929,3.91731,3.9144,1,1
23.08.2021 00:42:31.289,3.91731,3.9144,1,1
23.08.2021 00:42:31.490,3.9173,3.91441,1,1
23.08.2021 00:42:36.278,3.9173,3.9145900000000005,1,1
23.08.2021 00:42:36.681,3.9173,3.91442,1,1
23.08.2021 00:42:51.991,3.91725,3.91441,1,1
23.08.2021 00:43:01.996,3.91721,3.9145600000000003,1,1
23.08.2021 00:43:02.886,3.91722,3.91455,1,1
23.08.2021 00:43:03.087,3.91721,3.9145600000000003,1,1
23.08.2021 00:43:03.260,3.91725,3.91455,1,1
23.08.2021 00:43:03.311,3.91731,3.91455,1,1
23.08.2021 00:43:08.126,3.9173300000000006,3.91455,1,1
23.08.2021 00:43:08.301,3.9173300000000006,3.91455,1,1
23.08.2021 00:43:08.457,3.9171800000000006,3.9145600000000003,1,1
23.08.2021 00:43:08.507,3.91719,3.91455,1,1
23.08.2021 00:43:14.649,3.91719,3.9144,1,1
23.08.2021 00:43:14.699,3.91717,3.9144,1,1
23.08.2021 00:43:14.913,3.9170300000000005,3.91441,1,1
23.08.2021 00:43:23.125,3.91699,3.91441,1,1
23.08.2021 00:43:24.404,3.9170000000000003,3.9142900000000003,1,1
23.08.2021 00:43:25.094,3.91699,3.9143000000000003,1,1
23.08.2021 00:43:26.109,3.9170000000000003,3.9142900000000003,1,1
23.08.2021 00:43:28.697,3.9169,3.9142900000000003,1,1
23.08.2021 00:43:29.357,3.9169,3.9142900000000003,1,1
23.08.2021 00:43:30.058,3.9169,3.9141500000000002,1,1
23.08.2021 00:43:30.231,3.9168800000000004,3.9141500000000002,1,1
23.08.2021 00:43:30.590,3.9169199999999997,3.91416,1,1
23.08.2021 00:43:32.375,3.91679,3.9141500000000002,1,1
23.08.2021 00:43:32.425,3.91681,3.9141500000000002,1,1
23.08.2021 00:43:32.475,3.91656,3.9141500000000002,1,1
23.08.2021 00:43:35.295,3.91655,3.9141500000000002,1,1
23.08.2021 00:43:37.627,3.9165900000000002,3.9141500000000002,1,1
23.08.2021 00:43:46.988,3.91664,3.9141500000000002,1,1
23.08.2021 00:43:47.039,3.91655,3.9141500000000002,1,1
23.08.2021 00:43:47.170,3.91646,3.9141500000000002,1,1
23.08.2021 00:44:07.745,3.91645,3.9141800000000004,1,1
23.08.2021 00:44:27.995,3.91636,3.91417,1,1
23.08.2021 00:44:32.309,3.91651,3.9138100000000002,1,1
23.08.2021 00:44:32.998,3.9163900000000003,3.9134800000000003,1,1.5
23.08.2021 00:44:33.048,3.9163900000000003,3.9132800000000003,1,1.5
23.08.2021 00:44:33.433,3.9163800000000006,3.9132400000000005,1,1.5
23.08.2021 00:44:35.024,3.91636,3.9131800000000005,1,1.5
23.08.2021 00:44:37.248,3.91636,3.9131800000000005,1,1.5
23.08.2021 00:44:37.349,3.9162300000000005,3.9131800000000005,1,1.5
23.08.2021 00:44:37.401,3.9162300000000005,3.9131800000000005,1,1.5
23.08.2021 00:44:42.197,3.91621,3.9135,1,1
23.08.2021 00:44:44.591,3.91621,3.91385,1,1
23.08.2021 00:44:47.846,3.91622,3.9138400000000004,1,1
23.08.2021 00:44:58.189,3.91601,3.91371,1,1
23.08.2021 00:45:11.018,3.91602,3.9137000000000004,1,1
23.08.2021 00:45:11.253,3.91602,3.9137000000000004,1,1
23.08.2021 00:45:22.943,3.91601,3.91356,1,1
23.08.2021 00:45:23.143,3.91602,3.9135500000000003,1,1
23.08.2021 00:45:23.687,3.91602,3.9135500000000003,1,1
23.08.2021 00:45:59.046,3.9160300000000006,3.9135500000000003,1,1
23.08.2021 00:46:06.344,3.91576,3.91342,1,1
23.08.2021 00:46:07.831,3.91575,3.9134300000000004,1,1
23.08.2021 00:46:11.603,3.91576,3.91342,1,1
23.08.2021 00:46:11.811,3.91576,3.91342,1,1
23.08.2021 00:46:34.961,3.91555,3.91327,1,1
23.08.2021 00:46:35.091,3.91556,3.91326,1,1
23.08.2021 00:46:48.095,3.91555,3.91326,1,1
23.08.2021 00:46:50.040,3.9155400000000005,3.9131300000000007,1,1
23.08.2021 00:46:50.198,3.91555,3.9131199999999997,1,1
23.08.2021 00:46:51.234,3.9155400000000005,3.9131300000000007,1,1
23.08.2021 00:46:51.501,3.9155400000000005,3.9131300000000007,1,1
23.08.2021 00:46:56.017,3.91555,3.9131199999999997,1,1
23.08.2021 00:46:56.220,3.91555,3.9131199999999997,1,1
23.08.2021 00:47:16.072,3.91555,3.9131199999999997,1,1
23.08.2021 00:47:16.207,3.91547,3.9131199999999997,1,1
23.08.2021 00:47:16.716,3.9151800000000003,3.9131199999999997,1,1
23.08.2021 00:47:16.817,3.91517,3.9131199999999997,1,1
23.08.2021 00:47:19.450,3.91516,3.9131300000000007,1,1
23.08.2021 00:47:21.073,3.91517,3.9129500000000004,1,1
23.08.2021 00:47:25.955,3.91517,3.9129500000000004,1,1
23.08.2021 00:47:43.704,3.91517,3.9129500000000004,1,1
23.08.2021 00:47:44.067,3.91516,3.91296,1,1
23.08.2021 00:48:22.308,3.91517,3.90997,1,1.6
23.08.2021 00:48:22.428,3.9150400000000003,3.9096900000000003,1,1.6
23.08.2021 00:48:22.496,3.9150500000000004,3.9096800000000003,1,1.6
23.08.2021 00:48:22.696,3.9150500000000004,3.9096800000000003,1,1.6
23.08.2021 00:48:23.283,3.91489,3.9094400000000005,1,1.6
23.08.2021 00:48:23.381,3.9149000000000003,3.9094300000000004,1,1.6
23.08.2021 00:48:24.041,3.91489,3.91235,1,1
23.08.2021 00:48:24.098,3.9149000000000003,3.9123400000000004,1,1
23.08.2021 00:48:24.619,3.9149000000000003,3.9123,1,1
23.08.2021 00:48:29.769,3.9149000000000003,3.9122500000000002,1,1
23.08.2021 00:48:31.637,3.91489,3.91226,1,1
23.08.2021 00:48:35.232,3.9149000000000003,3.9122500000000002,1,1
23.08.2021 00:48:36.922,3.9149000000000003,3.9122500000000002,1,1
23.08.2021 00:48:46.212,3.9149000000000003,3.9124000000000003,1,1
23.08.2021 00:48:49.111,3.9149000000000003,3.9122500000000002,1,1
23.08.2021 00:48:59.054,3.9146500000000004,3.91215,1,1
23.08.2021 00:49:00.549,3.91466,3.9121400000000004,1,1
23.08.2021 00:49:02.850,3.9146500000000004,3.9120000000000004,1,1
23.08.2021 00:49:11.276,3.91466,3.9119900000000003,1,1
23.08.2021 00:49:17.596,3.91466,3.9119900000000003,1,1
23.08.2021 00:49:32.889,3.91466,3.9119900000000003,1,1
23.08.2021 00:49:43.315,3.9146500000000004,3.9121400000000004,1,1
23.08.2021 00:50:31.551,3.91466,3.9121400000000004,1,1
23.08.2021 00:50:33.102,3.91466,3.9124000000000003,1,1
23.08.2021 00:50:35.115,3.9146500000000004,3.9121699999999997,1,1
23.08.2021 00:50:35.270,3.91466,3.91216,1,1
23.08.2021 00:50:35.402,3.91451,3.91206,1,1
23.08.2021 00:50:35.470,3.91451,3.91206,1,1
23.08.2021 00:50:38.161,3.91451,3.91235,1,1
23.08.2021 00:50:38.367,3.9145000000000003,3.9121699999999997,1,1
23.08.2021 00:50:38.499,3.9144900000000002,3.91216,1,1
23.08.2021 00:50:39.425,3.9145000000000003,3.91216,1,1
23.08.2021 00:50:39.562,3.9145000000000003,3.91207,1,1
23.08.2021 00:50:39.675,3.9145300000000005,3.9120800000000004,1,1
23.08.2021 00:50:39.725,3.9144900000000002,3.9120800000000004,1,1
23.08.2021 00:50:40.803,3.9145000000000003,3.91235,1,1
23.08.2021 00:50:41.002,3.9145000000000003,3.91236,1,1
23.08.2021 00:50:41.510,3.9145000000000003,3.9120900000000005,1,1
23.08.2021 00:50:41.725,3.9145000000000003,3.91236,1,1
23.08.2021 00:50:41.922,3.9145000000000003,3.9120900000000005,1,1
23.08.2021 00:50:42.123,3.9144900000000002,3.9123699999999997,1,1
23.08.2021 00:50:42.323,3.9145000000000003,3.9120900000000005,1,1
23.08.2021 00:50:42.526,3.9144900000000002,3.9123699999999997,1,1
23.08.2021 00:50:42.627,3.9145000000000003,3.9120900000000005,1,1
23.08.2021 00:50:42.810,3.9145000000000003,3.91235,1,1
23.08.2021 00:50:42.860,3.9145000000000003,3.91236,1,1
23.08.2021 00:50:43.060,3.9145000000000003,3.9120900000000005,1,1
23.08.2021 00:50:43.209,3.9145000000000003,3.91235,1,1
23.08.2021 00:50:43.260,3.9145000000000003,3.91236,1,1
23.08.2021 00:50:43.461,3.9144900000000002,3.9121,1,1
23.08.2021 00:50:43.628,3.9144900000000002,3.91236,1,1
23.08.2021 00:50:43.865,3.9145000000000003,3.91212,1,1
23.08.2021 00:50:44.015,3.9144900000000002,3.91236,1,1
23.08.2021 00:50:44.216,3.9144900000000002,3.9121300000000003,1,1
23.08.2021 00:50:44.267,3.9145000000000003,3.91212,1,1
23.08.2021 00:50:44.323,3.91446,3.9121300000000003,1,1
23.08.2021 00:50:44.467,3.91447,3.9123800000000006,1,1
23.08.2021 00:50:44.629,3.91447,3.91212,1,1
23.08.2021 00:50:44.821,3.91447,3.91236,1,1
23.08.2021 00:50:45.021,3.9144800000000006,3.91212,1,1
23.08.2021 00:50:45.071,3.9144800000000006,3.91212,1,1
23.08.2021 00:50:45.221,3.9144800000000006,3.91235,1,1
23.08.2021 00:50:45.422,3.9144800000000006,3.91212,1,1
23.08.2021 00:50:45.472,3.91447,3.9121300000000003,1,1
23.08.2021 00:50:45.630,3.91447,3.9123900000000003,1,1
23.08.2021 00:50:45.873,3.9144800000000006,3.91212,1,1
23.08.2021 00:50:46.025,3.9144800000000006,3.91235,1,1
23.08.2021 00:50:46.226,3.91447,3.9121300000000003,1,1
23.08.2021 00:50:46.277,3.9144800000000006,3.91212,1,1
23.08.2021 00:50:46.426,3.91447,3.91236,1,1
23.08.2021 00:50:46.582,3.9144800000000006,3.9123800000000006,1,1
23.08.2021 00:50:46.715,3.91447,3.9121300000000003,1,1
23.08.2021 00:50:46.832,3.9144800000000006,3.91235,1,1
23.08.2021 00:50:47.223,3.91447,3.9123800000000006,1,1
23.08.2021 00:50:47.273,3.91447,3.91245,1,1
23.08.2021 00:50:47.324,3.91446,3.9124900000000005,1,1
23.08.2021 00:50:47.519,3.91447,3.91222,1,1
23.08.2021 00:50:47.659,3.91447,3.91245,1,1
23.08.2021 00:50:47.860,3.91446,3.9122300000000005,1,1
23.08.2021 00:50:47.920,3.91446,3.9122300000000005,1,1
23.08.2021 00:50:47.970,3.91442,3.91222,1,1
23.08.2021 00:50:48.121,3.91442,3.9124800000000004,1,1
23.08.2021 00:50:48.322,3.91442,3.91222,1,1
23.08.2021 00:50:48.372,3.91436,3.9122300000000005,1,1
23.08.2021 00:50:48.523,3.91437,3.9124800000000004,1,1
23.08.2021 00:50:48.723,3.91436,3.9122300000000005,1,1
23.08.2021 00:50:48.816,3.91437,3.91245,1,1
23.08.2021 00:50:48.923,3.91437,3.9124800000000004,1,1
23.08.2021 00:50:49.123,3.91437,3.91222,1,1
23.08.2021 00:50:49.220,3.91436,3.91246,1,1
23.08.2021 00:50:49.325,3.91437,3.9124800000000004,1,1
23.08.2021 00:50:49.527,3.91437,3.91222,1,1
23.08.2021 00:50:49.637,3.91436,3.91246,1,1
23.08.2021 00:50:49.824,3.91436,3.9122300000000005,1,1
23.08.2021 00:50:49.930,3.91437,3.91222,1,1
23.08.2021 00:50:50.024,3.91436,3.91246,1,1
23.08.2021 00:50:50.131,3.91436,3.9124900000000005,1,1
23.08.2021 00:50:50.331,3.91436,3.9122300000000005,1,1
23.08.2021 00:50:50.430,3.91437,3.91245,1,1
23.08.2021 00:50:50.532,3.91436,3.9125,1,1
23.08.2021 00:50:50.640,3.91436,3.9122300000000005,1,1
23.08.2021 00:50:50.827,3.91437,3.91245,1,1
23.08.2021 00:50:51.029,3.91436,3.9122300000000005,1,1
23.08.2021 00:50:51.079,3.91437,3.91222,1,1
23.08.2021 00:50:51.229,3.91437,3.91245,1,1
23.08.2021 00:50:51.431,3.91437,3.91222,1,1
23.08.2021 00:50:51.516,3.91436,3.9122300000000005,1,1
23.08.2021 00:50:51.642,3.91436,3.91246,1,1
23.08.2021 00:50:51.834,3.91437,3.91222,1,1
23.08.2021 00:50:51.918,3.91437,3.91222,1,1
23.08.2021 00:50:52.033,3.91437,3.91245,1,1
23.08.2021 00:50:52.238,3.91436,3.9122300000000005,1,1
23.08.2021 00:50:52.322,3.91436,3.9122300000000005,1,1
23.08.2021 00:50:52.439,3.91437,3.91245,1,1
23.08.2021 00:50:52.594,3.91436,3.9125,1,1
23.08.2021 00:50:52.724,3.91437,3.91222,1,1
23.08.2021 00:50:52.840,3.91436,3.91246,1,1
23.08.2021 00:50:53.041,3.91436,3.9122300000000005,1,1
23.08.2021 00:50:53.126,3.91437,3.91222,1,1
23.08.2021 00:50:53.242,3.91437,3.91245,1,1
23.08.2021 00:50:53.444,3.91437,3.91224,1,1
23.08.2021 00:50:53.494,3.9146400000000003,3.91224,1,1
23.08.2021 00:50:53.545,3.9146300000000003,3.9122500000000002,1,1
23.08.2021 00:50:53.727,3.9146400000000003,3.9125400000000004,1,1
23.08.2021 00:50:53.929,3.9146300000000003,3.9122800000000004,1,1
23.08.2021 00:50:54.129,3.9146400000000003,3.9125400000000004,1,1
23.08.2021 00:50:54.330,3.9146400000000003,3.91227,1,1
23.08.2021 00:50:54.531,3.9146400000000003,3.9125400000000004,1,1
23.08.2021 00:50:54.732,3.9146400000000003,3.91227,1,1
23.08.2021 00:50:54.921,3.9146400000000003,3.9125400000000004,1,1
23.08.2021 00:50:55.124,3.9146400000000003,3.91265,1,1
23.08.2021 00:50:55.325,3.9146400000000003,3.9123900000000003,1,1
23.08.2021 00:50:55.526,3.9146400000000003,3.91265,1,1
23.08.2021 00:50:55.728,3.9146300000000003,3.91231,1,1
23.08.2021 00:50:55.836,3.9146400000000003,3.91255,1,1
23.08.2021 00:50:56.037,3.9146300000000003,3.91231,1,1
23.08.2021 00:50:56.125,3.9146400000000003,3.9123,1,1
23.08.2021 00:50:56.207,3.9146400000000003,3.91255,1,1
23.08.2021 00:50:56.317,3.9146300000000003,3.9125800000000006,1,1
23.08.2021 00:50:56.522,3.9146300000000003,3.91231,1,1
23.08.2021 00:50:56.652,3.9146400000000003,3.91255,1,1
23.08.2021 00:50:56.810,3.9146300000000003,3.91231,1,1
23.08.2021 00:50:56.926,3.9146400000000003,3.9123,1,1
23.08.2021 00:50:57.013,3.9146300000000003,3.91256,1,1
23.08.2021 00:50:57.127,3.9146400000000003,3.91257,1,1
23.08.2021 00:50:57.328,3.9146400000000003,3.9123,1,1
23.08.2021 00:50:57.415,3.9146300000000003,3.91256,1,1
23.08.2021 00:50:57.531,3.9146400000000003,3.91257,1,1
23.08.2021 00:50:57.731,3.9146400000000003,3.9123,1,1
23.08.2021 00:50:57.817,3.9146300000000003,3.91256,1,1
23.08.2021 00:50:57.932,3.9146400000000003,3.91257,1,1
23.08.2021 00:50:58.133,3.9146400000000003,3.9123,1,1
23.08.2021 00:50:58.221,3.9146400000000003,3.91255,1,1
23.08.2021 00:50:58.333,3.9146400000000003,3.91257,1,1
23.08.2021 00:50:58.533,3.9146400000000003,3.9123,1,1
23.08.2021 00:50:58.658,3.9146400000000003,3.91255,1,1
23.08.2021 00:50:58.826,3.9145900000000005,3.9123,1,1
23.08.2021 00:50:58.936,3.9145900000000005,3.9123,1,1
23.08.2021 00:50:59.029,3.9145800000000004,3.91256,1,1
23.08.2021 00:50:59.138,3.9145900000000005,3.91257,1,1
23.08.2021 00:50:59.538,3.9145900000000005,3.9123,1,1
23.08.2021 00:50:59.741,3.9145800000000004,3.91256,1,1
23.08.2021 00:50:59.924,3.9145900000000005,3.9122900000000005,1,1
23.08.2021 00:51:00.125,3.9145800000000004,3.91256,1,1
23.08.2021 00:51:00.325,3.9145900000000005,3.9122900000000005,1,1
23.08.2021 00:51:00.526,3.9145800000000004,3.91256,1,1
23.08.2021 00:51:00.660,3.9145900000000005,3.9122900000000005,1,1
23.08.2021 00:51:00.895,3.9145900000000005,3.91255,1,1
23.08.2021 00:51:01.096,3.9145900000000005,3.9122900000000005,1,1
23.08.2021 00:51:01.296,3.9145800000000004,3.91256,1,1
23.08.2021 00:51:01.524,3.9145900000000005,3.9122900000000005,1,1
23.08.2021 00:51:01.725,3.9145900000000005,3.91255,1,1
23.08.2021 00:51:01.927,3.9145900000000005,3.9122900000000005,1,1
23.08.2021 00:51:02.127,3.9145900000000005,3.91255,1,1
23.08.2021 00:51:02.327,3.9145800000000004,3.9123,1,1
23.08.2021 00:51:02.528,3.9145800000000004,3.91256,1,1
23.08.2021 00:51:02.729,3.9145900000000005,3.9122900000000005,1,1
23.08.2021 00:51:02.930,3.9145900000000005,3.91255,1,1
23.08.2021 00:51:03.131,3.9145900000000005,3.9122900000000005,1,1
23.08.2021 00:51:03.331,3.9145800000000004,3.91256,1,1
23.08.2021 00:51:03.532,3.9145900000000005,3.9122900000000005,1,1
23.08.2021 00:51:03.733,3.9145900000000005,3.91255,1,1
23.08.2021 00:51:03.933,3.9145900000000005,3.9122900000000005,1,1
23.08.2021 00:51:04.134,3.9145800000000004,3.91256,1,1
23.08.2021 00:51:04.336,3.9145800000000004,3.9123,1,1
23.08.2021 00:51:04.538,3.9145900000000005,3.91255,1,1
23.08.2021 00:51:04.739,3.9145900000000005,3.9122900000000005,1,1
23.08.2021 00:51:04.939,3.9145800000000004,3.91256,1,1
23.08.2021 00:51:05.139,3.9145900000000005,3.9122900000000005,1,1
23.08.2021 00:51:05.340,3.9145900000000005,3.91255,1,1
23.08.2021 00:51:05.546,3.9145800000000004,3.9123,1,1
23.08.2021 00:51:05.742,3.9145900000000005,3.91255,1,1
23.08.2021 00:51:05.943,3.9145900000000005,3.9122900000000005,1,1
23.08.2021 00:51:06.145,3.9145900000000005,3.91255,1,1
23.08.2021 00:51:06.325,3.9145800000000004,3.9123,1,1
23.08.2021 00:51:06.531,3.9145800000000004,3.91256,1,1
23.08.2021 00:51:06.617,3.9147800000000004,3.91255,1,1
23.08.2021 00:51:06.668,3.9146800000000006,3.9122900000000005,1,1
23.08.2021 00:51:06.733,3.9146800000000006,3.9122900000000005,1,1
23.08.2021 00:51:06.934,3.9146800000000006,3.91255,1,1
23.08.2021 00:51:07.135,3.9146800000000006,3.9122900000000005,1,1
23.08.2021 00:51:07.342,3.9146800000000006,3.91255,1,1
23.08.2021 00:51:07.542,3.9146800000000006,3.9122900000000005,1,1
23.08.2021 00:51:07.762,3.91467,3.91256,1,1
23.08.2021 00:51:07.945,3.9146800000000006,3.9122900000000005,1,1
23.08.2021 00:51:08.146,3.91467,3.91256,1,1
23.08.2021 00:51:08.316,3.9146800000000006,3.9122900000000005,1,1
23.08.2021 00:51:08.516,3.9146800000000006,3.91255,1,1
23.08.2021 00:51:08.715,3.9146800000000006,3.9122900000000005,1,1
23.08.2021 00:51:08.918,3.91467,3.91256,1,1
23.08.2021 00:51:09.119,3.9146800000000006,3.9122900000000005,1,1
23.08.2021 00:51:09.321,3.9146800000000006,3.91255,1,1
23.08.2021 00:51:09.519,3.9146800000000006,3.9122900000000005,1,1
23.08.2021 00:51:09.701,3.9146800000000006,3.91255,1,1
23.08.2021 00:51:09.904,3.91467,3.9123,1,1
23.08.2021 00:51:10.105,3.9146800000000006,3.91255,1,1
23.08.2021 00:51:10.305,3.9146800000000006,3.9122900000000005,1,1
23.08.2021 00:51:10.506,3.9146800000000006,3.91255,1,1
23.08.2021 00:51:10.700,3.9146800000000006,3.9122900000000005,1,1
23.08.2021 00:51:10.901,3.91467,3.91256,1,1
23.08.2021 00:51:11.102,3.9146800000000006,3.9122900000000005,1,1
23.08.2021 00:51:11.304,3.9146800000000006,3.91255,1,1
23.08.2021 00:51:11.529,3.91467,3.9123,1,1
23.08.2021 00:51:11.755,3.91467,3.91256,1,1
23.08.2021 00:51:11.931,3.9146800000000006,3.9122900000000005,1,1
23.08.2021 00:51:12.131,3.9146800000000006,3.91255,1,1
23.08.2021 00:51:12.332,3.91467,3.9123,1,1
23.08.2021 00:51:12.532,3.9146800000000006,3.91255,1,1
23.08.2021 00:51:12.733,3.9146800000000006,3.9122900000000005,1,1
23.08.2021 00:51:12.934,3.9146800000000006,3.91255,1,1
23.08.2021 00:51:13.136,3.91467,3.9123,1,1
23.08.2021 00:51:13.339,3.91467,3.91256,1,1
23.08.2021 00:51:13.539,3.9146800000000006,3.9122900000000005,1,1
23.08.2021 00:51:13.741,3.9146800000000006,3.91255,1,1
23.08.2021 00:51:14.052,3.9146800000000006,3.9122900000000005,1,1
23.08.2021 00:51:14.232,3.9146800000000006,3.91255,1,1
23.08.2021 00:51:14.433,3.91467,3.9123,1,1
23.08.2021 00:51:14.634,3.9146800000000006,3.91255,1,1
23.08.2021 00:51:14.834,3.91467,3.9123,1,1
23.08.2021 00:51:15.042,3.9146800000000006,3.91255,1,1
23.08.2021 00:51:15.243,3.9146800000000006,3.9122900000000005,1,1
23.08.2021 00:51:15.444,3.91467,3.91256,1,1
23.08.2021 00:51:15.647,3.9146800000000006,3.9122900000000005,1,1
23.08.2021 00:51:15.848,3.9146800000000006,3.91255,1,1
23.08.2021 00:51:16.048,3.9146800000000006,3.9122900000000005,1,1
23.08.2021 00:51:16.249,3.9146800000000006,3.91255,1,1
23.08.2021 00:51:16.350,3.9146800000000006,3.9122900000000005,1,1
23.08.2021 00:51:16.586,3.9146800000000006,3.91255,1,1
23.08.2021 00:51:16.738,3.91467,3.9122900000000005,1,1
23.08.2021 00:51:16.941,3.91467,3.91256,1,1
23.08.2021 00:51:17.160,3.9146800000000006,3.9122900000000005,1,1
23.08.2021 00:51:17.342,3.91467,3.91256,1,1
23.08.2021 00:51:17.542,3.9146800000000006,3.9122900000000005,1,1
23.08.2021 00:51:17.742,3.91467,3.91256,1,1
23.08.2021 00:51:17.945,3.9146800000000006,3.9122900000000005,1,1
23.08.2021 00:51:18.165,3.9146800000000006,3.91255,1,1
23.08.2021 00:51:18.346,3.9146800000000006,3.9122900000000005,1,1
23.08.2021 00:51:18.547,3.91467,3.91256,1,1
23.08.2021 00:51:18.750,3.9146800000000006,3.9122900000000005,1,1
23.08.2021 00:51:18.950,3.91467,3.91256,1,1
23.08.2021 00:51:19.169,3.91467,3.9123,1,1
23.08.2021 00:51:19.352,3.9146800000000006,3.91255,1,1
23.08.2021 00:51:19.553,3.9146800000000006,3.9122900000000005,1,1
23.08.2021 00:51:19.753,3.9146800000000006,3.91255,1,1
23.08.2021 00:51:19.954,3.9146800000000006,3.9122900000000005,1,1
23.08.2021 00:51:20.157,3.9146800000000006,3.91255,1,1
23.08.2021 00:51:20.357,3.9146800000000006,3.9122900000000005,1,1
23.08.2021 00:51:20.558,3.9146800000000006,3.91255,1,1
23.08.2021 00:51:20.708,3.9146800000000006,3.9122900000000005,1,1
23.08.2021 00:51:20.907,3.9146800000000006,3.91255,1,1
23.08.2021 00:51:21.107,3.9146800000000006,3.9123,1,1
23.08.2021 00:51:21.265,3.9146800000000006,3.9122300000000005,1,1
23.08.2021 00:51:21.366,3.91467,3.9123800000000006,1,1
23.08.2021 00:51:22.541,3.91467,3.91224,1,1
23.08.2021 00:51:22.592,3.9146800000000006,3.91235,1,1
23.08.2021 00:51:22.699,3.9146800000000006,3.9124000000000003,1,1
23.08.2021 00:51:25.735,3.9147800000000004,3.9124000000000003,1,1
23.08.2021 00:51:53.647,3.9147800000000004,3.9124000000000003,1,1
23.08.2021 00:52:03.161,3.9147800000000004,3.9125300000000003,1,1
23.08.2021 00:52:06.338,3.9147800000000004,3.9125300000000003,1,1
23.08.2021 00:52:08.201,3.9147800000000004,3.9125300000000003,1,1
23.08.2021 00:52:12.491,3.9147800000000004,3.9125300000000003,1,1
23.08.2021 00:52:14.300,3.9147800000000004,3.9125300000000003,1,1
23.08.2021 00:52:37.189,3.9147800000000004,3.9123800000000006,1,1
23.08.2021 00:52:37.347,3.9147800000000004,3.9125199999999998,1,1
23.08.2021 00:52:45.229,3.9150400000000003,3.9125300000000003,1,1
23.08.2021 00:52:45.280,3.9150500000000004,3.9125199999999998,1,1
23.08.2021 00:52:46.342,3.9150500000000004,3.9125199999999998,1,1
23.08.2021 00:52:48.309,3.9150500000000004,3.9125199999999998,1,1
23.08.2021 00:52:50.453,3.9150500000000004,3.9125199999999998,1,1
23.08.2021 00:52:50.504,3.9150500000000004,3.91235,1,1
23.08.2021 00:52:50.605,3.91516,3.91202,1,1
23.08.2021 00:52:50.706,3.9157100000000002,3.9119400000000004,1,1
23.08.2021 00:52:50.810,3.91595,3.9119400000000004,1,1
23.08.2021 00:52:51.925,3.9160500000000003,3.9120800000000004,1,1
23.08.2021 00:52:59.476,3.91604,3.9120900000000005,1,1
23.08.2021 00:53:06.880,3.91604,3.9121900000000003,1,1
23.08.2021 00:53:17.088,3.91604,3.9121900000000003,1,1
23.08.2021 00:53:31.236,3.9160500000000003,3.9121800000000007,1,1
23.08.2021 00:53:37.369,3.9160500000000003,3.91242,1,1
23.08.2021 00:53:44.617,3.9160500000000003,3.91242,1,1
23.08.2021 00:53:47.188,3.9160500000000003,3.91242,1,1
23.08.2021 00:54:04.292,3.9160500000000003,3.91242,1,1
23.08.2021 00:54:18.194,3.91604,3.9124300000000005,1,1
23.08.2021 00:54:23.222,3.9160500000000003,3.91242,1,1
23.08.2021 00:54:27.505,3.9160500000000003,3.9121699999999997,1,1
23.08.2021 00:54:31.976,3.9160500000000003,3.9120500000000002,1,1
23.08.2021 00:54:32.337,3.9160500000000003,3.9120500000000002,1,1
23.08.2021 00:54:32.538,3.9160500000000003,3.9120500000000002,1,1
23.08.2021 00:54:35.179,3.9160500000000003,3.9120500000000002,1,1
23.08.2021 00:54:36.291,3.91604,3.91206,1,1
23.08.2021 00:54:37.014,3.9160500000000003,3.9120500000000002,1,1
23.08.2021 00:54:40.153,3.91604,3.91206,1,1
23.08.2021 00:54:41.697,3.91604,3.91206,1,1
23.08.2021 00:54:42.667,3.91604,3.91206,1,1
23.08.2021 00:54:44.889,3.91604,3.91206,1,1
23.08.2021 00:54:46.474,3.9157800000000003,3.91191,1,1
23.08.2021 00:54:48.220,3.9157800000000003,3.91191,1,1
23.08.2021 00:54:50.096,3.9157699999999998,3.91192,1,1
23.08.2021 00:54:50.500,3.9157800000000003,3.91191,1,1
23.08.2021 00:54:52.385,3.9157699999999998,3.91196,1,1
23.08.2021 00:54:55.114,3.9157800000000003,3.91195,1,1
23.08.2021 00:54:57.249,3.9157800000000003,3.91195,1,1
23.08.2021 00:55:00.134,3.9157800000000003,3.91195,1,1
23.08.2021 00:55:00.546,3.9157800000000003,3.91206,1,1
23.08.2021 00:55:00.664,3.91566,3.91207,1,1
23.08.2021 00:55:00.795,3.91555,3.91176,1,1
23.08.2021 00:55:01.742,3.91556,3.91175,1,1
23.08.2021 00:55:01.843,3.9155400000000005,3.91155,1,1
23.08.2021 00:55:11.098,3.91555,3.91175,1,1
23.08.2021 00:55:11.435,3.9152800000000005,3.9125900000000002,1,1
23.08.2021 00:55:11.674,3.9149000000000003,3.9126000000000003,1,1
23.08.2021 00:55:16.181,3.91521,3.91256,1,1
23.08.2021 00:55:16.451,3.91521,3.91271,1,1
23.08.2021 00:55:16.937,3.91521,3.91301,1,1
23.08.2021 00:55:17.323,3.91521,3.91301,1,1
23.08.2021 00:55:22.364,3.9151400000000005,3.91302,1,1
23.08.2021 00:55:30.371,3.9151300000000004,3.91301,1,1
23.08.2021 00:55:36.972,3.91536,3.91301,1,1
23.08.2021 00:55:47.735,3.91536,3.9131300000000007,1,1
23.08.2021 00:55:54.129,3.91536,3.9131300000000007,1,1
23.08.2021 00:55:55.590,3.91536,3.9131300000000007,1,1
23.08.2021 00:56:11.220,3.91535,3.9128400000000005,1,1
23.08.2021 00:56:28.576,3.91535,3.91282,1,1
23.08.2021 00:56:28.980,3.91536,3.91281,1,1
23.08.2021 00:56:29.842,3.91536,3.91281,1,1
23.08.2021 00:56:30.537,3.91536,3.91281,1,1
23.08.2021 00:56:32.437,3.91535,3.91282,1,1
23.08.2021 00:56:32.830,3.91536,3.91281,1,1
23.08.2021 00:56:59.251,3.91536,3.91281,1,1
23.08.2021 00:56:59.302,3.91509,3.91282,1,1
23.08.2021 00:57:02.191,3.9151000000000002,3.91267,1,1
23.08.2021 00:57:07.564,3.91509,3.91282,1,1
23.08.2021 00:57:18.303,3.91536,3.91281,1,1
23.08.2021 00:57:20.931,3.91535,3.91296,1,1
23.08.2021 00:57:44.217,3.91535,3.91296,1,1
23.08.2021 00:57:44.740,3.91536,3.9131,1,1
23.08.2021 00:57:52.347,3.91556,3.91311,1,1
23.08.2021 00:58:11.529,3.9155699999999998,3.9131,1,1
23.08.2021 00:58:11.604,3.9156400000000002,3.91311,1,1
23.08.2021 00:58:12.532,3.9156400000000002,3.91311,1,1
23.08.2021 00:58:21.740,3.9156400000000002,3.9130000000000003,1,1
23.08.2021 00:58:21.941,3.9156500000000003,3.91299,1,1
23.08.2021 00:58:23.202,3.9156500000000003,3.9131300000000007,1,1
23.08.2021 00:58:23.359,3.9156500000000003,3.91299,1,1
23.08.2021 00:58:23.764,3.9156500000000003,3.91299,1,1
23.08.2021 00:58:25.111,3.9156500000000003,3.9131400000000003,1,1
23.08.2021 00:58:31.467,3.9155900000000003,3.9131400000000003,1,1
23.08.2021 00:58:32.615,3.9155900000000003,3.9131400000000003,1,1
23.08.2021 00:58:36.745,3.9155900000000003,3.9131400000000003,1,1
23.08.2021 00:58:38.837,3.9155900000000003,3.9131400000000003,1,1
23.08.2021 00:58:39.599,3.9155800000000003,3.9131500000000004,1,1
23.08.2021 00:58:43.822,3.9155900000000003,3.9131400000000003,1,1
23.08.2021 00:58:43.968,3.9156,3.9131500000000004,1,1
23.08.2021 00:59:00.851,3.91561,3.9131400000000003,1,1
23.08.2021 00:59:11.314,3.91561,3.91322,1,1
23.08.2021 00:59:11.516,3.91561,3.91322,1,1
23.08.2021 00:59:14.190,3.91561,3.91341,1,1
23.08.2021 00:59:18.957,3.91561,3.91341,1,1
23.08.2021 00:59:25.890,3.91561,3.91341,1,1
23.08.2021 00:59:31.266,3.9156,3.91342,1,1
23.08.2021 00:59:32.507,3.9156,3.91342,1,1
23.08.2021 00:59:32.557,3.9155800000000003,3.91322,1,1
23.08.2021 00:59:34.101,3.9155699999999998,3.91342,1,1
23.08.2021 00:59:34.532,3.9155699999999998,3.91321,1,1
23.08.2021 00:59:34.583,3.9155900000000003,3.91321,1,1
23.08.2021 00:59:34.706,3.9156,3.9132000000000002,1,1
23.08.2021 00:59:35.745,3.9155699999999998,3.9132000000000002,1,1
23.08.2021 00:59:41.294,3.9155900000000003,3.9132000000000002,1,1
23.08.2021 00:59:41.566,3.91562,3.91321,1,1
23.08.2021 00:59:41.776,3.91561,3.91321,1,1
23.08.2021 00:59:42.807,3.91562,3.91342,1,1
23.08.2021 00:59:42.962,3.91561,3.9132300000000004,1,1
23.08.2021 00:59:43.163,3.91561,3.91321,1,1
23.08.2021 00:59:44.147,3.91562,3.91341,1,1
23.08.2021 00:59:44.299,3.91562,3.9132400000000005,1,1
23.08.2021 00:59:44.499,3.91562,3.9132000000000002,1,1
23.08.2021 00:59:44.600,3.9155800000000003,3.9132000000000002,1,1
23.08.2021 00:59:45.446,3.9155699999999998,3.91342,1,1
23.08.2021 00:59:45.601,3.9155800000000003,3.9132400000000005,1,1
23.08.2021 00:59:46.607,3.9155800000000003,3.9134300000000004,1,1
23.08.2021 00:59:47.673,3.91556,3.9134300000000004,1,1
23.08.2021 00:59:51.528,3.91556,3.9134300000000004,1,1
23.08.2021 00:59:51.581,3.91556,3.9134300000000004,1,1
23.08.2021 00:59:51.784,3.91556,3.9132000000000002,1,1
23.08.2021 00:59:51.986,3.91556,3.9134300000000004,1,1
23.08.2021 00:59:52.186,3.91556,3.9132000000000002,1,1
23.08.2021 00:59:52.389,3.91556,3.9134300000000004,1,1
23.08.2021 00:59:52.589,3.91555,3.91321,1,1
23.08.2021 00:59:52.784,3.91552,3.91337,1,1
23.08.2021 00:59:52.885,3.9155300000000004,3.9132000000000002,1,1
23.08.2021 00:59:52.991,3.91552,3.91321,1,1
23.08.2021 00:59:53.192,3.91552,3.91342,1,1
23.08.2021 00:59:53.392,3.9155300000000004,3.9132000000000002,1,1
23.08.2021 00:59:53.593,3.9155300000000004,3.9134300000000004,1,1
23.08.2021 00:59:53.793,3.9155300000000004,3.9132000000000002,1,1
23.08.2021 00:59:53.995,3.9155300000000004,3.9134300000000004,1,1
23.08.2021 00:59:54.197,3.9155300000000004,3.9132000000000002,1,1
23.08.2021 00:59:54.341,3.9155300000000004,3.91337,1,1
23.08.2021 00:59:55.749,3.91552,3.91321,1,1
23.08.2021 00:59:55.957,3.9155300000000004,3.9133400000000003,1,1
23.08.2021 00:59:56.155,3.91552,3.91321,1,1
23.08.2021 00:59:56.311,3.9155300000000004,3.91336,1,1
23.08.2021 00:59:56.512,3.9155300000000004,3.9132000000000002,1,1
23.08.2021 01:00:04.101,3.91536,3.9130300000000005,1,1
23.08.2021 01:00:04.277,3.91536,3.9130300000000005,1,1
23.08.2021 01:00:05.599,3.91536,3.9130300000000005,1,1
23.08.2021 01:00:06.204,3.91535,3.91287,1,1
23.08.2021 01:00:06.350,3.91509,3.9128600000000002,1,1
23.08.2021 01:00:06.688,3.9151400000000005,3.91271,1,1
23.08.2021 01:00:11.033,3.9151300000000004,3.9127199999999998,1,1
23.08.2021 01:00:11.436,3.9151300000000004,3.9127199999999998,1,1
23.08.2021 01:00:18.703,3.91511,3.9127199999999998,1,1
23.08.2021 01:00:18.754,3.91515,3.91271,1,1
23.08.2021 01:00:19.577,3.91515,3.9127500000000004,1,1
23.08.2021 01:00:19.729,3.91515,3.9127500000000004,1,1
23.08.2021 01:00:20.992,3.91515,3.9127,1,1
23.08.2021 01:00:21.742,3.9151400000000005,3.9127,1,1
23.08.2021 01:00:31.817,3.9151400000000005,3.9127,1,1
23.08.2021 01:00:38.037,3.9151400000000005,3.9127800000000006,1,1
