Gmt time,Ask,Bid,AskVolume,BidVolume
11.08.2021 00:00:00.074,3.9086800000000004,3.9036300000000006,1,1
11.08.2021 00:00:00.231,3.90862,3.90375,1,1
11.08.2021 00:00:00.332,3.90862,3.9037900000000003,1,1
11.08.2021 00:00:00.483,3.9085300000000003,3.90367,1,1
11.08.2021 00:00:00.725,3.9085400000000003,3.90366,1,1
11.08.2021 00:00:01.364,3.9085199999999998,3.9035100000000003,1,1
11.08.2021 00:00:01.544,3.9084800000000004,3.9033400000000005,1,1
11.08.2021 00:00:01.749,3.9084800000000004,3.9034800000000005,1,1.5
11.08.2021 00:00:01.955,3.9084800000000004,3.90367,1,1
11.08.2021 00:00:02.005,3.9084800000000004,3.90375,1,1
11.08.2021 00:00:02.056,3.9084800000000004,3.90347,1,1
11.08.2021 00:00:02.120,3.9084800000000004,3.90347,1,1
11.08.2021 00:00:02.321,3.9083800000000006,3.9034800000000005,1.5,1
11.08.2021 00:00:02.560,3.90844,3.9035900000000003,1,1
11.08.2021 00:00:02.761,3.9085199999999998,3.90342,1,1
11.08.2021 00:00:02.811,3.90846,3.90364,1,1
11.08.2021 00:00:02.888,3.90847,3.9036300000000006,1,1
11.08.2021 00:00:03.090,3.90847,3.9036500000000003,1,1
11.08.2021 00:00:03.191,3.90847,3.9036300000000006,1,1
11.08.2021 00:00:05.695,3.9083900000000003,3.9035400000000005,1,1
11.08.2021 00:00:05.761,3.9083900000000003,3.90376,1,1
11.08.2021 00:00:05.811,3.9084800000000004,3.9034800000000005,1,1.5
11.08.2021 00:00:05.862,3.9083900000000003,3.90352,1,1
11.08.2021 00:00:06.015,3.9084000000000003,3.9035100000000003,1,1
11.08.2021 00:00:06.267,3.90832,3.90331,1,1
11.08.2021 00:00:06.318,3.90832,3.90375,1,1
11.08.2021 00:00:06.369,3.90842,3.9035,1,1
11.08.2021 00:00:06.469,3.90846,3.9038300000000006,1,1
11.08.2021 00:00:06.671,3.90836,3.9035900000000003,1,1
11.08.2021 00:00:06.821,3.9083699999999997,3.9035800000000003,1,1
11.08.2021 00:00:06.977,3.9083699999999997,3.90367,1,1
11.08.2021 00:00:07.173,3.90836,3.9036800000000005,1,1
11.08.2021 00:00:07.375,3.90836,3.9036800000000005,1,1
11.08.2021 00:00:10.637,3.90844,3.90341,1,1
11.08.2021 00:00:13.990,3.9083699999999997,3.90376,1,1
11.08.2021 00:00:14.040,3.9083400000000004,3.90352,1,1
11.08.2021 00:00:14.192,3.9084000000000003,3.9035100000000003,1,1
11.08.2021 00:00:14.353,3.9083900000000003,3.90352,1,1
11.08.2021 00:00:14.791,3.9084000000000003,3.9035100000000003,1,1
11.08.2021 00:00:15.072,3.9084000000000003,3.9035100000000003,1,1
11.08.2021 00:00:15.332,3.9083400000000004,3.9035800000000003,1,1.5
11.08.2021 00:00:15.432,3.90845,3.90356,1,1
11.08.2021 00:00:15.634,3.90836,3.90356,1,1
11.08.2021 00:00:15.836,3.9084000000000003,3.90342,1,1
11.08.2021 00:00:16.037,3.90841,3.90347,1,1
11.08.2021 00:00:16.219,3.9083800000000006,3.9034800000000005,1,1
11.08.2021 00:00:16.471,3.9083,3.9035,1,1
11.08.2021 00:00:16.625,3.9083,3.9036000000000004,1,1
11.08.2021 00:00:16.876,3.90862,3.90361,1.5,1
11.08.2021 00:00:17.031,3.9083699999999997,3.9036300000000006,1,1
11.08.2021 00:00:17.436,3.90845,3.90356,1,1
11.08.2021 00:00:17.687,3.90846,3.9038500000000003,1,1
11.08.2021 00:00:17.839,3.90841,3.90362,1,1
11.08.2021 00:00:18.040,3.90835,3.9038000000000004,1.5,1
11.08.2021 00:00:18.242,3.9083699999999997,3.90367,1.5,1
11.08.2021 00:00:18.441,3.9083800000000006,3.90349,1,1.5
11.08.2021 00:00:18.846,3.9084300000000005,3.9035300000000004,1,1
11.08.2021 00:00:19.047,3.90835,3.9038500000000003,1.5,1
11.08.2021 00:00:19.148,3.90841,3.9036000000000004,1,1
11.08.2021 00:00:19.299,3.9083400000000004,3.90361,1.5,1
11.08.2021 00:00:19.476,3.9083800000000006,3.90361,1,1
11.08.2021 00:00:19.627,3.90845,3.9038500000000003,1,1
11.08.2021 00:00:19.798,3.90841,3.90364,1,1
11.08.2021 00:00:20.050,3.90845,3.9036300000000006,1,1
11.08.2021 00:00:20.251,3.9084300000000005,3.9037800000000007,1,1
11.08.2021 00:00:20.452,3.9083400000000004,3.9038000000000004,1,1
11.08.2021 00:00:20.503,3.9084800000000004,3.90395,1,1
11.08.2021 00:00:20.704,3.90845,3.9038500000000003,1,1
11.08.2021 00:00:20.906,3.9083400000000004,3.9037,1.5,1
11.08.2021 00:00:21.089,3.90835,3.90396,1.5,1
11.08.2021 00:00:21.291,3.90846,3.90366,1,1
11.08.2021 00:00:21.693,3.9085199999999998,3.90346,1,1
11.08.2021 00:00:21.895,3.9084300000000005,3.9036800000000005,1,1.5
11.08.2021 00:00:22.096,3.9084800000000004,3.90364,1,1
11.08.2021 00:00:22.310,3.90847,3.90382,1,1
11.08.2021 00:00:22.511,3.9084800000000004,3.9038500000000003,1,1
11.08.2021 00:00:22.562,3.90862,3.9038000000000004,1,1
11.08.2021 00:00:22.663,3.90861,3.90386,1.5,1
11.08.2021 00:00:22.864,3.9083400000000004,3.90386,1.5,1
11.08.2021 00:00:22.966,3.9083400000000004,3.9037,1.5,1
11.08.2021 00:00:23.067,3.9083400000000004,3.9037300000000004,1.5,1
11.08.2021 00:00:23.218,3.9084000000000003,3.9038500000000003,1,1
11.08.2021 00:00:23.423,3.9086300000000005,3.90349,1,1
11.08.2021 00:00:23.624,3.9084300000000005,3.9036900000000005,1,1
11.08.2021 00:00:23.826,3.90847,3.90366,1,1
11.08.2021 00:00:23.927,3.9083699999999997,3.90367,1,1
11.08.2021 00:00:24.129,3.9084900000000005,3.90367,1,1
11.08.2021 00:00:24.346,3.9086000000000003,3.90364,1,1
11.08.2021 00:00:24.551,3.90845,3.9037800000000007,1,1
11.08.2021 00:00:28.313,3.9085400000000003,3.90364,1,1
11.08.2021 00:00:28.364,3.9085300000000003,3.90396,1,1
11.08.2021 00:00:28.414,3.90846,3.90372,1,1
11.08.2021 00:00:28.515,3.9085400000000003,3.90386,1,1
11.08.2021 00:00:28.716,3.90844,3.90362,1,1.5
11.08.2021 00:00:28.767,3.90844,3.90395,1,1
11.08.2021 00:00:28.818,3.9085400000000003,3.90395,1,1
11.08.2021 00:00:28.918,3.9085400000000003,3.9035800000000003,1,1
11.08.2021 00:00:29.120,3.9085300000000003,3.9036300000000006,1,1.5
11.08.2021 00:00:29.291,3.90845,3.9037300000000004,1.5,1
11.08.2021 00:00:29.476,3.90845,3.9037300000000004,1.5,1
11.08.2021 00:00:29.527,3.9085300000000003,3.90395,1,1
11.08.2021 00:00:29.655,3.9082500000000002,3.9039800000000007,1.5,1
11.08.2021 00:00:29.811,3.9082500000000002,3.90372,1.5,1
11.08.2021 00:00:30.049,3.9082500000000002,3.90402,1.5,1
11.08.2021 00:00:30.214,3.9082500000000002,3.90372,1.5,1
11.08.2021 00:00:30.466,3.9082500000000002,3.90386,1.5,1
11.08.2021 00:00:30.768,3.90824,3.9037100000000002,1.5,1
11.08.2021 00:00:30.967,3.9082500000000002,3.9037,1.5,1
11.08.2021 00:00:31.177,3.90835,3.9037100000000002,1.5,1
11.08.2021 00:00:31.378,3.90835,3.90382,1.5,1
11.08.2021 00:00:31.892,3.9082500000000002,3.9039,1.5,1
11.08.2021 00:00:32.052,3.9081800000000007,3.9039,1.5,1
11.08.2021 00:00:37.300,3.9081699999999997,3.90386,1,1
11.08.2021 00:00:37.501,3.9082800000000004,3.90391,1.5,1
11.08.2021 00:00:37.714,3.9081699999999997,3.90395,1,1
11.08.2021 00:00:37.866,3.9080500000000002,3.9040300000000006,1,1
11.08.2021 00:00:38.111,3.90827,3.9036900000000005,1.5,1
11.08.2021 00:00:38.540,3.90795,3.9037100000000002,1,1
11.08.2021 00:00:38.641,3.90827,3.9038300000000006,1.5,1
11.08.2021 00:00:38.691,3.9082800000000004,3.90416,1.5,1
11.08.2021 00:00:38.926,3.9079699999999997,3.90431,1,1
11.08.2021 00:00:39.077,3.9085800000000006,3.9038300000000006,1.5,1
11.08.2021 00:00:39.127,3.9085800000000006,3.90425,1.5,1
11.08.2021 00:00:39.228,3.9083800000000006,3.9040300000000006,1.5,1
11.08.2021 00:00:39.279,3.90836,3.9042000000000003,1,1
11.08.2021 00:00:39.454,3.90827,3.90421,1.5,1
11.08.2021 00:00:40.477,3.9082800000000004,3.9042000000000003,1.5,1
11.08.2021 00:00:43.272,3.9082800000000004,3.9041800000000006,1.5,1
11.08.2021 00:00:44.189,3.9082800000000004,3.9041800000000006,1.5,1
11.08.2021 00:00:44.295,3.90801,3.9041900000000003,1.5,1
11.08.2021 00:00:48.760,3.9079800000000007,3.90406,1.5,1
11.08.2021 00:00:48.973,3.9079800000000007,3.9041300000000003,1.5,1
11.08.2021 00:00:49.299,3.9079699999999997,3.9041400000000004,1.5,1
11.08.2021 00:00:53.137,3.9079800000000007,3.9041300000000003,1.5,1
11.08.2021 00:00:54.987,3.9079800000000007,3.90406,1.5,1
11.08.2021 00:00:56.973,3.9079800000000007,3.90416,1.5,1
11.08.2021 00:00:57.479,3.9079699999999997,3.9041699999999997,1.5,1
11.08.2021 00:01:12.256,3.90792,3.9041699999999997,1,1
11.08.2021 00:01:12.395,3.9077900000000003,3.90404,1,1
11.08.2021 00:01:12.685,3.90775,3.90422,1,1
11.08.2021 00:01:12.839,3.90776,3.90421,1,1
11.08.2021 00:01:13.090,3.9082800000000004,3.9039800000000007,1.5,1.5
11.08.2021 00:01:13.241,3.90795,3.9042800000000004,1,1
11.08.2021 00:01:13.342,3.9078900000000005,3.9042800000000004,1,1
11.08.2021 00:01:15.713,3.9078900000000005,3.9042800000000004,1,1
11.08.2021 00:01:16.606,3.9078900000000005,3.9042800000000004,1,1
11.08.2021 00:01:49.134,3.9081699999999997,3.9047500000000004,1,1
11.08.2021 00:01:49.184,3.9081900000000003,3.9047,1,1
11.08.2021 00:01:49.285,3.9085800000000006,3.9044300000000005,1.5,1
11.08.2021 00:01:49.454,3.9083699999999997,3.90482,1,1
11.08.2021 00:01:50.525,3.90861,3.90502,1.5,1
11.08.2021 00:01:50.727,3.90845,3.9049199999999997,1,1.5
11.08.2021 00:01:50.928,3.9085,3.90497,1,1.5
11.08.2021 00:01:51.300,3.90846,3.90491,1,1
11.08.2021 00:01:51.400,3.90845,3.9049199999999997,1,1
11.08.2021 00:01:51.515,3.90856,3.9050300000000004,1,1
11.08.2021 00:01:51.616,3.9085199999999998,3.90497,1,1
11.08.2021 00:01:51.785,3.90851,3.9049800000000006,1,1
11.08.2021 00:01:52.488,3.90851,3.9049800000000006,1,1
11.08.2021 00:01:53.175,3.9085199999999998,3.90497,1,1
11.08.2021 00:01:54.158,3.9085199999999998,3.90497,1,1
11.08.2021 00:01:54.209,3.9085199999999998,3.90497,1,1
11.08.2021 00:01:54.412,3.90857,3.9050400000000005,1,1
11.08.2021 00:01:54.886,3.90885,3.9050000000000002,1,1
11.08.2021 00:01:55.045,3.90885,3.9053,1,1
11.08.2021 00:01:55.209,3.9086800000000004,3.9051300000000007,1,1
11.08.2021 00:01:55.315,3.90871,3.90516,1,1
11.08.2021 00:01:55.366,3.90896,3.90476,1,1.9
11.08.2021 00:01:55.549,3.9087,3.90476,1,1.9
11.08.2021 00:01:55.753,3.90899,3.9046300000000005,1,1.9
11.08.2021 00:01:55.954,3.90865,3.9044300000000005,1,1.9
11.08.2021 00:01:56.156,3.90871,3.9045199999999998,1,1.9
11.08.2021 00:01:56.665,3.9086600000000002,3.90511,1,1
11.08.2021 00:01:57.305,3.9086600000000002,3.90511,1,1
11.08.2021 00:01:57.498,3.9087199999999998,3.90517,1,1
11.08.2021 00:01:57.713,3.9087800000000006,3.9052300000000004,1,1
11.08.2021 00:01:57.783,3.9087800000000006,3.9052300000000004,1,1
11.08.2021 00:01:58.080,3.9091800000000005,3.9053800000000005,1,1
11.08.2021 00:01:58.280,3.9091300000000007,3.90559,1,1
11.08.2021 00:01:58.381,3.90882,3.90527,1,1
11.08.2021 00:01:58.602,3.90907,3.9055500000000003,1,1
11.08.2021 00:02:01.306,3.90897,3.9054699999999998,1,1
11.08.2021 00:02:03.985,3.90891,3.90536,1,1
11.08.2021 00:02:06.185,3.90897,3.9054400000000005,1,1
11.08.2021 00:02:06.235,3.90897,3.9054400000000005,1,1
11.08.2021 00:02:06.285,3.90897,3.9054400000000005,1,1
11.08.2021 00:02:10.073,3.90897,3.9054400000000005,1,1
11.08.2021 00:02:10.198,3.90896,3.90545,1,1
11.08.2021 00:02:10.589,3.9087300000000003,3.9052300000000004,1,1
11.08.2021 00:02:10.737,3.9087400000000003,3.90522,1,1
11.08.2021 00:02:10.938,3.9090000000000003,3.90545,1,1
11.08.2021 00:02:12.905,3.90901,3.9054400000000005,1,1
11.08.2021 00:02:14.454,3.90901,3.9054400000000005,1,1
11.08.2021 00:02:19.262,3.9089400000000003,3.90536,1,1
11.08.2021 00:02:20.901,3.9089400000000003,3.90536,1,1
11.08.2021 00:02:24.247,3.9089300000000007,3.90537,1,1
11.08.2021 00:02:24.399,3.9089300000000007,3.90537,1,1
11.08.2021 00:02:46.134,3.90901,3.9054400000000005,1,1
11.08.2021 00:02:46.318,3.90901,3.9054400000000005,1,1
11.08.2021 00:02:46.466,3.90901,3.9054400000000005,1,1
11.08.2021 00:02:57.642,3.90901,3.9054400000000005,1,1
11.08.2021 00:02:57.769,3.9089300000000007,3.90536,1,1
11.08.2021 00:02:57.955,3.90887,3.9052900000000004,1,1
11.08.2021 00:02:58.288,3.90861,3.9050900000000004,1,1
11.08.2021 00:02:59.732,3.90847,3.9049400000000003,1,1
11.08.2021 00:02:59.782,3.90885,3.9053500000000003,1,1
11.08.2021 00:03:00.062,3.90897,3.9054300000000004,1,1
11.08.2021 00:03:00.339,3.90896,3.9054400000000005,1,1
11.08.2021 00:03:00.818,3.90897,3.9054300000000004,1,1
11.08.2021 00:03:11.473,3.9086800000000004,3.90526,1,1
11.08.2021 00:03:11.705,3.9086900000000004,3.90525,1,1
11.08.2021 00:03:20.394,3.90877,3.90525,1,1
11.08.2021 00:03:31.493,3.90877,3.90525,1,1
11.08.2021 00:03:33.034,3.90877,3.90525,1,1
11.08.2021 00:03:40.972,3.90877,3.90525,1,1
11.08.2021 00:03:46.987,3.90877,3.90525,1,1
11.08.2021 00:03:54.782,3.90882,3.9053,1,1
11.08.2021 00:03:55.017,3.9089400000000003,3.9054400000000005,1,1
11.08.2021 00:03:55.206,3.9088800000000004,3.90536,1,1
11.08.2021 00:03:56.474,3.9088800000000004,3.90536,1,1
11.08.2021 00:03:58.445,3.9088800000000004,3.90536,1,1
11.08.2021 00:03:58.650,3.9088800000000004,3.90536,1,1
11.08.2021 00:03:58.850,3.90887,3.90537,1,1
11.08.2021 00:04:07.959,3.9088800000000004,3.90536,1,1
11.08.2021 00:04:09.255,3.9088800000000004,3.90536,1,1
11.08.2021 00:04:14.829,3.9088800000000004,3.90536,1,1
11.08.2021 00:04:16.834,3.9088800000000004,3.90536,1,1
11.08.2021 00:04:34.435,3.9088800000000004,3.90536,1,1
11.08.2021 00:04:34.533,3.9088800000000004,3.90536,1,1
11.08.2021 00:04:35.190,3.9088800000000004,3.90536,1,1
11.08.2021 00:04:35.258,3.90887,3.90537,1,1
11.08.2021 00:04:57.507,3.90974,3.9051500000000003,1.5,1.5
11.08.2021 00:04:57.707,3.90974,3.9051500000000003,1.5,1.5
11.08.2021 00:04:58.676,3.90974,3.9051500000000003,1.5,1.5
11.08.2021 00:04:59.749,3.90974,3.9051500000000003,1.5,1.5
11.08.2021 00:05:00.215,3.90927,3.90577,1.5,1
11.08.2021 00:05:12.291,3.9094800000000003,3.906,1,1
11.08.2021 00:05:12.471,3.9092000000000002,3.9056900000000003,1,1
11.08.2021 00:05:13.489,3.90927,3.9057500000000003,1,1
11.08.2021 00:05:22.473,3.9093500000000003,3.90582,1,1
11.08.2021 00:05:29.974,3.9093400000000003,3.9058300000000004,1,1
11.08.2021 00:05:38.706,3.90971,3.9062,1,1
11.08.2021 00:05:38.818,3.9095300000000006,3.90605,1,1
11.08.2021 00:05:39.049,3.9095300000000006,3.90605,1,1
11.08.2021 00:05:40.489,3.9095400000000002,3.9060400000000004,1,1
11.08.2021 00:05:41.046,3.9095300000000006,3.90605,1,1
11.08.2021 00:05:41.099,3.9095400000000002,3.9060400000000004,1,1
11.08.2021 00:05:47.223,3.90957,3.90605,1,1
11.08.2021 00:05:47.377,3.90957,3.90605,1,1
11.08.2021 00:05:48.153,3.9097000000000004,3.9062,1,1
11.08.2021 00:05:49.380,3.90977,3.9062400000000004,1,1
11.08.2021 00:05:49.533,3.90977,3.9062400000000004,1,1
11.08.2021 00:06:19.767,3.90977,3.9062400000000004,1,1
11.08.2021 00:06:19.969,3.90977,3.9062400000000004,1,1
11.08.2021 00:06:47.794,3.90971,3.90616,1,1
11.08.2021 00:06:47.952,3.90952,3.90597,1,1
11.08.2021 00:06:48.153,3.9096400000000004,3.90611,1,1
11.08.2021 00:07:38.561,3.90959,3.9060400000000004,1,1
11.08.2021 00:07:39.501,3.90959,3.9060400000000004,1,1
11.08.2021 00:07:57.077,3.91005,3.9054400000000005,1.5,1.5
11.08.2021 00:07:57.281,3.9094300000000004,3.9059000000000004,1,1
11.08.2021 00:08:12.133,3.9094400000000005,3.9058900000000003,1,1
11.08.2021 00:08:12.334,3.90921,3.90572,1,1
11.08.2021 00:08:12.536,3.90926,3.9057300000000006,1,1
11.08.2021 00:08:44.926,3.9090300000000004,3.9054800000000003,1,1
11.08.2021 00:08:53.452,3.90902,3.9054900000000004,1,1
11.08.2021 00:09:20.478,3.9090800000000003,3.9055500000000003,1,1
11.08.2021 00:09:22.264,3.9090900000000004,3.9055400000000002,1,1
11.08.2021 00:09:37.335,3.9094,3.90591,1,1
11.08.2021 00:09:37.616,3.90947,3.90592,1,1
11.08.2021 00:09:43.407,3.90947,3.90592,1,1
11.08.2021 00:10:00.924,3.90947,3.90592,1,1
11.08.2021 00:10:02.801,3.9095400000000002,3.90601,1,1
11.08.2021 00:10:05.436,3.9095500000000003,3.906,1,1
11.08.2021 00:10:34.793,3.9096,3.9060699999999997,1,1
11.08.2021 00:10:42.137,3.9096100000000003,3.90606,1,1
11.08.2021 00:11:22.968,3.9096100000000003,3.90606,1,1
11.08.2021 00:11:23.161,3.90946,3.90591,1,1
11.08.2021 00:11:27.091,3.90946,3.90591,1,1
11.08.2021 00:11:48.620,3.9094800000000003,3.9059500000000003,1,1
11.08.2021 00:11:59.972,3.9094900000000004,3.90594,1,1
11.08.2021 00:12:08.176,3.9094900000000004,3.90594,1,1
11.08.2021 00:12:16.008,3.9094900000000004,3.90594,1,1
11.08.2021 00:12:16.209,3.90941,3.9058800000000007,1,1
11.08.2021 00:12:46.306,3.90942,3.9058699999999997,1,1
11.08.2021 00:13:05.850,3.90941,3.9058800000000007,1,1
11.08.2021 00:13:38.280,3.90951,3.90596,1,1
11.08.2021 00:13:40.077,3.90945,3.9059000000000004,1,1
11.08.2021 00:13:44.169,3.9093500000000003,3.90582,1,1
11.08.2021 00:13:53.784,3.9093500000000003,3.90582,1,1
11.08.2021 00:14:00.235,3.90936,3.9058100000000002,1,1
11.08.2021 00:14:14.633,3.9093500000000003,3.90582,1,1
11.08.2021 00:14:28.704,3.90941,3.9058800000000007,1,1
11.08.2021 00:14:28.903,3.9093,3.9057800000000005,1,1
11.08.2021 00:14:35.305,3.9093,3.9057800000000005,1,1
11.08.2021 00:14:35.507,3.9094400000000005,3.90591,1,1
11.08.2021 00:14:35.965,3.90945,3.9059000000000004,1,1
11.08.2021 00:14:36.166,3.90945,3.9059000000000004,1,1
11.08.2021 00:14:37.222,3.90945,3.9059000000000004,1,1
11.08.2021 00:14:37.424,3.90945,3.9059000000000004,1,1
11.08.2021 00:14:49.705,3.90952,3.90597,1,1
11.08.2021 00:15:06.656,3.90939,3.9058699999999997,1,1
11.08.2021 00:15:33.298,3.9094900000000004,3.9059900000000005,1,1
11.08.2021 00:15:33.608,3.9095500000000003,3.9060300000000003,1,1
11.08.2021 00:15:33.965,3.9096900000000003,3.9062,1,1
11.08.2021 00:15:35.202,3.9096900000000003,3.9062,1,1
11.08.2021 00:15:41.736,3.9096900000000003,3.9062,1,1
11.08.2021 00:15:41.949,3.90951,3.9059900000000005,1,1
11.08.2021 00:15:54.074,3.90965,3.9061300000000005,1,1
11.08.2021 00:15:54.248,3.90941,3.90591,1,1
11.08.2021 00:15:56.717,3.90937,3.9058400000000004,1,1
11.08.2021 00:15:56.871,3.90946,3.9059900000000005,1,1
11.08.2021 00:16:36.880,3.9096100000000003,3.9060900000000003,1,1
11.08.2021 00:16:42.405,3.90942,3.90594,1,1
11.08.2021 00:16:43.390,3.9094,3.9058699999999997,1,1
11.08.2021 00:16:43.522,3.9093199999999997,3.9057900000000005,1,1
11.08.2021 00:17:08.171,3.9093199999999997,3.9057900000000005,1,1
11.08.2021 00:17:08.371,3.90919,3.9056699999999998,1,1
11.08.2021 00:17:11.873,3.90919,3.9056699999999998,1,1
11.08.2021 00:17:12.072,3.90919,3.9056699999999998,1,1
11.08.2021 00:17:24.873,3.90919,3.9056699999999998,1,1
11.08.2021 00:17:25.075,3.90941,3.90591,1,1
11.08.2021 00:17:26.924,3.90941,3.90591,1,1
11.08.2021 00:17:27.124,3.9094900000000004,3.90597,1,1
11.08.2021 00:17:34.052,3.90926,3.90576,1,1
11.08.2021 00:17:34.206,3.90919,3.90566,1,1
11.08.2021 00:17:43.475,3.90919,3.90566,1,1
11.08.2021 00:18:09.160,3.90919,3.90566,1,1
11.08.2021 00:18:11.637,3.90919,3.90566,1,1
11.08.2021 00:18:23.651,3.9092300000000004,3.9057300000000006,1,1
11.08.2021 00:18:44.495,3.90931,3.9057800000000005,1,1
11.08.2021 00:18:48.972,3.90931,3.9057800000000005,1,1
11.08.2021 00:18:59.627,3.90931,3.9057800000000005,1,1
11.08.2021 00:19:00.408,3.9092400000000005,3.9057300000000006,1,1
11.08.2021 00:19:01.125,3.90925,3.90572,1,1
11.08.2021 00:19:18.917,3.90972,3.90617,1,1
11.08.2021 00:19:52.814,3.90972,3.90617,1,1
11.08.2021 00:19:53.015,3.90937,3.90586,1,1
11.08.2021 00:19:53.600,3.9093800000000005,3.90585,1,1
11.08.2021 00:20:14.466,3.90937,3.90586,1,1
11.08.2021 00:20:35.777,3.9093800000000005,3.90585,1,1
11.08.2021 00:20:35.978,3.90956,3.9060300000000003,1,1
11.08.2021 00:20:53.357,3.9095500000000003,3.9060400000000004,1,1
11.08.2021 00:21:16.422,3.90956,3.9060300000000003,1,1
11.08.2021 00:21:33.705,3.9095500000000003,3.9060400000000004,1,1
11.08.2021 00:21:44.975,3.91017,3.9056400000000004,1.5,1.5
11.08.2021 00:22:00.628,3.9101800000000004,3.9056300000000004,1.5,1.5
11.08.2021 00:22:02.797,3.91017,3.9056400000000004,1.5,1.5
11.08.2021 00:22:02.997,3.90952,3.90597,1,1
11.08.2021 00:22:09.129,3.90952,3.90597,1,1
11.08.2021 00:22:21.752,3.90951,3.9059800000000005,1,1
11.08.2021 00:22:23.741,3.90951,3.9059800000000005,1,1
11.08.2021 00:22:23.940,3.9094300000000004,3.9058800000000007,1,1
11.08.2021 00:22:24.290,3.90951,3.9059800000000005,1,1
11.08.2021 00:22:27.352,3.90946,3.90591,1,1
11.08.2021 00:23:27.145,3.90946,3.90591,1,1
11.08.2021 00:23:27.517,3.90937,3.9058400000000004,1,1
11.08.2021 00:23:34.075,3.9094300000000004,3.9058900000000003,1,1
11.08.2021 00:23:34.276,3.9095500000000003,3.9060400000000004,1,1
11.08.2021 00:23:34.474,3.90956,3.9060300000000003,1,1
11.08.2021 00:23:35.132,3.9098699999999997,3.90637,1,1
11.08.2021 00:23:35.336,3.9096400000000004,3.90611,1,1
11.08.2021 00:23:35.494,3.90985,3.90574,1,1.7
11.08.2021 00:23:35.641,3.9096900000000003,3.90614,1,1
11.08.2021 00:23:40.569,3.9096900000000003,3.90614,1,1
11.08.2021 00:23:40.670,3.9100300000000003,3.9059800000000005,1,1.9
11.08.2021 00:23:40.863,3.9100300000000003,3.9059800000000005,1,1.9
11.08.2021 00:23:41.066,3.9100400000000004,3.90597,1,1.9
11.08.2021 00:23:41.465,3.9098900000000003,3.90597,1,1.9
11.08.2021 00:23:43.152,3.9099500000000003,3.90597,1,1.9
11.08.2021 00:23:43.350,3.9100400000000004,3.90614,1,1.9
11.08.2021 00:23:55.778,3.91005,3.9061300000000005,1,1.9
11.08.2021 00:23:59.176,3.91005,3.9061300000000005,1,1.9
11.08.2021 00:23:59.413,3.91037,3.90672,1.5,1
11.08.2021 00:24:01.678,3.9099900000000005,3.9064400000000004,1,1
11.08.2021 00:24:01.855,3.9100699999999997,3.90654,1,1
11.08.2021 00:24:05.707,3.9100699999999997,3.90654,1,1
11.08.2021 00:24:52.087,3.9101300000000005,3.9065900000000005,1,1
11.08.2021 00:24:52.288,3.91014,3.9065800000000004,1,1
11.08.2021 00:24:53.711,3.91014,3.9065800000000004,1,1
11.08.2021 00:25:00.177,3.9101300000000005,3.9065900000000005,1,1
11.08.2021 00:25:07.976,3.91014,3.9065800000000004,1,1
11.08.2021 00:25:29.575,3.9101000000000004,3.90652,1,1
11.08.2021 00:25:29.788,3.9098900000000003,3.90634,1,1
11.08.2021 00:26:17.976,3.9099000000000004,3.9063000000000003,1,1
11.08.2021 00:26:36.641,3.9098900000000003,3.90631,1,1
11.08.2021 00:26:48.918,3.9098900000000003,3.90631,1,1
11.08.2021 00:26:49.322,3.9099900000000005,3.9064400000000004,1,1
11.08.2021 00:27:00.069,3.9099900000000005,3.9064400000000004,1,1
11.08.2021 00:27:17.179,3.90992,3.90634,1,1
11.08.2021 00:28:02.784,3.91061,3.9060400000000004,1.5,1.5
11.08.2021 00:28:27.118,3.90976,3.9061800000000004,1,1.62
11.08.2021 00:28:27.278,3.90991,3.90636,1,1
11.08.2021 00:28:30.475,3.90991,3.90636,1,1
11.08.2021 00:28:37.670,3.9098100000000002,3.9062900000000003,1,1
11.08.2021 00:30:03.072,3.9100800000000007,3.9060800000000007,1.5,1.5
11.08.2021 00:30:03.271,3.9100699999999997,3.9060900000000003,1.5,1.5
11.08.2021 00:30:03.672,3.9100800000000007,3.9060800000000007,1.5,1.5
11.08.2021 00:30:10.241,3.9100800000000007,3.9060800000000007,1.5,1.5
11.08.2021 00:30:19.676,3.9097000000000004,3.9061500000000002,1,1
11.08.2021 00:30:54.086,3.9097000000000004,3.9061500000000002,1,1
11.08.2021 00:30:58.976,3.9097000000000004,3.9061500000000002,1,1
11.08.2021 00:33:26.366,3.91016,3.9057900000000005,1.5,1.5
11.08.2021 00:33:26.567,3.91017,3.9057800000000005,1.5,1.5
11.08.2021 00:34:01.130,3.91017,3.9057800000000005,1.5,1.5
11.08.2021 00:34:01.736,3.9097000000000004,3.90612,1,1
11.08.2021 00:34:19.352,3.9097000000000004,3.90612,1,1
11.08.2021 00:34:21.321,3.9098,3.90622,1,1
11.08.2021 00:34:34.012,3.90972,3.90614,1,1
11.08.2021 00:34:44.894,3.90971,3.9061500000000002,1,1
11.08.2021 00:34:45.139,3.9096699999999998,3.90612,1,1
11.08.2021 00:34:47.552,3.9094900000000004,3.90596,1,1
11.08.2021 00:34:47.707,3.9094400000000005,3.90586,1,1
11.08.2021 00:34:53.780,3.90965,3.9061000000000003,1,1
11.08.2021 00:34:55.133,3.90966,3.9060900000000003,1,1
11.08.2021 00:35:02.576,3.90972,3.90614,1,1
11.08.2021 00:35:02.732,3.9098100000000002,3.90626,1,1
11.08.2021 00:35:08.476,3.90982,3.90625,1,1
11.08.2021 00:35:35.583,3.90982,3.90625,1,1
11.08.2021 00:35:39.676,3.9098100000000002,3.90626,1,1
11.08.2021 00:35:56.089,3.9098900000000003,3.9063300000000005,1,1
11.08.2021 00:35:57.848,3.9098900000000003,3.9063300000000005,1,1
11.08.2021 00:35:58.049,3.9099000000000004,3.90632,1,1
11.08.2021 00:36:01.019,3.9099000000000004,3.90632,1,1
11.08.2021 00:36:13.079,3.9099000000000004,3.90632,1,1
11.08.2021 00:36:18.205,3.9099000000000004,3.90632,1,1
11.08.2021 00:36:18.406,3.9099000000000004,3.90632,1,1
11.08.2021 00:36:22.952,3.9099000000000004,3.90632,1,1
11.08.2021 00:36:44.274,3.91017,3.9057800000000005,1.5,1.5
11.08.2021 00:37:09.790,3.90974,3.9061900000000005,1,1
11.08.2021 00:38:13.669,3.91016,3.9057900000000005,1.5,1.5
11.08.2021 00:38:19.414,3.9098100000000002,3.90626,1,1
11.08.2021 00:38:19.698,3.90974,3.9061900000000005,1,1
11.08.2021 00:38:19.806,3.9098,3.90625,1,1
11.08.2021 00:38:20.109,3.9098,3.90625,1,1
11.08.2021 00:38:24.964,3.9098,3.90625,1,1
11.08.2021 00:39:15.275,3.9098300000000004,3.9062800000000006,1,1
11.08.2021 00:39:31.101,3.9098300000000004,3.9062800000000006,1,1
11.08.2021 00:39:31.332,3.9099000000000004,3.90635,1,1
11.08.2021 00:39:34.297,3.9099000000000004,3.90635,1,1
11.08.2021 00:39:34.497,3.9099000000000004,3.90635,1,1
11.08.2021 00:39:56.038,3.90971,3.90621,1,1
11.08.2021 00:40:04.281,3.9099900000000005,3.9064400000000004,1,1
11.08.2021 00:40:05.008,3.9099900000000005,3.9064400000000004,1,1
11.08.2021 00:40:07.978,3.9099800000000005,3.90645,1,1
11.08.2021 00:40:08.208,3.9100699999999997,3.90654,1,1
11.08.2021 00:40:08.841,3.9100800000000007,3.9065300000000005,1,1
11.08.2021 00:40:57.491,3.9102300000000003,3.90671,1,1
11.08.2021 00:41:02.229,3.91032,3.9067900000000004,1,1
11.08.2021 00:41:19.008,3.9102400000000004,3.9067300000000005,1,1
11.08.2021 00:41:27.043,3.9100900000000003,3.9065600000000003,1,1
11.08.2021 00:41:30.477,3.9100800000000007,3.90657,1,1
11.08.2021 00:42:18.838,3.9100900000000003,3.9065600000000003,1,1
11.08.2021 00:42:19.039,3.90996,3.9064400000000004,1,1
11.08.2021 00:42:55.881,3.9098900000000003,3.90637,1,1
11.08.2021 00:42:56.080,3.90976,3.9062300000000003,1,1
11.08.2021 00:43:02.235,3.9097500000000003,3.9062400000000004,1,1
11.08.2021 00:43:02.930,3.90976,3.9062300000000003,1,1
11.08.2021 00:43:03.725,3.90976,3.9062300000000003,1,1
11.08.2021 00:43:09.153,3.9097500000000003,3.9062400000000004,1,1
11.08.2021 00:44:03.071,3.91051,3.9058400000000004,1.5,1.5
11.08.2021 00:44:04.715,3.9098300000000004,3.9063300000000005,1,1
11.08.2021 00:44:34.842,3.90996,3.9064300000000003,1,1
11.08.2021 00:44:34.892,3.91011,3.9066300000000003,1,1
11.08.2021 00:44:34.942,3.9101800000000004,3.9066800000000006,1,1
11.08.2021 00:44:35.062,3.91017,3.90671,1,1
11.08.2021 00:44:35.218,3.91022,3.90672,1,1
11.08.2021 00:44:41.541,3.91014,3.9066400000000003,1,1
11.08.2021 00:45:00.573,3.91014,3.9066400000000003,1,1
11.08.2021 00:45:25.610,3.9099300000000006,3.9064400000000004,1,1
11.08.2021 00:45:30.233,3.91006,3.90655,1,1
11.08.2021 00:45:34.739,3.90997,3.9064400000000004,1,1
11.08.2021 00:46:00.206,3.90997,3.9064400000000004,1,1
11.08.2021 00:46:00.609,3.91006,3.90655,1,1
11.08.2021 00:46:00.660,3.91016,3.9066300000000003,1,1
11.08.2021 00:46:00.860,3.91016,3.9066300000000003,1,1
11.08.2021 00:46:04.750,3.91001,3.9065300000000005,1,1
11.08.2021 00:46:05.863,3.91011,3.9065900000000005,1,1
11.08.2021 00:46:06.064,3.91032,3.9068,1,1
11.08.2021 00:46:14.994,3.91002,3.9065300000000005,1,1
11.08.2021 00:46:19.677,3.91,3.90647,1,1
11.08.2021 00:46:29.640,3.91,3.90647,1,1
11.08.2021 00:46:45.610,3.91,3.90647,1,1
11.08.2021 00:47:03.001,3.91037,3.9067900000000004,1.5,1
11.08.2021 00:47:03.165,3.9100400000000004,3.90652,1,1
11.08.2021 00:47:03.371,3.91037,3.9067900000000004,1.5,1
11.08.2021 00:47:03.780,3.9100400000000004,3.90652,1,1
11.08.2021 00:47:03.965,3.91037,3.9068,1.5,1
11.08.2021 00:47:04.404,3.9100400000000004,3.90652,1,1
11.08.2021 00:47:09.372,3.9102900000000003,3.90677,1,1
11.08.2021 00:47:09.575,3.91012,3.9065900000000005,1,1
11.08.2021 00:47:32.501,3.9102400000000004,3.90671,1,1
11.08.2021 00:47:52.300,3.91047,3.90706,1.5,1
11.08.2021 00:47:52.400,3.91025,3.9067400000000005,1,1
11.08.2021 00:47:52.578,3.9104800000000006,3.9070500000000004,1.5,1
11.08.2021 00:47:52.769,3.91036,3.9068300000000007,1,1
11.08.2021 00:47:52.970,3.9106800000000006,3.90707,1.5,1
11.08.2021 00:47:53.375,3.9102800000000006,3.9067800000000004,1,1
11.08.2021 00:47:53.577,3.91026,3.9067400000000005,1,1
11.08.2021 00:47:56.143,3.91025,3.90675,1,1
11.08.2021 00:47:57.502,3.91034,3.9068400000000003,1,1
11.08.2021 00:47:57.705,3.91041,3.9068800000000006,1,1
11.08.2021 00:47:59.595,3.9104,3.90689,1,1
11.08.2021 00:48:04.116,3.91061,3.9071000000000002,1,1
11.08.2021 00:48:54.330,3.91061,3.9071000000000002,1,1
11.08.2021 00:49:00.249,3.91047,3.9069400000000005,1,1
11.08.2021 00:49:01.137,3.91047,3.9069400000000005,1,1
11.08.2021 00:49:03.475,3.91047,3.9069400000000005,1,1
11.08.2021 00:49:03.681,3.91046,3.90695,1,1
11.08.2021 00:49:13.095,3.91054,3.9070199999999997,1,1
11.08.2021 00:49:18.894,3.9105300000000005,3.9070300000000007,1,1
11.08.2021 00:49:19.898,3.9105600000000003,3.9070300000000007,1,1
11.08.2021 00:49:20.052,3.9105600000000003,3.9070300000000007,1,1
11.08.2021 00:49:24.201,3.9105600000000003,3.9070300000000007,1,1
11.08.2021 00:49:46.670,3.9104900000000002,3.90697,1,1
11.08.2021 00:49:46.872,3.9104400000000004,3.90691,1,1
11.08.2021 00:50:18.582,3.9104400000000004,3.90691,1,1
11.08.2021 00:50:18.784,3.91026,3.90667,1,1
11.08.2021 00:50:18.986,3.91025,3.9066800000000006,1,1
11.08.2021 00:50:20.435,3.91026,3.90667,1,1
11.08.2021 00:50:32.949,3.91025,3.9066800000000006,1,1
11.08.2021 00:50:33.631,3.91014,3.9065900000000005,1,1
11.08.2021 00:50:34.539,3.9101300000000005,3.9066,1,1
11.08.2021 00:50:36.125,3.9101300000000005,3.9066,1,1
11.08.2021 00:50:41.093,3.9101300000000005,3.9066,1,1
11.08.2021 00:50:42.215,3.91014,3.9065900000000005,1,1
11.08.2021 00:53:15.150,3.9100800000000007,3.90657,1,1
11.08.2021 00:53:37.870,3.91001,3.9064900000000002,1,1
11.08.2021 00:53:38.184,3.9100699999999997,3.90654,1,1
11.08.2021 00:54:05.630,3.9101300000000005,3.90661,1,1
11.08.2021 00:54:05.714,3.91012,3.9066199999999998,1,1
11.08.2021 00:54:08.379,3.9101900000000005,3.90667,1,1
11.08.2021 00:54:08.498,3.9102800000000006,3.90677,1,1
11.08.2021 00:54:33.577,3.9102900000000003,3.9067600000000002,1,1
11.08.2021 00:54:46.094,3.9102900000000003,3.9067600000000002,1,1
11.08.2021 00:54:53.977,3.9102800000000006,3.90677,1,1
11.08.2021 00:54:58.264,3.9102800000000006,3.90677,1,1
11.08.2021 00:55:17.702,3.91036,3.9068400000000003,1,1
11.08.2021 00:55:19.538,3.91042,3.9069000000000003,1,1
11.08.2021 00:55:20.238,3.91042,3.9069000000000003,1,1
11.08.2021 00:55:41.351,3.91042,3.9069000000000003,1,1
11.08.2021 00:55:41.554,3.9104800000000006,3.90695,1,1
11.08.2021 00:56:02.009,3.9104800000000006,3.90695,1,1
11.08.2021 00:56:07.534,3.91047,3.90696,1,1
11.08.2021 00:56:16.916,3.9104800000000006,3.90695,1,1
11.08.2021 00:56:18.087,3.91057,3.9070400000000003,1,1
11.08.2021 00:56:18.188,3.9105600000000003,3.9070500000000004,1,1
11.08.2021 00:56:19.356,3.91057,3.9070400000000003,1,1
11.08.2021 00:57:02.555,3.9106400000000003,3.90711,1,1
11.08.2021 00:57:02.742,3.91075,3.9072300000000006,1,1
11.08.2021 00:57:04.663,3.91075,3.9072300000000006,1,1
11.08.2021 00:57:05.414,3.9107400000000005,3.9072400000000003,1,1
11.08.2021 00:57:05.625,3.9107400000000005,3.9072400000000003,1,1
11.08.2021 00:57:28.882,3.9107400000000005,3.90721,1,1
11.08.2021 00:57:29.083,3.91066,3.9071400000000005,1,1
11.08.2021 00:57:30.336,3.91066,3.9071400000000005,1,1
11.08.2021 00:57:35.054,3.91066,3.9071300000000004,1,1
11.08.2021 00:57:53.046,3.91066,3.9071300000000004,1,1
11.08.2021 00:57:54.549,3.91066,3.9071300000000004,1,1
11.08.2021 00:57:56.964,3.9106500000000004,3.9071400000000005,1,1
11.08.2021 00:57:57.166,3.91066,3.9071300000000004,1,1
11.08.2021 00:57:57.578,3.91066,3.9071300000000004,1,1
11.08.2021 00:57:58.316,3.91066,3.9071300000000004,1,1
11.08.2021 00:57:58.515,3.9106500000000004,3.9071400000000005,1,1
11.08.2021 00:58:01.148,3.91066,3.9071300000000004,1,1
11.08.2021 00:58:06.159,3.9105900000000005,3.90706,1,1
11.08.2021 00:58:06.361,3.9105900000000005,3.90706,1,1
11.08.2021 00:58:08.496,3.9105900000000005,3.90706,1,1
11.08.2021 00:58:23.875,3.9105900000000005,3.90706,1,1
11.08.2021 00:58:24.076,3.9106500000000004,3.9071400000000005,1,1
11.08.2021 00:58:48.323,3.9107400000000005,3.90721,1,1
11.08.2021 00:58:48.500,3.91086,3.9073400000000005,1,1
11.08.2021 00:58:48.702,3.91086,3.9073400000000005,1,1
11.08.2021 00:58:49.110,3.9109300000000005,3.9074,1,1
11.08.2021 00:58:49.264,3.91107,3.9075400000000005,1,1
11.08.2021 00:58:49.514,3.91107,3.9075400000000005,1,1
11.08.2021 00:59:09.682,3.91106,3.9075400000000005,1,1
11.08.2021 00:59:09.883,3.91106,3.9075400000000005,1,1
11.08.2021 00:59:10.369,3.9110500000000004,3.90755,1,1
11.08.2021 00:59:13.570,3.9110500000000004,3.90755,1,1
11.08.2021 00:59:26.928,3.91112,3.9075900000000003,1,1
11.08.2021 00:59:27.130,3.91112,3.9075900000000003,1,1
11.08.2021 00:59:38.091,3.91112,3.9075900000000003,1,1
11.08.2021 00:59:52.686,3.91109,3.90756,1,1
11.08.2021 01:00:00.204,3.91115,3.9076300000000006,1,1
11.08.2021 01:00:00.437,3.91115,3.9076300000000006,1,1
11.08.2021 01:00:03.530,3.91109,3.9075699999999998,1,1
11.08.2021 01:00:03.730,3.91109,3.9075699999999998,1,1
11.08.2021 01:00:07.847,3.9110800000000006,3.9075800000000003,1,1
11.08.2021 01:00:08.082,3.91097,3.9074400000000002,1,1
11.08.2021 01:00:10.640,3.91096,3.9074500000000003,1,1
11.08.2021 01:00:18.880,3.9110500000000004,3.90752,1,1
11.08.2021 01:00:20.872,3.9111300000000004,3.90762,1,1
11.08.2021 01:00:21.709,3.9111300000000004,3.90762,1,1
11.08.2021 01:00:21.880,3.9111300000000004,3.90762,1,1
11.08.2021 01:00:37.674,3.91107,3.90755,1,1
11.08.2021 01:00:37.858,3.9109900000000004,3.9074800000000005,1,1
11.08.2021 01:00:47.059,3.91087,3.90736,1,1
11.08.2021 01:00:53.278,3.91081,3.9072800000000005,1,1
11.08.2021 01:00:55.396,3.9107300000000005,3.9072300000000006,1,1
11.08.2021 01:00:57.279,3.9107400000000005,3.9072199999999997,1,1
11.08.2021 01:00:57.471,3.9107400000000005,3.9072199999999997,1,1
11.08.2021 01:00:57.755,3.9107300000000005,3.9072300000000006,1,1
11.08.2021 01:01:15.153,3.91086,3.9073400000000005,1,1
11.08.2021 01:01:15.305,3.91086,3.9073400000000005,1,1
11.08.2021 01:01:19.461,3.91086,3.9073400000000005,1,1
11.08.2021 01:01:21.302,3.91086,3.9073400000000005,1,1
11.08.2021 01:01:24.476,3.91086,3.9073400000000005,1,1
11.08.2021 01:01:25.279,3.91109,3.9075900000000003,1,1
11.08.2021 01:01:33.629,3.91127,3.9076500000000003,1.5,1
11.08.2021 01:01:39.478,3.9112800000000005,3.9076400000000002,1.5,1
11.08.2021 01:01:44.947,3.9112800000000005,3.9076400000000002,1.5,1
11.08.2021 01:01:45.160,3.91126,3.9077300000000004,1,1
11.08.2021 01:02:04.534,3.9110500000000004,3.90752,1,1
11.08.2021 01:02:07.514,3.9110400000000003,3.9075300000000004,1,1
11.08.2021 01:02:07.763,3.91135,3.9078500000000003,1,1
11.08.2021 01:02:07.920,3.91135,3.9078500000000003,1,1
11.08.2021 01:02:18.740,3.91146,3.90795,1,1
11.08.2021 01:02:19.810,3.9115699999999998,3.90795,1.5,1
11.08.2021 01:02:20.189,3.9115699999999998,3.90795,1.5,1
11.08.2021 01:02:20.776,3.9115800000000003,3.9079400000000004,1.5,1
11.08.2021 01:02:38.505,3.9113900000000004,3.9078900000000005,1,1
11.08.2021 01:02:40.520,3.9113900000000004,3.9078900000000005,1,1
11.08.2021 01:04:13.394,3.9118500000000003,3.90767,1.5,1.5
11.08.2021 01:04:13.598,3.91131,3.9077900000000003,1,1
11.08.2021 01:04:15.243,3.91131,3.9077900000000003,1,1
11.08.2021 01:04:17.180,3.9113,3.9078000000000004,1,1
11.08.2021 01:04:20.214,3.9113,3.9078000000000004,1,1
11.08.2021 01:04:25.184,3.9115699999999998,3.9080000000000004,1.5,1
11.08.2021 01:04:31.478,3.91151,3.9079900000000003,1,1
11.08.2021 01:04:40.477,3.9115699999999998,3.9080500000000002,1,1
11.08.2021 01:04:53.583,3.9115800000000003,3.90806,1,1
11.08.2021 01:04:56.001,3.91152,3.9079900000000003,1,1
11.08.2021 01:04:58.795,3.91151,3.9080000000000004,1,1
11.08.2021 01:05:15.739,3.91151,3.9080000000000004,1,1
11.08.2021 01:05:15.940,3.91152,3.9079900000000003,1,1
11.08.2021 01:05:26.513,3.91152,3.9079900000000003,1,1
11.08.2021 01:05:28.191,3.9115800000000003,3.9079300000000003,1.5,1
11.08.2021 01:05:34.016,3.9115699999999998,3.9079400000000004,1.5,1
11.08.2021 01:05:41.479,3.9115400000000005,3.90802,1,1
11.08.2021 01:05:43.647,3.9115400000000005,3.90802,1,1
11.08.2021 01:05:43.888,3.9115400000000005,3.90802,1,1
11.08.2021 01:05:53.271,3.9115300000000004,3.9080300000000006,1,1
11.08.2021 01:05:56.975,3.9115400000000005,3.90802,1,1
11.08.2021 01:06:08.794,3.9115300000000004,3.9080300000000006,1,1
11.08.2021 01:06:08.995,3.9115400000000005,3.90802,1,1
11.08.2021 01:06:20.479,3.9115400000000005,3.90802,1,1
11.08.2021 01:08:10.464,3.91155,3.90802,1,1
11.08.2021 01:08:12.275,3.9115699999999998,3.90795,1.5,1
11.08.2021 01:09:32.799,3.9113400000000005,3.90795,1,1.5
11.08.2021 01:09:32.960,3.91135,3.9079400000000004,1,1.5
11.08.2021 01:09:58.843,3.91141,3.9079400000000004,1,1.5
11.08.2021 01:09:59.094,3.91167,3.9081400000000004,1,1
11.08.2021 01:10:00.344,3.91162,3.9081,1,1.5
11.08.2021 01:10:00.463,3.91161,3.90811,1,1.5
11.08.2021 01:10:00.821,3.91162,3.9081,1,1.5
11.08.2021 01:10:09.724,3.9118500000000003,3.9082500000000002,1.5,1
11.08.2021 01:10:39.699,3.9118300000000006,3.9082500000000002,1.5,1
11.08.2021 01:10:39.850,3.9116500000000003,3.90812,1,1
11.08.2021 01:10:42.084,3.9116500000000003,3.90812,1,1
11.08.2021 01:10:42.278,3.9115300000000004,3.9079800000000007,1,1
11.08.2021 01:10:42.474,3.91147,3.90792,1,1
11.08.2021 01:10:45.282,3.91146,3.9079300000000003,1,1
11.08.2021 01:10:47.722,3.9113900000000004,3.90786,1,1
11.08.2021 01:10:47.920,3.9113400000000005,3.9077900000000003,1,1
11.08.2021 01:10:51.962,3.9112800000000005,3.9077300000000004,1,1
11.08.2021 01:11:03.976,3.9112800000000005,3.9077300000000004,1,1
11.08.2021 01:11:43.197,3.91135,3.9077900000000003,1,1
11.08.2021 01:12:09.457,3.9112400000000003,3.9076900000000006,1,1
11.08.2021 01:12:09.659,3.9112300000000007,3.9077,1,1
11.08.2021 01:12:23.403,3.91127,3.9076400000000002,1.5,1
11.08.2021 01:13:00.192,3.91109,3.90756,1,1
11.08.2021 01:13:00.393,3.91109,3.90756,1,1
11.08.2021 01:13:45.479,3.91109,3.90756,1,1
11.08.2021 01:13:45.874,3.9110800000000006,3.9075699999999998,1,1
11.08.2021 01:13:46.075,3.91109,3.90756,1,1
11.08.2021 01:13:51.928,3.9114199999999997,3.90749,1.5,1.5
11.08.2021 01:14:02.367,3.9110300000000007,3.9075,1,1
11.08.2021 01:14:02.608,3.9110300000000007,3.9075,1,1
11.08.2021 01:14:03.778,3.9110300000000007,3.9075,1,1
11.08.2021 01:14:06.656,3.9110199999999997,3.9075100000000003,1,1
11.08.2021 01:14:06.857,3.9110300000000007,3.9075,1,1
11.08.2021 01:14:07.058,3.9110300000000007,3.9075,1,1
11.08.2021 01:14:09.213,3.9110300000000007,3.9075,1,1
11.08.2021 01:14:22.964,3.91096,3.9074300000000006,1,1
11.08.2021 01:14:25.811,3.91095,3.9074400000000002,1,1
11.08.2021 01:14:26.591,3.91096,3.9074300000000006,1,1
11.08.2021 01:14:31.980,3.91095,3.9074400000000002,1,1
11.08.2021 01:14:35.330,3.9110199999999997,3.90749,1,1
11.08.2021 01:14:35.505,3.9110199999999997,3.90749,1,1
11.08.2021 01:14:36.974,3.9110199999999997,3.90749,1,1
11.08.2021 01:14:37.583,3.9110199999999997,3.90749,1,1
11.08.2021 01:14:43.168,3.9110199999999997,3.90749,1,1
11.08.2021 01:14:50.147,3.9110199999999997,3.90749,1,1
11.08.2021 01:14:50.343,3.9110800000000006,3.9075699999999998,1,1
11.08.2021 01:15:16.603,3.9109900000000004,3.90747,1,1
11.08.2021 01:15:17.946,3.9109900000000004,3.90747,1,1
11.08.2021 01:16:33.154,3.91077,3.90727,1,1
11.08.2021 01:16:33.364,3.9107800000000004,3.90726,1,1
11.08.2021 01:16:36.476,3.9107800000000004,3.90726,1,1
11.08.2021 01:16:41.472,3.9107800000000004,3.90726,1,1
11.08.2021 01:16:45.707,3.91077,3.90727,1,1
11.08.2021 01:16:45.861,3.9107800000000004,3.90726,1,1
11.08.2021 01:16:53.952,3.91072,3.9071900000000004,1,1
11.08.2021 01:16:54.154,3.9106400000000003,3.9071300000000004,1,1
11.08.2021 01:16:58.202,3.9106500000000004,3.90712,1,1
11.08.2021 01:16:59.535,3.9106500000000004,3.90712,1,1
11.08.2021 01:17:31.672,3.9106400000000003,3.9071300000000004,1,1
11.08.2021 01:17:37.344,3.9106400000000003,3.9071300000000004,1,1
11.08.2021 01:17:39.599,3.9106400000000003,3.9071300000000004,1,1
11.08.2021 01:18:02.086,3.9108800000000006,3.90696,1.5,1.5
11.08.2021 01:19:01.130,3.91089,3.90695,1.5,1.5
11.08.2021 01:19:05.182,3.91089,3.90695,1.5,1.5
11.08.2021 01:19:05.897,3.91089,3.90695,1.5,1.5
11.08.2021 01:19:35.741,3.91089,3.90695,1.5,1.5
11.08.2021 01:19:35.943,3.91089,3.90695,1.5,1.5
11.08.2021 01:19:55.798,3.9108800000000006,3.90696,1.5,1.5
11.08.2021 01:20:11.373,3.9107300000000005,3.9072,1,1
11.08.2021 01:20:53.171,3.91045,3.90695,1,1
11.08.2021 01:20:53.347,3.91045,3.90695,1,1
11.08.2021 01:21:07.804,3.91046,3.9069400000000005,1,1
11.08.2021 01:21:16.747,3.91046,3.9069400000000005,1,1
11.08.2021 01:21:43.452,3.91032,3.9067900000000004,1,1
11.08.2021 01:21:51.320,3.9102699999999997,3.9067400000000005,1,1
11.08.2021 01:22:12.687,3.9102800000000006,3.9067300000000005,1,1
11.08.2021 01:22:13.280,3.9101800000000004,3.9066300000000003,1,1
11.08.2021 01:22:32.144,3.9101800000000004,3.9066300000000003,1,1
11.08.2021 01:23:01.123,3.91017,3.9066400000000003,1,1
11.08.2021 01:23:01.645,3.9103800000000004,3.9067300000000005,1.5,1
11.08.2021 01:23:02.762,3.9103800000000004,3.9067300000000005,1.5,1
11.08.2021 01:23:10.347,3.91016,3.9066300000000003,1,1
11.08.2021 01:23:45.488,3.91022,3.9067000000000003,1.62,1
11.08.2021 01:23:57.039,3.9101900000000005,3.9066400000000003,1,1
11.08.2021 01:25:19.972,3.9100300000000003,3.9064800000000006,1,1
11.08.2021 01:25:20.533,3.9100300000000003,3.9064800000000006,1,1
11.08.2021 01:25:20.735,3.91002,3.9064900000000002,1,1
11.08.2021 01:25:24.621,3.9100300000000003,3.9064800000000006,1,1
11.08.2021 01:25:28.363,3.90997,3.90642,1,1
11.08.2021 01:25:29.730,3.9100400000000004,3.9064900000000002,1,1
11.08.2021 01:25:29.891,3.9101000000000004,3.90655,1,1
11.08.2021 01:25:32.779,3.9101000000000004,3.90655,1,1
11.08.2021 01:25:36.572,3.9100300000000003,3.9064800000000006,1,1
11.08.2021 01:25:50.525,3.91011,3.9065600000000003,1,1
11.08.2021 01:27:18.833,3.9104,3.9062800000000006,1.5,1.5
11.08.2021 01:27:19.035,3.90996,3.9064300000000003,1,1
11.08.2021 01:27:55.390,3.9098699999999997,3.90634,1,1
11.08.2021 01:27:55.546,3.9097900000000005,3.9062800000000006,1,1.5
11.08.2021 01:27:58.319,3.90985,3.9063000000000003,1,1
11.08.2021 01:27:58.526,3.9097000000000004,3.90617,1,1
11.08.2021 01:27:59.807,3.90977,3.90622,1,1
11.08.2021 01:28:09.079,3.90976,3.9062300000000003,1,1
11.08.2021 01:28:09.230,3.90962,3.9060900000000003,1,1.62
11.08.2021 01:28:11.483,3.9096900000000003,3.90616,1,1
11.08.2021 01:28:11.857,3.9097000000000004,3.9061500000000002,1,1
11.08.2021 01:28:14.177,3.9097000000000004,3.9061500000000002,1,1
11.08.2021 01:28:24.849,3.9096300000000004,3.9060800000000007,1,1
11.08.2021 01:28:25.008,3.9096300000000004,3.9060800000000007,1,1
11.08.2021 01:28:25.728,3.9095500000000003,3.90602,1,1
11.08.2021 01:28:25.930,3.90956,3.90601,1,1
11.08.2021 01:28:34.684,3.9095500000000003,3.90602,1,1
11.08.2021 01:28:35.093,3.90947,3.90594,1,1
11.08.2021 01:28:35.861,3.9094800000000003,3.9059300000000006,1,1
11.08.2021 01:28:38.110,3.9095400000000002,3.90601,1,1
11.08.2021 01:28:51.749,3.90962,3.9060900000000003,1,1
11.08.2021 01:28:51.906,3.90962,3.9060900000000003,1,1
11.08.2021 01:28:53.275,3.90962,3.9060900000000003,1,1
11.08.2021 01:29:04.460,3.90962,3.9060900000000003,1,1
11.08.2021 01:29:44.480,3.9096100000000003,3.9061000000000003,1,1
11.08.2021 01:29:45.608,3.90956,3.9060300000000003,1,1
11.08.2021 01:29:45.659,3.90946,3.9059300000000006,1,1
11.08.2021 01:29:51.637,3.90945,3.90594,1,1
11.08.2021 01:29:51.928,3.90946,3.9059300000000006,1,1
11.08.2021 01:29:53.075,3.90945,3.90594,1,1
11.08.2021 01:29:57.070,3.90946,3.9059300000000006,1,1
11.08.2021 01:30:00.869,3.90945,3.90594,1,1
11.08.2021 01:30:04.204,3.90946,3.9059300000000006,1,1
11.08.2021 01:30:04.406,3.90946,3.9059300000000006,1,1
11.08.2021 01:30:23.194,3.90945,3.90594,1,1
11.08.2021 01:30:28.252,3.90946,3.9059300000000006,1,1
11.08.2021 01:30:38.005,3.90946,3.9059300000000006,1,1
11.08.2021 01:30:38.207,3.9095300000000006,3.906,1,1
11.08.2021 01:30:41.953,3.9095300000000006,3.906,1,1
11.08.2021 01:30:42.352,3.9095300000000006,3.906,1,1
11.08.2021 01:30:46.521,3.90945,3.9059300000000006,1,1
11.08.2021 01:30:57.625,3.90945,3.9059300000000006,1,1
11.08.2021 01:30:57.825,3.90957,3.90605,1,1
11.08.2021 01:31:00.230,3.90952,3.9059900000000005,1,1
11.08.2021 01:31:03.425,3.90952,3.9059900000000005,1,1
11.08.2021 01:31:09.816,3.90952,3.9059900000000005,1,1
11.08.2021 01:31:10.015,3.90952,3.9059900000000005,1,1
11.08.2021 01:31:10.537,3.90952,3.9059900000000005,1,1
11.08.2021 01:31:46.572,3.90959,3.90606,1,1
11.08.2021 01:31:52.352,3.90951,3.90601,1,1
11.08.2021 01:31:54.597,3.90952,3.906,1,1
11.08.2021 01:32:06.532,3.90952,3.906,1,1
11.08.2021 01:32:18.321,3.90946,3.9059300000000006,1,1
11.08.2021 01:32:18.530,3.9095300000000006,3.9060300000000003,1,1
11.08.2021 01:32:25.329,3.9095400000000002,3.90602,1,1
11.08.2021 01:32:35.852,3.9096100000000003,3.9060800000000007,1,1
11.08.2021 01:32:42.035,3.9096100000000003,3.9060800000000007,1,1
11.08.2021 01:32:42.751,3.9096100000000003,3.9060800000000007,1,1
11.08.2021 01:33:07.311,3.9094400000000005,3.90591,1,1
11.08.2021 01:33:27.788,3.9094300000000004,3.90592,1,1
11.08.2021 01:33:32.399,3.9094300000000004,3.90592,1,1
11.08.2021 01:33:33.714,3.9094400000000005,3.90591,1,1
11.08.2021 01:33:33.849,3.9095800000000005,3.9060300000000003,1,1
11.08.2021 01:33:38.556,3.90957,3.9060400000000004,1,1
11.08.2021 01:33:59.801,3.90966,3.90611,1,1
11.08.2021 01:34:00.235,3.90966,3.90611,1,1
11.08.2021 01:34:20.529,3.90966,3.90611,1,1
11.08.2021 01:34:23.659,3.9096800000000003,3.9061300000000005,1,1
11.08.2021 01:34:25.119,3.9096800000000003,3.9061300000000005,1,1
11.08.2021 01:34:28.878,3.9096800000000003,3.9061300000000005,1,1
11.08.2021 01:34:31.842,3.9096800000000003,3.9061300000000005,1,1
11.08.2021 01:35:29.437,3.9095400000000002,3.9059900000000005,1,1.62
11.08.2021 01:35:30.228,3.90946,3.90591,1,1
11.08.2021 01:35:33.352,3.9096,3.90605,1,1
11.08.2021 01:35:34.627,3.90966,3.90611,1,1
11.08.2021 01:35:35.725,3.90966,3.90611,1,1
11.08.2021 01:36:11.861,3.90959,3.90606,1,1
11.08.2021 01:36:12.067,3.9096,3.90605,1,1
11.08.2021 01:37:09.726,3.90994,3.9059500000000003,1,1
11.08.2021 01:37:10.445,3.90994,3.9059500000000003,1.5,1.5
11.08.2021 01:37:47.758,3.90952,3.9059900000000005,1,1
11.08.2021 01:37:47.913,3.9094400000000005,3.90592,1,1
11.08.2021 01:38:01.953,3.90937,3.90585,1,1
11.08.2021 01:38:02.346,3.9092800000000003,3.9057500000000003,1,1
11.08.2021 01:38:05.508,3.9092800000000003,3.9057500000000003,1,1
11.08.2021 01:38:31.512,3.90921,3.9056900000000003,1,1
11.08.2021 01:38:31.714,3.90921,3.9056900000000003,1,1
11.08.2021 01:38:36.931,3.9092800000000003,3.9057500000000003,1,1
11.08.2021 01:38:43.561,3.90927,3.90576,1,1
11.08.2021 01:39:03.925,3.9094300000000004,3.90542,1.5,1.5
11.08.2021 01:39:03.975,3.9096,3.90562,1.5,1.5
11.08.2021 01:39:04.375,3.90941,3.9058900000000003,1,1
11.08.2021 01:39:17.245,3.90946,3.9059500000000003,1,1
11.08.2021 01:39:19.700,3.90947,3.90594,1,1
11.08.2021 01:39:24.924,3.90939,3.9058699999999997,1,1
11.08.2021 01:39:29.481,3.9093800000000005,3.9058800000000007,1,1
11.08.2021 01:39:36.793,3.90939,3.90586,1,1
11.08.2021 01:39:51.474,3.90939,3.90586,1,1
11.08.2021 01:39:55.581,3.90937,3.90585,1,1
11.08.2021 01:40:01.305,3.90936,3.90586,1,1
11.08.2021 01:40:01.548,3.90937,3.90585,1,1
11.08.2021 01:40:08.505,3.90937,3.90585,1,1
11.08.2021 01:40:08.883,3.90937,3.90585,1,1
11.08.2021 01:40:09.093,3.90937,3.90585,1,1
11.08.2021 01:40:28.546,3.90937,3.90585,1,1
11.08.2021 01:40:30.664,3.9093,3.9057800000000005,1,1
11.08.2021 01:44:04.816,3.90959,3.9056300000000004,1.5,1.5
11.08.2021 01:44:05.913,3.9092400000000005,3.90572,1,1
11.08.2021 01:44:06.430,3.9092400000000005,3.90572,1,1
11.08.2021 01:44:22.821,3.9092300000000004,3.9057300000000006,1,1
11.08.2021 01:44:23.223,3.9091500000000003,3.9056400000000004,1,1
11.08.2021 01:44:27.466,3.90902,3.9054900000000004,1,1
11.08.2021 01:44:33.831,3.90917,3.90565,1,1
11.08.2021 01:44:36.232,3.90917,3.90565,1,1
11.08.2021 01:44:36.434,3.90917,3.90565,1,1
11.08.2021 01:44:40.940,3.90925,3.90572,1,1
11.08.2021 01:44:45.188,3.9093300000000006,3.9058,1,1
11.08.2021 01:44:57.283,3.9094,3.9058800000000007,1,1
11.08.2021 01:44:57.484,3.9094,3.9058800000000007,1,1
11.08.2021 01:45:01.111,3.9094,3.9058800000000007,1,1
11.08.2021 01:45:08.639,3.9093500000000003,3.90582,1,1
11.08.2021 01:45:55.063,3.9092800000000003,3.90576,1,1
11.08.2021 01:46:38.479,3.90957,3.90559,1.5,1.5
11.08.2021 01:46:53.982,3.90956,3.9056,1.5,1.5
11.08.2021 01:47:09.481,3.90957,3.90559,1.5,1.5
11.08.2021 01:47:12.976,3.90957,3.90559,1.5,1.5
11.08.2021 01:48:01.874,3.90957,3.90559,1.5,1.5
11.08.2021 01:48:02.213,3.90956,3.9056,1.5,1.5
11.08.2021 01:48:02.579,3.90957,3.90559,1.5,1.5
11.08.2021 01:48:02.779,3.90957,3.90559,1.5,1.5
11.08.2021 01:48:10.157,3.90956,3.9056,1.5,1.5
11.08.2021 01:48:10.359,3.9093500000000003,3.90582,1,1
11.08.2021 01:48:19.573,3.9095,3.90597,1,1
11.08.2021 01:48:22.762,3.90957,3.9060400000000004,1,1
11.08.2021 01:49:11.565,3.9097000000000004,3.9062,1,1
11.08.2021 01:49:12.662,3.9096300000000004,3.90612,1,1
11.08.2021 01:50:23.831,3.91006,3.9059300000000006,1.5,1.5
11.08.2021 01:50:24.032,3.9100699999999997,3.90592,1.5,1.5
11.08.2021 01:50:26.464,3.91006,3.9059300000000006,1.5,1.5
11.08.2021 01:50:36.391,3.9100400000000004,3.90602,1.5,1.5
11.08.2021 01:50:39.551,3.90972,3.9061900000000005,1,1
11.08.2021 01:51:00.316,3.9096100000000003,3.9061000000000003,1,1
11.08.2021 01:51:00.509,3.9094300000000004,3.9059300000000006,1,1
11.08.2021 01:51:16.375,3.9094400000000005,3.90592,1,1
11.08.2021 01:51:16.576,3.9095,3.906,1,1
11.08.2021 01:51:31.199,3.90951,3.9059900000000005,1,1
11.08.2021 01:51:31.403,3.90951,3.9059900000000005,1,1
11.08.2021 01:51:34.407,3.90951,3.9059900000000005,1,1
11.08.2021 01:51:34.982,3.90951,3.9059900000000005,1,1
11.08.2021 01:51:54.205,3.9094400000000005,3.90592,1,1
11.08.2021 01:52:31.688,3.90926,3.90576,1,1
11.08.2021 01:52:31.883,3.90927,3.9057500000000003,1,1
11.08.2021 01:52:59.873,3.90926,3.90576,1,1
11.08.2021 01:53:13.465,3.90922,3.9056900000000003,1,1
11.08.2021 01:53:13.666,3.9091400000000003,3.9056400000000004,1,1
11.08.2021 01:53:19.661,3.9090800000000003,3.9055800000000005,1,1
11.08.2021 01:53:19.884,3.90896,3.9054400000000005,1,1
11.08.2021 01:53:20.085,3.9089500000000004,3.90545,1,1
11.08.2021 01:53:26.359,3.90896,3.9054400000000005,1,1
11.08.2021 01:53:28.339,3.90896,3.9054400000000005,1,1
11.08.2021 01:54:19.704,3.9089,3.9053800000000005,1,1
11.08.2021 01:54:26.626,3.9089,3.9053800000000005,1,1
11.08.2021 01:54:34.684,3.90905,3.9055500000000003,1,1
11.08.2021 01:54:42.067,3.90906,3.9055400000000002,1,1
11.08.2021 01:54:52.669,3.90906,3.9055400000000002,1,1
11.08.2021 01:54:52.871,3.90906,3.9055400000000002,1,1
11.08.2021 01:54:54.451,3.90905,3.9055500000000003,1,1
11.08.2021 01:54:54.653,3.90901,3.9054800000000003,1,1
11.08.2021 01:55:03.848,3.9089400000000003,3.90541,1,1
11.08.2021 01:55:06.930,3.9089400000000003,3.90541,1,1
11.08.2021 01:55:10.178,3.9089400000000003,3.90541,1,1
11.08.2021 01:55:15.770,3.9089400000000003,3.90541,1,1
11.08.2021 01:55:22.938,3.9090000000000003,3.9054900000000004,1,1
11.08.2021 01:55:23.140,3.90901,3.9054800000000003,1,1
11.08.2021 01:55:23.473,3.90901,3.9054800000000003,1,1
11.08.2021 01:55:50.308,3.90901,3.9054800000000003,1,1
11.08.2021 01:55:55.119,3.9090000000000003,3.9054900000000004,1,1
11.08.2021 01:56:07.103,3.90901,3.9054800000000003,1,1
11.08.2021 01:56:07.539,3.90906,3.9055500000000003,1,1
11.08.2021 01:56:08.185,3.90906,3.9055500000000003,1,1
11.08.2021 01:56:08.729,3.90906,3.9055500000000003,1,1
11.08.2021 01:56:17.410,3.90906,3.9055500000000003,1,1
11.08.2021 01:56:28.227,3.9091300000000007,3.9056,1,1
11.08.2021 01:56:28.627,3.9092400000000005,3.9057300000000006,1,1
11.08.2021 01:56:34.586,3.90925,3.90572,1,1
11.08.2021 01:56:41.983,3.90925,3.90572,1,1
11.08.2021 01:56:43.528,3.90939,3.9058900000000003,1,1
11.08.2021 01:56:43.680,3.9093500000000003,3.90582,1,1
11.08.2021 01:56:50.286,3.90941,3.9058800000000007,1,1
11.08.2021 01:56:50.570,3.90941,3.9058800000000007,1,1
11.08.2021 01:57:03.196,3.90931,3.9058100000000002,1,1
11.08.2021 01:57:18.477,3.9093199999999997,3.9058,1,1
11.08.2021 01:57:33.496,3.90931,3.9058100000000002,1,1
11.08.2021 01:57:35.020,3.9092400000000005,3.90574,1,1
11.08.2021 01:57:36.191,3.9092400000000005,3.90574,1,1
11.08.2021 01:57:36.390,3.90919,3.90566,1,1
11.08.2021 01:57:40.485,3.9091199999999997,3.9056100000000002,1,1.62
11.08.2021 01:57:41.855,3.9091300000000007,3.9056,1,1.62
11.08.2021 01:57:42.058,3.90897,3.90545,1,1
11.08.2021 01:57:56.983,3.90897,3.90545,1,1
11.08.2021 01:58:05.414,3.90897,3.90545,1,1
11.08.2021 01:58:13.117,3.9090300000000004,3.90551,1,1
11.08.2021 01:58:19.992,3.90902,3.90552,1,1
11.08.2021 01:58:21.903,3.9090900000000004,3.90557,1,1
11.08.2021 01:58:28.483,3.9090000000000003,3.9054800000000003,1,1
11.08.2021 01:58:35.631,3.9089500000000004,3.90542,1,1
11.08.2021 01:58:36.944,3.9090000000000003,3.9055,1,1
11.08.2021 01:58:39.750,3.9089400000000003,3.9054300000000004,1,1
11.08.2021 01:58:49.201,3.9089400000000003,3.9054300000000004,1,1
11.08.2021 01:58:49.401,3.9089500000000004,3.90542,1,1
11.08.2021 01:59:09.075,3.90901,3.9055,1,1
11.08.2021 01:59:09.275,3.9089500000000004,3.90542,1,1
11.08.2021 01:59:21.693,3.90881,3.90531,1,1
11.08.2021 01:59:22.773,3.9087500000000004,3.9052400000000005,1,1
11.08.2021 01:59:22.973,3.9087500000000004,3.9052400000000005,1,1
11.08.2021 01:59:55.832,3.9087500000000004,3.9052400000000005,1,1
11.08.2021 02:00:03.325,3.90876,3.9052300000000004,1,1
11.08.2021 02:00:04.654,3.90876,3.9052300000000004,1,1
11.08.2021 02:00:08.768,3.9089,3.90537,1,1
11.08.2021 02:00:22.514,3.9088300000000005,3.9053199999999997,1,1
11.08.2021 02:00:22.678,3.9088300000000005,3.9053199999999997,1,1
11.08.2021 02:00:24.449,3.9088300000000005,3.9053199999999997,1,1
11.08.2021 02:00:34.697,3.90901,3.9054800000000003,1,1
11.08.2021 02:00:42.320,3.90906,3.90556,1,1
11.08.2021 02:00:42.473,3.90907,3.9055500000000003,1,1
11.08.2021 02:00:46.423,3.90907,3.9055500000000003,1,1
11.08.2021 02:00:46.624,3.90907,3.9055500000000003,1,1
11.08.2021 02:00:57.009,3.90901,3.9054800000000003,1,1
11.08.2021 02:00:57.209,3.9089300000000007,3.90542,1,1
11.08.2021 02:01:00.668,3.9089400000000003,3.90541,1,1
11.08.2021 02:01:00.869,3.9090000000000003,3.9054900000000004,1,1
11.08.2021 02:01:01.700,3.9090000000000003,3.9054900000000004,1,1
11.08.2021 02:01:04.484,3.90901,3.9054800000000003,1,1
11.08.2021 02:01:33.110,3.9088800000000004,3.9053500000000003,1,1
11.08.2021 02:01:35.483,3.90879,3.9052900000000004,1,1
11.08.2021 02:01:45.290,3.9087400000000003,3.90521,1,1
11.08.2021 02:01:51.024,3.9087400000000003,3.90521,1,1
11.08.2021 02:02:02.022,3.9087400000000003,3.90521,1,1
11.08.2021 02:02:14.755,3.9087400000000003,3.90522,1,1
11.08.2021 02:02:19.447,3.9086800000000004,3.9051500000000003,1,1
11.08.2021 02:02:20.105,3.9086800000000004,3.9051500000000003,1,1
11.08.2021 02:02:20.442,3.90867,3.90516,1,1
11.08.2021 02:02:21.311,3.9086800000000004,3.9051500000000003,1,1
11.08.2021 02:02:30.312,3.90876,3.9052300000000004,1,1
11.08.2021 02:02:31.146,3.90876,3.9052300000000004,1,1
11.08.2021 02:02:36.115,3.90876,3.9052300000000004,1,1
11.08.2021 02:02:43.502,3.9088400000000005,3.9053199999999997,1,1
11.08.2021 02:02:50.352,3.90901,3.90551,1,1
11.08.2021 02:02:50.692,3.90896,3.90545,1,1
11.08.2021 02:03:28.630,3.90897,3.9054400000000005,1,1
11.08.2021 02:03:28.830,3.90897,3.9054400000000005,1,1
11.08.2021 02:03:31.551,3.90897,3.9054400000000005,1,1
11.08.2021 02:04:45.715,3.9090300000000004,3.90551,1,1
11.08.2021 02:04:49.412,3.9089800000000006,3.90545,1,1
11.08.2021 02:04:52.185,3.9089800000000006,3.90545,1,1
11.08.2021 02:04:55.337,3.90897,3.90546,1,1
11.08.2021 02:05:01.609,3.90906,3.9055300000000006,1,1
11.08.2021 02:05:01.794,3.90905,3.9055400000000002,1,1
11.08.2021 02:05:06.262,3.9090000000000003,3.9054699999999998,1,1
11.08.2021 02:05:13.984,3.9090000000000003,3.9054699999999998,1,1
11.08.2021 02:05:31.515,3.90901,3.9054800000000003,1,1
11.08.2021 02:05:31.636,3.9091,3.90557,1,1
11.08.2021 02:05:31.894,3.9091,3.90557,1,1
11.08.2021 02:05:32.180,3.90919,3.9056800000000003,1,1
11.08.2021 02:05:32.231,3.90926,3.9057500000000003,1,1
11.08.2021 02:05:34.516,3.90927,3.90574,1,1
11.08.2021 02:05:35.057,3.90919,3.9056699999999998,1,1
11.08.2021 02:05:35.258,3.9091199999999997,3.9056,1,1
11.08.2021 02:05:37.786,3.90897,3.9054699999999998,1,1
11.08.2021 02:05:37.986,3.9089800000000006,3.90546,1,1
11.08.2021 02:05:58.758,3.9089800000000006,3.90546,1,1
11.08.2021 02:06:03.235,3.90905,3.90552,1,1
11.08.2021 02:06:04.222,3.90905,3.90552,1,1
11.08.2021 02:06:10.603,3.9089800000000006,3.90546,1,1
11.08.2021 02:06:31.530,3.90897,3.9054400000000005,1,1
11.08.2021 02:06:45.751,3.90897,3.9054400000000005,1,1
11.08.2021 02:06:48.558,3.90887,3.9053500000000003,1,1
11.08.2021 02:06:48.729,3.90882,3.9052900000000004,1,1
11.08.2021 02:07:03.594,3.9088900000000004,3.90537,1,1
11.08.2021 02:07:03.774,3.9088900000000004,3.90537,1,1
11.08.2021 02:07:04.512,3.9088400000000005,3.90531,1,1
11.08.2021 02:07:23.290,3.90877,3.90525,1,1
11.08.2021 02:07:27.448,3.90876,3.90526,1,1
11.08.2021 02:08:48.512,3.9087500000000004,3.9052300000000004,1,1
11.08.2021 02:09:01.411,3.9087400000000003,3.9052400000000005,1,1
11.08.2021 02:09:12.672,3.9087400000000003,3.9052400000000005,1,1
11.08.2021 02:09:12.874,3.9087400000000003,3.9052400000000005,1,1
11.08.2021 02:09:31.484,3.9087500000000004,3.9052300000000004,1,1
11.08.2021 02:09:33.031,3.90861,3.90511,1,1
11.08.2021 02:10:11.753,3.90856,3.9050300000000004,1,1
11.08.2021 02:10:11.904,3.90855,3.9050400000000005,1,1
11.08.2021 02:10:21.322,3.90856,3.9050300000000004,1,1
11.08.2021 02:10:23.729,3.90856,3.9050300000000004,1,1
11.08.2021 02:10:30.765,3.90871,3.9052000000000002,1,1
11.08.2021 02:10:41.484,3.90871,3.9052000000000002,1,1
11.08.2021 02:10:58.934,3.90864,3.9051400000000003,1,1
11.08.2021 02:11:06.577,3.90865,3.9051300000000007,1,1
11.08.2021 02:11:06.812,3.9088600000000002,3.90536,1,1
11.08.2021 02:11:07.178,3.9089500000000004,3.90545,1,1
11.08.2021 02:11:12.483,3.90896,3.9054400000000005,1,1
11.08.2021 02:11:12.733,3.9088800000000004,3.9053800000000005,1,1
11.08.2021 02:11:12.936,3.90881,3.9052900000000004,1,1
11.08.2021 02:11:14.184,3.90881,3.9052900000000004,1,1
11.08.2021 02:11:28.525,3.90881,3.9052900000000004,1,1
11.08.2021 02:11:42.826,3.9086600000000002,3.9051500000000003,1,1
11.08.2021 02:11:42.981,3.90867,3.9051400000000003,1,1
11.08.2021 02:12:19.477,3.9086600000000002,3.9051400000000003,1,1
11.08.2021 02:12:19.841,3.9086600000000002,3.9051400000000003,1,1
11.08.2021 02:12:56.513,3.90855,3.90502,1,1
11.08.2021 02:13:03.568,3.90855,3.90502,1,1
11.08.2021 02:13:03.876,3.90855,3.90502,1,1
11.08.2021 02:13:27.863,3.9085199999999998,3.90502,1,1
11.08.2021 02:13:35.638,3.9085199999999998,3.90502,1,1
11.08.2021 02:13:45.573,3.9085900000000002,3.9050400000000005,1,1
11.08.2021 02:13:46.076,3.9083400000000004,3.90479,1,1
11.08.2021 02:14:20.028,3.9083400000000004,3.90479,1,1
11.08.2021 02:14:39.150,3.9083300000000003,3.9048000000000003,1,1
11.08.2021 02:14:41.992,3.9084900000000005,3.9049400000000003,1.5,1
11.08.2021 02:16:40.712,3.90862,3.9043800000000006,1.5,1.5
11.08.2021 02:16:40.915,3.9086300000000005,3.9043699999999997,1.5,1.5
11.08.2021 02:18:45.486,3.9085400000000003,3.90502,1,1
11.08.2021 02:18:47.478,3.9084800000000004,3.90496,1,1
11.08.2021 02:19:03.320,3.9085800000000006,3.9048900000000004,1.5,1
11.08.2021 02:19:03.475,3.9085800000000006,3.9048900000000004,1.5,1
11.08.2021 02:20:33.210,3.90827,3.9047500000000004,1,1
11.08.2021 02:20:41.984,3.90827,3.9047500000000004,1,1
11.08.2021 02:21:21.841,3.90826,3.90476,1,1
11.08.2021 02:21:22.041,3.9081400000000004,3.90462,1,1
11.08.2021 02:21:49.322,3.9081900000000003,3.9046800000000004,1,1
11.08.2021 02:22:00.574,3.9082000000000003,3.90467,1,1
11.08.2021 02:22:00.776,3.90812,3.9046000000000003,1,1
11.08.2021 02:22:11.027,3.90804,3.9045400000000003,1,1
11.08.2021 02:22:11.309,3.9080500000000002,3.9045300000000003,1,1
11.08.2021 02:22:12.510,3.90791,3.9044000000000003,1,1
11.08.2021 02:22:12.838,3.9078500000000003,3.9043300000000003,1,1
11.08.2021 02:22:15.261,3.9077699999999997,3.90425,1,1
11.08.2021 02:22:15.514,3.90767,3.90416,1,1
11.08.2021 02:22:15.670,3.9076800000000005,3.90415,1,1
11.08.2021 02:22:15.871,3.90767,3.90416,1,1
11.08.2021 02:22:20.715,3.90762,3.90407,1,1
11.08.2021 02:22:36.001,3.9077300000000004,3.9041400000000004,1,1
11.08.2021 02:22:36.201,3.90772,3.90415,1,1
11.08.2021 02:22:36.939,3.9077300000000004,3.9041400000000004,1,1
11.08.2021 02:22:37.139,3.90772,3.90415,1,1
11.08.2021 02:22:40.244,3.9077300000000004,3.9041400000000004,1,1
11.08.2021 02:22:40.445,3.9077300000000004,3.9041400000000004,1,1
11.08.2021 02:23:01.447,3.9076800000000005,3.9040800000000004,1,1
11.08.2021 02:23:01.649,3.90767,3.9040900000000005,1,1
11.08.2021 02:23:02.484,3.90767,3.9040900000000005,1,1
11.08.2021 02:23:12.657,3.90767,3.9040900000000005,1,1
11.08.2021 02:23:46.365,3.9077300000000004,3.90416,1,1
11.08.2021 02:23:50.827,3.90767,3.90411,1,1
11.08.2021 02:24:33.449,3.9077400000000004,3.9041699999999997,1,1
11.08.2021 02:24:44.540,3.9077400000000004,3.9041699999999997,1,1
11.08.2021 02:24:46.615,3.9077400000000004,3.9041699999999997,1,1
11.08.2021 02:24:51.457,3.90781,3.90426,1.62,1
11.08.2021 02:24:53.239,3.90791,3.9043300000000003,1,1
11.08.2021 02:25:12.076,3.90781,3.90426,1,1
11.08.2021 02:25:15.910,3.90781,3.90426,1,1
11.08.2021 02:25:18.840,3.9079699999999997,3.9043800000000006,1.5,1
11.08.2021 02:25:19.570,3.90782,3.9042900000000005,1.62,1
11.08.2021 02:25:19.731,3.90775,3.90422,1,1
11.08.2021 02:25:22.525,3.90775,3.90422,1,1
11.08.2021 02:25:30.484,3.9077400000000004,3.9042300000000005,1,1
11.08.2021 02:25:46.638,3.90775,3.90422,1,1
11.08.2021 02:26:02.140,3.90775,3.90422,1,1
11.08.2021 02:26:27.456,3.9076000000000004,3.9040900000000005,1,1
11.08.2021 02:27:18.523,3.9076000000000004,3.9040900000000005,1,1
11.08.2021 02:27:29.388,3.9077300000000004,3.90421,1,1
11.08.2021 02:28:13.591,3.9077300000000004,3.90421,1,1
11.08.2021 02:28:45.133,3.9079400000000004,3.9037699999999997,1.5,1.5
11.08.2021 02:28:55.940,3.90795,3.90376,1.5,1.5
11.08.2021 02:28:56.165,3.9078800000000005,3.9043800000000006,1,1
11.08.2021 02:30:00.251,3.90795,3.90442,1,1
11.08.2021 02:30:00.453,3.9080300000000006,3.9045300000000003,1,1
11.08.2021 02:32:51.457,3.9082500000000002,3.9041300000000003,1.5,1.5
11.08.2021 02:32:58.173,3.9082500000000002,3.9041300000000003,1.5,1.5
11.08.2021 02:32:58.372,3.90801,3.9044800000000004,1,1
11.08.2021 02:32:59.283,3.9079300000000003,3.9044000000000003,1,1
11.08.2021 02:33:02.982,3.9079300000000003,3.9044000000000003,1,1
11.08.2021 02:33:17.888,3.90804,3.90451,1,1
11.08.2021 02:33:18.484,3.9079800000000007,3.90445,1,1
11.08.2021 02:33:23.418,3.9079,3.9043800000000006,1,1
11.08.2021 02:33:41.431,3.9079,3.9043800000000006,1,1
11.08.2021 02:33:41.634,3.90801,3.9044900000000005,1,1
11.08.2021 02:33:52.251,3.90801,3.9044900000000005,1,1
11.08.2021 02:33:52.452,3.90801,3.9044900000000005,1,1
11.08.2021 02:33:56.558,3.9079400000000004,3.90441,1,1
11.08.2021 02:34:22.348,3.9078500000000003,3.9043300000000003,1,1
11.08.2021 02:34:27.916,3.9077900000000003,3.90427,1,1
11.08.2021 02:34:28.390,3.9077400000000004,3.90421,1,1
11.08.2021 02:35:04.079,3.9077400000000004,3.90421,1,1
11.08.2021 02:35:04.280,3.9078800000000005,3.9043699999999997,1,1
11.08.2021 02:35:05.321,3.9078900000000005,3.90436,1,1
11.08.2021 02:35:05.522,3.90781,3.9042900000000005,1,1
11.08.2021 02:35:05.749,3.90775,3.90422,1,1
11.08.2021 02:35:08.117,3.90775,3.90422,1,1
11.08.2021 02:35:28.913,3.90775,3.90422,1,1
11.08.2021 02:35:29.116,3.9078500000000003,3.9043300000000003,1,1
11.08.2021 02:35:30.489,3.90784,3.9043400000000004,1,1
11.08.2021 02:35:30.561,3.9078500000000003,3.9043300000000003,1,1
11.08.2021 02:35:35.007,3.9076900000000006,3.9041400000000004,1,1
11.08.2021 02:35:46.985,3.90775,3.9042000000000003,1,1
11.08.2021 02:35:54.532,3.9077400000000004,3.90421,1,1
11.08.2021 02:36:25.106,3.9077300000000004,3.9040800000000004,1,1
11.08.2021 02:36:39.191,3.90762,3.90395,1.62,1
11.08.2021 02:36:39.346,3.9075400000000005,3.90392,1,1
11.08.2021 02:36:42.035,3.9075400000000005,3.90392,1,1
11.08.2021 02:36:42.237,3.9075900000000003,3.9040300000000006,1,1
11.08.2021 02:36:42.800,3.9075900000000003,3.9040300000000006,1,1
11.08.2021 02:37:02.765,3.90775,3.9041800000000006,1,1
11.08.2021 02:37:04.430,3.90775,3.9041800000000006,1,1
11.08.2021 02:37:13.563,3.9077800000000007,3.90424,1.5,1
11.08.2021 02:37:17.263,3.9078800000000005,3.9043,1,1
11.08.2021 02:37:18.298,3.90801,3.9044300000000005,1,1
11.08.2021 02:37:18.748,3.90807,3.90451,1,1
11.08.2021 02:38:17.773,3.9080800000000004,3.9045,1,1
11.08.2021 02:38:17.975,3.9079900000000003,3.90442,1,1
11.08.2021 02:38:39.454,3.90786,3.9042800000000004,1,1
11.08.2021 02:38:44.291,3.90786,3.9042800000000004,1,1
11.08.2021 02:39:00.417,3.9077800000000007,3.90421,1,1
11.08.2021 02:39:07.258,3.90776,3.9042000000000003,1,1
11.08.2021 02:39:17.608,3.90776,3.9042000000000003,1,1
11.08.2021 02:39:32.997,3.90787,3.90431,1,1
11.08.2021 02:40:06.870,3.90784,3.90426,1,1
11.08.2021 02:40:35.485,3.90784,3.90426,1,1
11.08.2021 02:41:01.688,3.90784,3.90426,1,1
11.08.2021 02:41:07.071,3.90791,3.9043400000000004,1,1
11.08.2021 02:41:19.028,3.90791,3.9043400000000004,1,1
11.08.2021 02:41:22.589,3.90791,3.9043400000000004,1,1
11.08.2021 02:41:53.485,3.90784,3.90427,1,1
11.08.2021 02:42:00.838,3.9078300000000006,3.9042800000000004,1,1
11.08.2021 02:42:48.513,3.9079,3.9043300000000003,1,1
11.08.2021 02:42:48.918,3.9079,3.9043300000000003,1,1
11.08.2021 02:42:55.359,3.9079,3.9043300000000003,1,1
11.08.2021 02:44:12.166,3.90802,3.9038300000000006,1.5,1.5
11.08.2021 02:44:12.368,3.90802,3.9038300000000006,1.5,1.5
11.08.2021 02:44:32.359,3.90802,3.9038300000000006,1.5,1.5
11.08.2021 02:44:33.118,3.90802,3.9038300000000006,1.5,1.5
11.08.2021 02:44:34.619,3.90802,3.9038300000000006,1.5,1.5
11.08.2021 02:44:35.911,3.90802,3.9038300000000006,1.5,1.5
11.08.2021 02:44:36.523,3.90801,3.90384,1.5,1.5
11.08.2021 02:46:16.423,3.90796,3.90441,1,1
11.08.2021 02:46:16.755,3.9079699999999997,3.9044000000000003,1,1
11.08.2021 02:46:20.232,3.9080000000000004,3.9044900000000005,1.5,1
11.08.2021 02:46:21.308,3.90795,3.90442,1,1
11.08.2021 02:46:35.685,3.90807,3.9045400000000003,1,1
11.08.2021 02:46:35.885,3.9080800000000004,3.9045300000000003,1,1
11.08.2021 02:46:36.327,3.9080800000000004,3.9045300000000003,1,1
11.08.2021 02:46:43.185,3.90807,3.9045400000000003,1,1
11.08.2021 02:46:46.053,3.9080800000000004,3.9045300000000003,1,1
11.08.2021 02:46:51.188,3.9080800000000004,3.9045300000000003,1,1
11.08.2021 02:46:57.668,3.90807,3.9045400000000003,1,1
11.08.2021 02:47:02.805,3.9080800000000004,3.9045300000000003,1,1
11.08.2021 02:47:03.227,3.90807,3.9045400000000003,1,1
11.08.2021 02:47:05.883,3.9080800000000004,3.9045300000000003,1,1
11.08.2021 02:47:52.905,3.90846,3.90421,1.5,1.5
11.08.2021 02:48:02.616,3.90846,3.90421,1.5,1.5
11.08.2021 02:48:02.817,3.9079900000000003,3.90445,1,1
11.08.2021 02:48:03.018,3.9079900000000003,3.90445,1,1
11.08.2021 02:48:03.218,3.9079800000000007,3.90446,1,1
11.08.2021 02:48:56.172,3.90806,3.90451,1,1
11.08.2021 02:49:00.764,3.90806,3.90451,1,1
11.08.2021 02:52:02.272,3.9079900000000003,3.9043900000000002,1,1
11.08.2021 02:52:46.708,3.9078800000000005,3.9043300000000003,1,1
11.08.2021 02:52:46.907,3.90784,3.90426,1,1
11.08.2021 02:52:49.385,3.9079800000000007,3.90426,1.5,1
11.08.2021 02:52:54.852,3.9079699999999997,3.90432,1.5,1
11.08.2021 02:53:35.007,3.9077800000000007,3.90431,1.5,1
11.08.2021 02:53:44.168,3.9079800000000007,3.90431,1.5,1
11.08.2021 02:53:51.023,3.9079800000000007,3.90431,1.5,1
11.08.2021 02:53:58.541,3.90781,3.9042300000000005,1,1
11.08.2021 02:54:10.220,3.90781,3.9042300000000005,1,1
11.08.2021 02:54:20.110,3.9079800000000007,3.9043,1.5,1
11.08.2021 02:54:22.509,3.9079800000000007,3.9043,1.5,1
11.08.2021 02:55:01.255,3.90781,3.90425,1.62,1
11.08.2021 02:55:24.269,3.90782,3.90424,1.62,1
11.08.2021 02:55:26.515,3.90781,3.90425,1.62,1
11.08.2021 02:56:00.665,3.90781,3.90425,1.62,1
11.08.2021 02:56:30.421,3.9077,3.90412,1,1
11.08.2021 02:56:30.613,3.9077,3.90412,1,1
11.08.2021 02:56:35.853,3.9076900000000006,3.9041300000000003,1,1
11.08.2021 02:56:40.499,3.9076300000000006,3.9040500000000002,1,1
11.08.2021 02:57:04.204,3.9076900000000006,3.9041400000000004,1,1
11.08.2021 02:57:06.472,3.9076900000000006,3.9041400000000004,1,1
11.08.2021 02:57:10.241,3.9076300000000006,3.90407,1,1
11.08.2021 02:57:10.442,3.90775,3.9041699999999997,1,1
11.08.2021 02:57:11.038,3.90775,3.9041699999999997,1,1
11.08.2021 02:57:11.785,3.9076500000000003,3.9040800000000004,1,1
11.08.2021 02:57:59.343,3.9076000000000004,3.90402,1,1
11.08.2021 02:58:16.684,3.9076800000000005,3.90402,1.5,1
11.08.2021 02:58:31.154,3.9076800000000005,3.90402,1.5,1
11.08.2021 02:58:31.357,3.9076800000000005,3.90396,1.5,1
11.08.2021 02:58:31.556,3.90746,3.9038900000000005,1,1
11.08.2021 02:58:44.992,3.90767,3.9040000000000004,1.5,1
11.08.2021 02:58:45.193,3.9075,3.9039300000000003,1,1
11.08.2021 02:58:47.574,3.9075,3.9039300000000003,1,1
11.08.2021 02:59:12.187,3.90749,3.9039400000000004,1,1
11.08.2021 02:59:12.591,3.9075,3.9039300000000003,1,1
11.08.2021 02:59:16.592,3.9075,3.9039300000000003,1,1
11.08.2021 02:59:16.792,3.9075,3.9039300000000003,1,1
11.08.2021 02:59:17.210,3.9075,3.9039300000000003,1,1
11.08.2021 02:59:17.611,3.90767,3.9040000000000004,1.5,1
11.08.2021 02:59:18.187,3.90767,3.9040000000000004,1.5,1
11.08.2021 02:59:23.498,3.9074800000000005,3.90391,1,1
11.08.2021 02:59:23.714,3.90747,3.90392,1,1
11.08.2021 03:00:03.161,3.9074800000000005,3.90391,1,1
11.08.2021 03:00:03.285,3.9076800000000005,3.90401,1.5,1
11.08.2021 03:00:06.714,3.9076800000000005,3.90401,1.5,1
11.08.2021 03:00:09.440,3.90755,3.90402,1,1
11.08.2021 03:00:13.483,3.90755,3.90402,1,1
11.08.2021 03:00:16.186,3.90755,3.90402,1,1
11.08.2021 03:00:20.003,3.90756,3.90401,1,1
11.08.2021 03:00:21.228,3.9075,3.90395,1,1
11.08.2021 03:00:23.763,3.9075,3.90395,1,1
11.08.2021 03:01:11.498,3.90737,3.90382,1,1
11.08.2021 03:01:12.268,3.9073,3.90375,1,1
11.08.2021 03:01:12.470,3.90729,3.90376,1,1
11.08.2021 03:01:13.314,3.9073,3.90375,1,1
11.08.2021 03:01:18.374,3.9073,3.90375,1,1
11.08.2021 03:02:31.423,3.9075400000000005,3.9039900000000003,1,1
11.08.2021 03:02:31.837,3.90761,3.90407,1,1
11.08.2021 03:03:21.955,3.90776,3.90421,1,1
11.08.2021 03:03:22.080,3.90775,3.90422,1,1
11.08.2021 03:03:26.902,3.90791,3.9043800000000006,1,1
11.08.2021 03:03:27.512,3.90784,3.9042900000000005,1,1
11.08.2021 03:05:29.528,3.9082500000000002,3.9039800000000007,1.5,1.5
11.08.2021 03:05:29.732,3.90826,3.9039699999999997,1.5,1.5
11.08.2021 03:06:04.804,3.9079,3.9043800000000006,1,1
11.08.2021 03:07:06.098,3.90806,3.9045400000000003,1,1
11.08.2021 03:07:06.256,3.9080500000000002,3.90455,1,1
11.08.2021 03:07:06.649,3.90806,3.9045400000000003,1,1
11.08.2021 03:07:27.185,3.9080500000000002,3.90455,1,1
11.08.2021 03:07:27.587,3.9080000000000004,3.90447,1,1
11.08.2021 03:09:00.020,3.9083900000000003,3.90407,1.5,1.5
11.08.2021 03:09:00.221,3.9083900000000003,3.90407,1.5,1.5
11.08.2021 03:09:21.101,3.9077699999999997,3.90427,1,1
11.08.2021 03:10:03.165,3.9077800000000007,3.90426,1,1
11.08.2021 03:10:03.371,3.9077800000000007,3.90426,1,1
11.08.2021 03:10:52.266,3.9083900000000003,3.90407,1.5,1.5
11.08.2021 03:10:52.385,3.9079800000000007,3.90432,1.5,1
11.08.2021 03:11:03.322,3.90787,3.9043400000000004,1,1
11.08.2021 03:11:03.539,3.90787,3.9043400000000004,1,1
11.08.2021 03:11:18.096,3.9079400000000004,3.90441,1,1
11.08.2021 03:11:18.299,3.9080000000000004,3.9044800000000004,1,1
11.08.2021 03:11:18.501,3.90806,3.90456,1,1
11.08.2021 03:11:18.722,3.90801,3.9044900000000005,1,1
11.08.2021 03:11:23.982,3.90801,3.9044900000000005,1,1
11.08.2021 03:11:24.691,3.90807,3.90457,1,1
11.08.2021 03:12:28.639,3.9080800000000004,3.90455,1,1
11.08.2021 03:12:34.487,3.9080800000000004,3.90455,1,1
11.08.2021 03:12:35.896,3.9080800000000004,3.90455,1,1
11.08.2021 03:13:35.513,3.9086800000000004,3.90432,1.5,1.5
11.08.2021 03:13:35.992,3.9086900000000004,3.90431,1.5,1.5
11.08.2021 03:13:52.450,3.9086900000000004,3.90431,1.5,1.5
11.08.2021 03:13:52.653,3.9079900000000003,3.90446,1,1
11.08.2021 03:14:17.765,3.9078300000000006,3.9043300000000003,1,1
11.08.2021 03:14:23.824,3.90784,3.90432,1,1
11.08.2021 03:14:37.249,3.9079,3.9043800000000006,1,1
11.08.2021 03:14:37.509,3.9078900000000005,3.9043900000000002,1,1
11.08.2021 03:15:06.472,3.9078900000000005,3.9043900000000002,1,1
11.08.2021 03:15:06.674,3.90804,3.9045199999999998,1,1
11.08.2021 03:15:06.877,3.9080300000000006,3.9045300000000003,1,1
11.08.2021 03:15:23.217,3.90824,3.9047199999999997,1,1
11.08.2021 03:15:23.336,3.90824,3.9047199999999997,1,1
11.08.2021 03:15:41.735,3.90824,3.9047199999999997,1,1
11.08.2021 03:15:42.212,3.90841,3.9048800000000004,1,1
11.08.2021 03:16:12.390,3.90841,3.9048800000000004,1,1
11.08.2021 03:16:12.792,3.90841,3.9048800000000004,1,1
11.08.2021 03:16:48.701,3.90831,3.90479,1,1
11.08.2021 03:17:17.845,3.90831,3.90479,1,1
11.08.2021 03:17:18.046,3.9083300000000003,3.9048300000000005,1,1
11.08.2021 03:17:30.486,3.9083300000000003,3.9048300000000005,1,1
11.08.2021 03:18:51.879,3.90882,3.90451,1.5,1.5
11.08.2021 03:19:03.652,3.90882,3.90451,1.5,1.5
11.08.2021 03:19:57.208,3.90846,3.9049400000000003,1,1
11.08.2021 03:19:57.309,3.9085800000000006,3.9050800000000003,1,1
11.08.2021 03:20:14.015,3.9085300000000003,3.9050000000000002,1,1
11.08.2021 03:20:18.668,3.9085199999999998,3.90501,1,1
11.08.2021 03:20:19.149,3.9085300000000003,3.9050000000000002,1,1
11.08.2021 03:20:24.617,3.90846,3.9049300000000007,1,1
11.08.2021 03:20:28.468,3.90846,3.9049300000000007,1,1
11.08.2021 03:20:55.229,3.9085800000000006,3.90506,1,1
11.08.2021 03:20:55.453,3.9085800000000006,3.90506,1,1
11.08.2021 03:20:56.542,3.9085800000000006,3.90506,1,1
11.08.2021 03:20:56.745,3.90846,3.9049400000000003,1,1
11.08.2021 03:21:01.487,3.90846,3.9049400000000003,1,1
11.08.2021 03:21:34.187,3.9085199999999998,3.90502,1,1
11.08.2021 03:21:38.955,3.9085199999999998,3.90502,1,1
11.08.2021 03:22:02.015,3.9086000000000003,3.9050800000000003,1,1
11.08.2021 03:22:02.066,3.9085,3.9049800000000006,1,1
11.08.2021 03:22:02.269,3.9084300000000005,3.90491,1,1
11.08.2021 03:22:07.272,3.90856,3.90506,1,1
11.08.2021 03:22:11.484,3.90857,3.90505,1,1
11.08.2021 03:23:20.037,3.90862,3.90511,1,1
11.08.2021 03:23:20.224,3.9086300000000005,3.9051,1,1
11.08.2021 03:23:56.347,3.9090800000000003,3.9047199999999997,1.5,1.5
11.08.2021 03:23:56.510,3.90845,3.9049500000000004,1,1
11.08.2021 03:24:04.473,3.90845,3.9049500000000004,1,1
11.08.2021 03:24:04.574,3.9085400000000003,3.90501,1,1
11.08.2021 03:24:04.749,3.9085300000000003,3.90502,1,1
11.08.2021 03:24:23.824,3.9085400000000003,3.90501,1,1
11.08.2021 03:24:35.395,3.9085400000000003,3.90501,1,1
11.08.2021 03:25:08.866,3.90896,3.90464,1.5,1.5
11.08.2021 03:25:14.714,3.90847,3.9049500000000004,1,1
11.08.2021 03:25:18.515,3.90847,3.9049500000000004,1,1
11.08.2021 03:25:26.554,3.90847,3.9049500000000004,1,1
11.08.2021 03:25:34.587,3.90847,3.9049500000000004,1,1
11.08.2021 03:25:46.085,3.9083400000000004,3.9048400000000005,1,1
11.08.2021 03:25:47.514,3.9083699999999997,3.90486,1,1
11.08.2021 03:25:47.809,3.9083800000000006,3.90485,1,1
11.08.2021 03:26:02.409,3.90831,3.9047800000000006,1,1
11.08.2021 03:26:07.556,3.90831,3.9047800000000006,1,1
11.08.2021 03:27:18.639,3.90882,3.90447,1.5,1.5
11.08.2021 03:27:40.387,3.90882,3.90447,1.5,1.5
11.08.2021 03:27:40.593,3.9084000000000003,3.90487,1,1
11.08.2021 03:27:42.016,3.9083900000000003,3.9048800000000004,1,1
11.08.2021 03:27:47.288,3.9084000000000003,3.90487,1,1
11.08.2021 03:27:55.882,3.9084000000000003,3.90487,1,1
11.08.2021 03:28:39.809,3.90856,3.9050300000000004,1,1
11.08.2021 03:28:40.304,3.90856,3.9050300000000004,1,1
11.08.2021 03:28:40.706,3.90856,3.9050300000000004,1,1
11.08.2021 03:28:49.535,3.90856,3.9050300000000004,1,1
11.08.2021 03:29:00.905,3.90856,3.9050300000000004,1,1
11.08.2021 03:29:01.104,3.90855,3.9050400000000005,1,1
11.08.2021 03:29:02.819,3.90856,3.9050300000000004,1,1
11.08.2021 03:29:03.020,3.90856,3.9050300000000004,1,1
11.08.2021 03:29:07.307,3.90856,3.9050300000000004,1,1
11.08.2021 03:29:08.288,3.90855,3.9050400000000005,1,1
11.08.2021 03:29:09.709,3.90855,3.9050400000000005,1,1
11.08.2021 03:29:12.516,3.90856,3.9050300000000004,1,1
11.08.2021 03:29:25.228,3.9086800000000004,3.9051800000000005,1,1
11.08.2021 03:29:43.987,3.9087500000000004,3.90522,1,1
11.08.2021 03:30:02.350,3.9088300000000005,3.90531,1,1
11.08.2021 03:30:06.720,3.9088400000000005,3.9053199999999997,1,1
11.08.2021 03:30:16.686,3.9088400000000005,3.9053199999999997,1,1
11.08.2021 03:30:35.093,3.90877,3.90525,1,1
11.08.2021 03:30:42.049,3.90877,3.90525,1,1
11.08.2021 03:30:42.254,3.90877,3.90525,1,1
11.08.2021 03:31:09.490,3.90877,3.90525,1,1
11.08.2021 03:31:17.488,3.90876,3.90526,1,1
11.08.2021 03:31:22.915,3.9091800000000005,3.9049500000000004,1.5,1.5
11.08.2021 03:31:25.487,3.9091800000000005,3.9049500000000004,1.5,1.5
11.08.2021 03:31:48.512,3.90919,3.9049400000000003,1.5,1.5
11.08.2021 03:32:21.373,3.90919,3.9049400000000003,1.5,1.5
11.08.2021 03:32:27.487,3.90919,3.9049400000000003,1.5,1.5
11.08.2021 03:32:46.016,3.9091800000000005,3.9049500000000004,1.5,1.5
11.08.2021 03:32:46.217,3.90885,3.9053500000000003,1,1
11.08.2021 03:32:46.799,3.9088600000000002,3.9053400000000003,1,1
11.08.2021 03:32:47.032,3.9088600000000002,3.9053400000000003,1,1
11.08.2021 03:32:58.889,3.9088300000000005,3.9053300000000006,1,1
11.08.2021 03:33:30.738,3.9088900000000004,3.9053800000000005,1,1
11.08.2021 03:33:34.577,3.9089,3.90537,1,1
11.08.2021 03:33:39.403,3.9089,3.90537,1,1
11.08.2021 03:34:00.380,3.9087800000000006,3.90525,1,1
11.08.2021 03:34:35.517,3.9087800000000006,3.90525,1,1
11.08.2021 03:34:56.407,3.9088400000000005,3.9053199999999997,1,1
11.08.2021 03:35:13.055,3.90919,3.9049400000000003,1.5,1.5
11.08.2021 03:35:14.168,3.9088400000000005,3.9053199999999997,1,1
11.08.2021 03:35:25.108,3.9088400000000005,3.9053199999999997,1,1
11.08.2021 03:35:50.540,3.90877,3.90527,1,1
11.08.2021 03:35:56.607,3.9087800000000006,3.90526,1,1
11.08.2021 03:37:55.159,3.90896,3.9048000000000003,1.5,1.5
11.08.2021 03:37:55.409,3.90856,3.90505,1,1
11.08.2021 03:38:08.537,3.90857,3.9050400000000005,1,1
11.08.2021 03:38:08.834,3.9087,3.9051800000000005,1,1
11.08.2021 03:38:24.905,3.90861,3.90511,1,1
11.08.2021 03:38:32.323,3.9086800000000004,3.9051500000000003,1,1
11.08.2021 03:38:54.856,3.90867,3.90516,1,1
11.08.2021 03:38:58.656,3.90867,3.9051400000000003,1,1
11.08.2021 03:40:00.268,3.9088000000000003,3.90462,1.5,1.5
11.08.2021 03:40:00.482,3.9087300000000003,3.90521,1,1
11.08.2021 03:40:00.671,3.90879,3.90526,1,1
11.08.2021 03:40:02.387,3.90885,3.9053199999999997,1,1
11.08.2021 03:40:07.788,3.90885,3.9053199999999997,1,1
11.08.2021 03:41:01.635,3.9088300000000005,3.90531,1,1
11.08.2021 03:41:23.194,3.9088300000000005,3.90531,1,1
11.08.2021 03:41:35.260,3.9088300000000005,3.90531,1,1
11.08.2021 03:43:02.515,3.9089,3.90537,1,1
11.08.2021 03:43:17.324,3.9087500000000004,3.9052300000000004,1,1
11.08.2021 03:43:17.374,3.9087400000000003,3.9052400000000005,1,1
11.08.2021 03:43:31.305,3.9088800000000004,3.9052300000000004,1.5,1
11.08.2021 03:43:53.659,3.90887,3.9052400000000005,1.5,1
11.08.2021 03:44:03.566,3.9088800000000004,3.9052300000000004,1.5,1
11.08.2021 03:44:03.976,3.9088800000000004,3.90536,1,1
11.08.2021 03:44:08.572,3.9088800000000004,3.90536,1,1
11.08.2021 03:44:09.487,3.90887,3.90537,1,1
11.08.2021 03:44:15.105,3.90882,3.9053,1,1
11.08.2021 03:44:39.606,3.90887,3.90536,1,1
11.08.2021 03:44:39.800,3.9088800000000004,3.9053500000000003,1,1
11.08.2021 03:45:50.006,3.9090000000000003,3.9054800000000003,1,1
11.08.2021 03:45:50.205,3.9089800000000006,3.9055400000000002,1.5,1
11.08.2021 03:45:51.310,3.9089800000000006,3.9055400000000002,1.5,1
11.08.2021 03:45:51.654,3.9089800000000006,3.9055400000000002,1.5,1
11.08.2021 03:45:51.856,3.90917,3.9055500000000003,1.5,1
11.08.2021 03:45:58.492,3.90926,3.90571,1.5,1
11.08.2021 03:46:01.031,3.90926,3.90571,1,1
11.08.2021 03:46:05.777,3.9091800000000005,3.90565,1,1
11.08.2021 03:46:06.011,3.9091,3.9056,1,1
11.08.2021 03:47:57.936,3.90927,3.90505,1.5,1.5
11.08.2021 03:47:58.175,3.90926,3.9057300000000006,1,1
11.08.2021 03:48:19.488,3.90927,3.90572,1,1
11.08.2021 03:48:57.875,3.9094,3.9058699999999997,1,1
11.08.2021 03:48:58.012,3.90941,3.90586,1,1
11.08.2021 03:49:01.463,3.90926,3.90574,1,1
11.08.2021 03:49:03.944,3.90925,3.9057500000000003,1,1
11.08.2021 03:49:05.618,3.90926,3.90574,1,1
11.08.2021 03:49:05.823,3.90925,3.9057500000000003,1,1
11.08.2021 03:49:20.522,3.9094800000000003,3.9058,1.5,1
11.08.2021 03:51:34.577,3.90945,3.9059000000000004,1,1
11.08.2021 03:51:41.594,3.9096100000000003,3.90601,1,1
11.08.2021 03:51:42.935,3.9096,3.90602,1,1
11.08.2021 03:51:43.135,3.9096100000000003,3.90601,1,1
11.08.2021 03:52:30.219,3.9097300000000006,3.9061300000000005,1,1
11.08.2021 03:52:30.972,3.9097300000000006,3.9061300000000005,1,1
11.08.2021 03:52:44.864,3.9096400000000004,3.90606,1,1
11.08.2021 03:52:55.205,3.90972,3.90614,1,1
11.08.2021 03:52:55.255,3.9097900000000005,3.9061900000000005,1,1
11.08.2021 03:52:59.988,3.9097900000000005,3.9061900000000005,1,1
11.08.2021 03:53:37.328,3.9097900000000005,3.9061900000000005,1,1
11.08.2021 03:53:39.347,3.9097800000000005,3.9062,1,1
11.08.2021 03:53:40.898,3.9097900000000005,3.9061900000000005,1,1
11.08.2021 03:53:46.989,3.9097900000000005,3.9061900000000005,1,1
11.08.2021 03:53:54.578,3.9097800000000005,3.9062,1,1
11.08.2021 03:54:02.488,3.9101500000000002,3.9060400000000004,1.5,1.5
11.08.2021 03:54:10.485,3.91014,3.90605,1.5,1.5
11.08.2021 03:54:38.490,3.9101500000000002,3.9060400000000004,1.5,1.5
11.08.2021 03:54:49.960,3.9101500000000002,3.9060400000000004,1.5,1.5
11.08.2021 03:54:59.390,3.90982,3.9063000000000003,1,1
11.08.2021 03:55:00.315,3.90982,3.9063000000000003,1,1
11.08.2021 03:55:22.327,3.90977,3.9062400000000004,1,1
11.08.2021 03:55:29.163,3.90976,3.90625,1,1
11.08.2021 03:55:36.649,3.90965,3.90612,1,1
11.08.2021 03:57:09.872,3.90997,3.90592,1.5,1.5
11.08.2021 03:57:43.645,3.90982,3.9063000000000003,1,1
11.08.2021 03:57:49.003,3.90976,3.9062400000000004,1,1
11.08.2021 03:58:07.980,3.90976,3.9062400000000004,1,1
11.08.2021 03:58:27.486,3.9097500000000003,3.90625,1,1
11.08.2021 03:58:37.837,3.9097500000000003,3.90625,1,1
11.08.2021 03:58:58.989,3.9101500000000002,3.9060800000000007,1.5,1.5
11.08.2021 03:59:06.170,3.9101500000000002,3.9060800000000007,1.5,1.5
11.08.2021 03:59:06.607,3.90985,3.90622,1,1
11.08.2021 03:59:19.117,3.9098400000000004,3.9062300000000003,1,1
11.08.2021 03:59:28.171,3.9098400000000004,3.9062300000000003,1,1
11.08.2021 03:59:37.800,3.9098400000000004,3.9062300000000003,1,1
11.08.2021 03:59:47.567,3.9096699999999998,3.9060900000000003,1,1
11.08.2021 04:00:12.694,3.90962,3.9062400000000004,1,1
11.08.2021 04:00:17.659,3.90959,3.90622,1,1
11.08.2021 04:00:18.196,3.90965,3.9062699999999997,1,1
11.08.2021 04:00:52.170,3.9095800000000005,3.90621,1,1
11.08.2021 04:00:56.730,3.9095800000000005,3.90622,1,1
11.08.2021 04:01:19.108,3.9095300000000006,3.9061500000000002,1,1
11.08.2021 04:01:28.355,3.90959,3.90622,1,1
11.08.2021 04:01:31.501,3.90951,3.9061300000000005,1,1
11.08.2021 04:01:31.602,3.9094800000000003,3.9060800000000007,1,1
11.08.2021 04:01:36.970,3.90951,3.9061300000000005,1,1
11.08.2021 04:01:42.466,3.9095,3.9061000000000003,1,1
11.08.2021 04:01:42.620,3.90951,3.90611,1,1
11.08.2021 04:01:50.583,3.90951,3.90611,1,1
11.08.2021 04:02:12.716,3.9094400000000005,3.90606,1,1
11.08.2021 04:02:14.822,3.90937,3.9059900000000005,1,1
11.08.2021 04:07:20.762,3.9094400000000005,3.90611,1,1
11.08.2021 04:07:20.915,3.9094900000000004,3.90616,1,1
11.08.2021 04:07:23.240,3.9096300000000004,3.9063000000000003,1,1
11.08.2021 04:07:55.133,3.9096300000000004,3.9063300000000005,1,1
11.08.2021 04:07:55.539,3.9096699999999998,3.90635,1,1
11.08.2021 04:08:03.010,3.9096699999999998,3.90635,1,1
11.08.2021 04:08:03.234,3.9096900000000003,3.9063900000000005,1,1
11.08.2021 04:08:35.990,3.9096900000000003,3.90636,1,1
11.08.2021 04:08:48.395,3.9094300000000004,3.9061000000000003,1,1
11.08.2021 04:09:03.060,3.9093500000000003,3.9060400000000004,1,1.5
11.08.2021 04:09:07.488,3.9092800000000003,3.9060400000000004,1,1.5
11.08.2021 04:09:22.990,3.90926,3.9060400000000004,1,1.5
11.08.2021 04:09:30.486,3.90925,3.90605,1,1.5
11.08.2021 04:09:38.489,3.90926,3.9060400000000004,1,1.5
11.08.2021 04:10:01.989,3.9092800000000003,3.9060400000000004,1,1.5
11.08.2021 04:10:40.625,3.90926,3.9060400000000004,1,1.5
11.08.2021 04:10:40.838,3.9094,3.9060800000000007,1,1
11.08.2021 04:10:41.358,3.90927,3.9060400000000004,1,1.5
11.08.2021 04:11:23.581,3.9092800000000003,3.90597,1,1
11.08.2021 04:11:51.939,3.9094400000000005,3.90612,1,1
11.08.2021 04:11:52.095,3.90926,3.90594,1,1
11.08.2021 04:12:41.626,3.90925,3.90592,1,1
11.08.2021 04:12:57.601,3.90911,3.9057800000000005,1,1.62
11.08.2021 04:13:48.397,3.90906,3.9057300000000006,1,1
11.08.2021 04:13:50.237,3.9090400000000005,3.90572,1,1
11.08.2021 04:14:00.023,3.90905,3.9057300000000006,1,1
11.08.2021 04:14:11.505,3.90907,3.90574,1,1
11.08.2021 04:14:47.521,3.90906,3.9057500000000003,1,1
11.08.2021 04:14:50.490,3.90907,3.90574,1,1
11.08.2021 04:15:54.828,3.9090800000000003,3.9057500000000003,1,1
11.08.2021 04:15:54.978,3.9090800000000003,3.9057500000000003,1,1
11.08.2021 04:16:33.307,3.90907,3.90574,1,1
11.08.2021 04:16:38.215,3.90896,3.9056400000000004,1,1.62
11.08.2021 04:16:38.388,3.9089300000000007,3.9056400000000004,1,1.5
11.08.2021 04:16:56.367,3.9088600000000002,3.9055500000000003,1,1
11.08.2021 04:16:59.150,3.90887,3.9055500000000003,1,1
11.08.2021 04:17:45.622,3.9088900000000004,3.90557,1,1
11.08.2021 04:17:45.826,3.9088900000000004,3.90557,1,1
11.08.2021 04:18:23.990,3.9088400000000005,3.9055500000000003,1,1.5
11.08.2021 04:18:28.990,3.90887,3.9055500000000003,1,1
11.08.2021 04:18:37.796,3.90921,3.9058900000000003,1,1
11.08.2021 04:18:38.215,3.90905,3.9057500000000003,1,1
11.08.2021 04:18:49.801,3.90906,3.90574,1,1
11.08.2021 04:18:49.954,3.90906,3.90574,1,1
11.08.2021 04:19:07.990,3.90905,3.9057500000000003,1,1
11.08.2021 04:19:10.285,3.90906,3.9057300000000006,1,1
11.08.2021 04:19:10.488,3.9089300000000007,3.9056800000000003,1,1.5
11.08.2021 04:20:00.061,3.9089300000000007,3.9056800000000003,1,1.5
11.08.2021 04:20:00.263,3.9089300000000007,3.9056800000000003,1,1.5
11.08.2021 04:20:16.995,3.90882,3.9056800000000003,1,1.5
11.08.2021 04:20:17.196,3.90876,3.9054800000000003,1,1.5
11.08.2021 04:20:23.798,3.90879,3.9054900000000004,1,1.62
11.08.2021 04:21:20.294,3.9088800000000004,3.90557,1,1
11.08.2021 04:21:28.665,3.9088800000000004,3.90556,1,1
11.08.2021 04:21:28.877,3.90887,3.90557,1,1
11.08.2021 04:21:34.141,3.9088000000000003,3.9055,1,1
11.08.2021 04:21:34.303,3.9089,3.90559,1,1
11.08.2021 04:22:26.937,3.9088600000000002,3.90556,1,1
11.08.2021 04:22:30.042,3.9088000000000003,3.9055,1,1
11.08.2021 04:23:17.955,3.90877,3.9054800000000003,1,1.5
11.08.2021 04:23:21.522,3.90885,3.9055300000000006,1,1
11.08.2021 04:23:42.345,3.9088600000000002,3.9055500000000003,1,1
11.08.2021 04:23:43.844,3.9089,3.9055800000000005,1,1
11.08.2021 04:24:58.856,3.9087800000000006,3.9054800000000003,1,1.5
11.08.2021 04:25:00.433,3.90887,3.90557,1,1
11.08.2021 04:25:00.588,3.9088800000000004,3.90556,1,1
11.08.2021 04:25:12.612,3.9087500000000004,3.9054900000000004,1,1.5
11.08.2021 04:25:13.636,3.90885,3.90552,1,1
11.08.2021 04:25:13.789,3.9088800000000004,3.9055800000000005,1,1
11.08.2021 04:26:54.622,3.90891,3.9055800000000005,1,1
11.08.2021 04:26:54.825,3.90879,3.9054800000000003,1,1.5
11.08.2021 04:27:07.317,3.9087300000000003,3.9054800000000003,1,1.5
11.08.2021 04:27:14.839,3.90882,3.9055,1,1
11.08.2021 04:27:18.030,3.90885,3.9055500000000003,1,1
11.08.2021 04:27:18.193,3.9088900000000004,3.90556,1,1
11.08.2021 04:29:03.621,3.9089300000000007,3.9056100000000002,1,1
11.08.2021 04:29:04.859,3.9089400000000003,3.9056400000000004,1,1.5
11.08.2021 04:29:05.014,3.9089300000000007,3.90565,1,1.5
11.08.2021 04:29:05.216,3.9089800000000006,3.90566,1,1
11.08.2021 04:29:06.770,3.9089500000000004,3.9056400000000004,1,1.5
11.08.2021 04:29:10.747,3.9089500000000004,3.9056400000000004,1,1.5
11.08.2021 04:29:11.284,3.9089500000000004,3.9056400000000004,1,1.5
11.08.2021 04:29:35.053,3.90897,3.9056400000000004,1,1.62
11.08.2021 04:29:35.253,3.9090000000000003,3.9056800000000003,1,1
11.08.2021 04:29:44.294,3.9090000000000003,3.9056800000000003,1,1
11.08.2021 04:29:44.499,3.90899,3.9056900000000003,1,1
11.08.2021 04:29:45.435,3.9089300000000007,3.9056400000000004,1,1.5
11.08.2021 04:30:10.781,3.90901,3.9056900000000003,1,1
11.08.2021 04:30:15.251,3.9089300000000007,3.90565,1,1.5
11.08.2021 04:30:33.462,3.9089300000000007,3.90565,1,1.5
11.08.2021 04:30:34.113,3.9089400000000003,3.9056400000000004,1,1.5
11.08.2021 04:30:41.257,3.9090000000000003,3.9056800000000003,1,1
11.08.2021 04:30:46.823,3.9089400000000003,3.9056400000000004,1,1.5
11.08.2021 04:30:46.980,3.9089400000000003,3.9056400000000004,1,1.5
11.08.2021 04:31:48.602,3.90896,3.9056400000000004,1,1
11.08.2021 04:31:48.752,3.9089400000000003,3.90562,1,1
11.08.2021 04:36:59.148,3.90899,3.9057800000000005,1,1.5
11.08.2021 04:36:59.369,3.9089400000000003,3.9057800000000005,1,1.5
11.08.2021 04:38:48.563,3.9089199999999997,3.9057500000000003,1,1.5
11.08.2021 04:38:48.765,3.90891,3.90576,1,1.5
11.08.2021 04:39:14.618,3.9088400000000005,3.90562,1,1.5
11.08.2021 04:39:14.811,3.90879,3.9056100000000002,1,1.5
11.08.2021 04:39:15.789,3.9088900000000004,3.90562,1,1.5
11.08.2021 04:39:23.848,3.90885,3.90562,1,1.5
11.08.2021 04:39:24.001,3.9088400000000005,3.9056100000000002,1,1.5
11.08.2021 04:39:31.306,3.9088800000000004,3.9056100000000002,1,1.5
11.08.2021 04:40:11.227,3.90897,3.9056900000000003,1,1.5
11.08.2021 04:40:11.278,3.90897,3.9056800000000003,1,1.5
11.08.2021 04:40:11.639,3.9089400000000003,3.9056800000000003,1,1.5
11.08.2021 04:41:47.679,3.9089800000000006,3.9056800000000003,1,1.5
11.08.2021 04:41:52.988,3.90897,3.9056900000000003,1,1.5
11.08.2021 04:41:55.800,3.9089199999999997,3.9056900000000003,1,1.5
11.08.2021 04:43:49.579,3.9087800000000006,3.9056100000000002,1,1.5
11.08.2021 04:43:49.740,3.9087199999999998,3.90562,1,1.5
11.08.2021 04:44:18.746,3.9087500000000004,3.9056100000000002,1,1.5
11.08.2021 04:44:19.888,3.90877,3.90559,1,1.5
11.08.2021 04:44:19.939,3.9089199999999997,3.9056800000000003,1,1
11.08.2021 04:44:20.049,3.90896,3.9056800000000003,1,1.5
11.08.2021 04:44:20.250,3.9089400000000003,3.9056800000000003,1,1.5
11.08.2021 04:44:54.752,3.90905,3.9057500000000003,1,1
11.08.2021 04:44:54.903,3.90906,3.9057500000000003,1,1.5
11.08.2021 04:45:00.011,3.9091,3.9057800000000005,1,1.5
11.08.2021 04:45:00.312,3.9092000000000002,3.9059000000000004,1,1
11.08.2021 04:45:00.590,3.90925,3.9059900000000005,1,1.5
11.08.2021 04:45:01.134,3.9092400000000005,3.9059800000000005,1,1.5
11.08.2021 04:45:15.300,3.90926,3.9059900000000005,1,2
11.08.2021 04:45:48.323,3.9092300000000004,3.9059900000000005,1,2
11.08.2021 04:45:59.891,3.90926,3.9059800000000005,1,2
11.08.2021 04:46:57.566,3.9092900000000004,3.9059800000000005,1,2
11.08.2021 04:47:05.811,3.90927,3.9059800000000005,1,2
11.08.2021 04:47:06.062,3.9092800000000003,3.9059900000000005,1,2
11.08.2021 04:47:12.272,3.90927,3.9059800000000005,1,2
11.08.2021 04:47:22.551,3.9092400000000005,3.9059800000000005,1,2
11.08.2021 04:47:51.481,3.9091,3.9059800000000005,1,1.5
11.08.2021 04:48:00.880,3.90916,3.9059900000000005,1,1.5
11.08.2021 04:48:18.016,3.9092000000000002,3.9059800000000005,1,1.5
11.08.2021 04:48:18.268,3.9092000000000002,3.9059800000000005,1,1.5
11.08.2021 04:48:18.422,3.9092000000000002,3.9059800000000005,1,1.5
11.08.2021 04:48:19.976,3.9091500000000003,3.9059800000000005,1,1.5
11.08.2021 04:48:20.131,3.9091300000000007,3.9059800000000005,1,1.5
11.08.2021 04:48:28.183,3.9091400000000003,3.9059900000000005,1,1.5
11.08.2021 04:48:30.901,3.90925,3.9059900000000005,1,1.5
11.08.2021 04:49:03.567,3.90927,3.9059900000000005,1,1.5
11.08.2021 04:49:15.177,3.90926,3.9059800000000005,1,2
11.08.2021 04:49:17.423,3.9092400000000005,3.9059800000000005,1,2
11.08.2021 04:49:48.263,3.90925,3.9059900000000005,1,2
11.08.2021 04:49:51.163,3.90926,3.9059800000000005,1,2
11.08.2021 04:49:54.510,3.90926,3.9059800000000005,1,2
11.08.2021 04:50:03.967,3.90925,3.9059900000000005,1,2
11.08.2021 04:50:06.529,3.90917,3.9059900000000005,1,1.5
11.08.2021 04:50:06.684,3.9091300000000007,3.9059800000000005,1,1.5
11.08.2021 04:50:10.475,3.9092000000000002,3.9059900000000005,1,1.5
11.08.2021 04:50:12.485,3.9092800000000003,3.9059800000000005,1,2
11.08.2021 04:50:16.179,3.9094,3.9062800000000006,1,1.5
11.08.2021 04:50:20.541,3.9093,3.9062800000000006,1,1.5
11.08.2021 04:50:25.659,3.90937,3.9062800000000006,1,1.5
11.08.2021 04:51:51.799,3.9093500000000003,3.9062800000000006,1,1.5
11.08.2021 04:52:00.258,3.9092800000000003,3.9062900000000003,1,1.5
11.08.2021 04:52:16.994,3.9092800000000003,3.9062800000000006,1,1
11.08.2021 04:52:24.506,3.90927,3.9062800000000006,1,1.5
11.08.2021 04:52:55.994,3.9092800000000003,3.9062800000000006,1,1
11.08.2021 04:53:57.764,3.9095400000000002,3.90611,1,1.5
11.08.2021 04:54:56.176,3.9097000000000004,3.9061000000000003,1.5,1.5
11.08.2021 04:54:56.397,3.90939,3.9062900000000003,1,1.5
11.08.2021 04:55:01.642,3.90945,3.9063800000000004,1,1.5
11.08.2021 04:55:01.793,3.9095800000000005,3.9064800000000006,1,1
11.08.2021 04:55:03.096,3.90957,3.9064900000000002,1,1.5
11.08.2021 04:57:12.132,3.9096,3.9064800000000006,1,1.5
11.08.2021 04:57:12.335,3.9096,3.9064800000000006,1,1.5
11.08.2021 04:57:37.480,3.9097300000000006,3.9065800000000004,1,1.5
11.08.2021 04:57:52.985,3.90972,3.9065900000000005,1,1.5
11.08.2021 04:57:53.188,3.90962,3.9065800000000004,1,1.5
11.08.2021 04:58:13.634,3.90956,3.9064800000000006,1,1.5
11.08.2021 04:58:13.829,3.90957,3.9064900000000002,1,1.5
11.08.2021 04:58:51.364,3.90959,3.9064800000000006,1,1.5
11.08.2021 04:58:51.570,3.90959,3.9064800000000006,1,1.5
11.08.2021 04:59:33.247,3.90947,3.90646,1,1.5
11.08.2021 04:59:33.348,3.90946,3.9063000000000003,1,1
11.08.2021 04:59:41.495,3.90945,3.90626,1,1.5
11.08.2021 05:00:00.827,3.9093199999999997,3.9063800000000004,1,1
11.08.2021 05:00:01.094,3.9093800000000005,3.9063800000000004,1,1.5
11.08.2021 05:00:26.826,3.9094900000000004,3.90635,1,1.5
11.08.2021 05:00:26.879,3.9094900000000004,3.90635,1,1.5
11.08.2021 05:00:28.872,3.90947,3.90634,1,1.5
11.08.2021 05:00:32.114,3.9094900000000004,3.90634,1,1.5
11.08.2021 05:00:35.732,3.9095800000000005,3.9063800000000004,1,2
11.08.2021 05:00:36.354,3.9095500000000003,3.9063900000000005,1,2
11.08.2021 05:00:37.544,3.90959,3.9064800000000006,1,1.5
11.08.2021 05:01:02.884,3.90956,3.9064800000000006,1,1.5
11.08.2021 05:01:03.290,3.90941,3.9063900000000005,1,1.5
11.08.2021 05:01:18.389,3.90945,3.9063800000000004,1,1.5
11.08.2021 05:01:21.714,3.90946,3.9063800000000004,1,1.5
11.08.2021 05:01:27.744,3.90947,3.9063800000000004,1,1.5
11.08.2021 05:01:32.067,3.90945,3.9063800000000004,1,1.5
11.08.2021 05:03:18.324,3.9094300000000004,3.9062800000000006,1,1.5
11.08.2021 05:03:18.545,3.9095500000000003,3.9063900000000005,1,2
11.08.2021 05:03:37.031,3.9095800000000005,3.9063800000000004,1,2
11.08.2021 05:03:37.233,3.9095800000000005,3.9063800000000004,1,2
11.08.2021 05:03:39.830,3.9095800000000005,3.9063800000000004,1,2
11.08.2021 05:03:40.060,3.90946,3.9063800000000004,1,2
11.08.2021 05:05:08.806,3.9094300000000004,3.9063800000000004,1,2
11.08.2021 05:05:29.619,3.9094300000000004,3.9063800000000004,1,2
11.08.2021 05:05:33.603,3.9095,3.9063800000000004,1,2
11.08.2021 05:05:34.303,3.9095,3.9063800000000004,1,2
11.08.2021 05:05:34.507,3.9095,3.9063800000000004,1,2
11.08.2021 05:05:50.886,3.9095,3.9063800000000004,1,2
11.08.2021 05:05:51.175,3.90946,3.9063900000000005,1,2
11.08.2021 05:05:51.866,3.90946,3.9063800000000004,1,2
11.08.2021 05:05:57.279,3.90952,3.9063800000000004,1,2
11.08.2021 05:06:04.302,3.9094800000000003,3.9063800000000004,1,2
11.08.2021 05:06:06.059,3.9094300000000004,3.9063900000000005,1,2
11.08.2021 05:06:11.477,3.90937,3.9062800000000006,1,2
11.08.2021 05:06:14.533,3.9093800000000005,3.9062900000000003,1,2
11.08.2021 05:07:41.082,3.9093500000000003,3.9062800000000006,1,2
11.08.2021 05:07:50.122,3.90936,3.9062800000000006,1,2
11.08.2021 05:08:02.370,3.90926,3.9062800000000006,1,1.5
11.08.2021 05:08:02.425,3.90925,3.9062900000000003,1,1
11.08.2021 05:08:08.038,3.90927,3.9062900000000003,1,1.5
11.08.2021 05:09:03.042,3.90927,3.9062900000000003,1,1
11.08.2021 05:09:03.252,3.90941,3.9062800000000006,1,1.5
11.08.2021 05:10:29.540,3.9092900000000004,3.9062800000000006,1,1.5
11.08.2021 05:10:33.911,3.9093800000000005,3.9062800000000006,1,1.5
11.08.2021 05:10:40.364,3.9093500000000003,3.9062800000000006,1,1.5
11.08.2021 05:10:42.129,3.9093800000000005,3.9062800000000006,1,1.5
11.08.2021 05:10:49.145,3.9093800000000005,3.9062800000000006,1,1.5
11.08.2021 05:11:22.091,3.9094,3.9062800000000006,1,2
11.08.2021 05:11:23.114,3.90941,3.9062900000000003,1,2
11.08.2021 05:11:23.317,3.90942,3.9062800000000006,1,2
11.08.2021 05:11:38.518,3.9092900000000004,3.9062900000000003,1,2
11.08.2021 05:12:42.304,3.9093300000000006,3.9061900000000005,1,1.5
11.08.2021 05:12:42.883,3.90936,3.9061800000000004,1,1.5
11.08.2021 05:13:20.431,3.9093300000000006,3.9062800000000006,1,2
11.08.2021 05:13:24.668,3.9094,3.9062800000000006,1,2
11.08.2021 05:13:48.752,3.9092900000000004,3.9062800000000006,1,1.5
11.08.2021 05:14:22.998,3.90927,3.90614,1,1.5
11.08.2021 05:14:24.848,3.90925,3.90614,1,1.5
11.08.2021 05:14:25.064,3.90911,3.9060800000000007,1,1.5
11.08.2021 05:14:47.131,3.90911,3.9060800000000007,1,1.5
11.08.2021 05:14:49.469,3.9091400000000003,3.9060800000000007,1,1.5
11.08.2021 05:15:01.596,3.9090900000000004,3.9060900000000003,1,1
11.08.2021 05:15:05.813,3.9091,3.9060800000000007,1,1.5
11.08.2021 05:15:10.051,3.90907,3.9059800000000005,1,2
11.08.2021 05:15:24.406,3.90911,3.9059800000000005,1,2
11.08.2021 05:15:47.855,3.9091800000000005,3.9059900000000005,1,2
11.08.2021 05:15:51.932,3.9092400000000005,3.9060800000000007,1,1.5
11.08.2021 05:15:56.799,3.90926,3.9060800000000007,1,1.5
11.08.2021 05:15:56.954,3.90926,3.9060800000000007,1,1.5
11.08.2021 05:16:50.236,3.9092400000000005,3.90611,1,1.5
11.08.2021 05:17:01.731,3.90926,3.90612,1,1.5
11.08.2021 05:17:11.948,3.90925,3.90612,1,1.5
11.08.2021 05:17:12.107,3.9092000000000002,3.90611,1,1.5
11.08.2021 05:17:14.496,3.9091800000000005,3.90611,1,1.5
11.08.2021 05:17:20.284,3.9091300000000007,3.90612,1,1.5
11.08.2021 05:18:21.797,3.90906,3.90601,1,1.5
11.08.2021 05:18:24.576,3.90906,3.90601,1,1.5
11.08.2021 05:18:29.969,3.90906,3.90602,1,1.5
11.08.2021 05:18:48.812,3.90906,3.90602,1,1.5
11.08.2021 05:19:16.514,3.9092900000000004,3.90601,1.5,1
11.08.2021 05:19:55.847,3.9092800000000003,3.9059500000000003,1.5,1
11.08.2021 05:19:56.050,3.9092900000000004,3.90594,1.5,1
11.08.2021 05:19:57.309,3.9092800000000003,3.9059500000000003,1.5,1
11.08.2021 05:19:57.513,3.9092900000000004,3.90594,1.5,1
11.08.2021 05:20:00.698,3.90919,3.90591,1.5,1
11.08.2021 05:20:26.140,3.90919,3.9058100000000002,1.5,1
11.08.2021 05:20:52.852,3.9091199999999997,3.9058100000000002,1,1
11.08.2021 05:20:53.685,3.9090800000000003,3.9057500000000003,1.5,1
11.08.2021 05:21:01.628,3.9090900000000004,3.9058100000000002,1.5,1
11.08.2021 05:21:01.787,3.9090800000000003,3.90582,1.5,1
11.08.2021 05:21:02.636,3.90919,3.90574,1.5,1
11.08.2021 05:21:08.147,3.90919,3.90574,1.5,1
11.08.2021 05:21:13.093,3.9090900000000004,3.90574,1.5,1
11.08.2021 05:21:13.585,3.9089800000000006,3.9057500000000003,1.5,1
11.08.2021 05:21:29.145,3.9090900000000004,3.9058699999999997,1.5,1
11.08.2021 05:21:29.195,3.9090800000000003,3.9058800000000007,1.5,1
11.08.2021 05:21:53.338,3.90919,3.9058699999999997,1.5,1
11.08.2021 05:21:57.498,3.9090900000000004,3.90574,1.5,1
11.08.2021 05:22:37.505,3.9090900000000004,3.90574,1.5,1
11.08.2021 05:22:44.283,3.9090400000000005,3.9056,1,1
11.08.2021 05:22:44.455,3.9089800000000006,3.9056100000000002,1.5,1
11.08.2021 05:22:46.080,3.90899,3.9056,1.5,1
