Gmt time,Ask,Bid,AskVolume,BidVolume
16.08.2021 00:00:00.425,3.87161,3.86919,1,1
16.08.2021 00:00:00.506,3.87162,3.86899,1,1
16.08.2021 00:00:00.627,3.87161,3.86919,1,1
16.08.2021 00:00:01.034,3.87162,3.86899,1,1
16.08.2021 00:00:01.259,3.87161,3.86919,1,1
16.08.2021 00:00:02.355,3.87161,3.869,1,1
16.08.2021 00:00:02.456,3.87162,3.8689800000000005,1,1
16.08.2021 00:00:02.507,3.8714800000000005,3.8687199999999997,1,1
16.08.2021 00:00:02.557,3.87147,3.8688900000000004,1,1
16.08.2021 00:00:02.608,3.8714800000000005,3.8687199999999997,1,1
16.08.2021 00:00:02.708,3.87147,3.86867,1,1
16.08.2021 00:00:02.759,3.87132,3.86861,1,1
16.08.2021 00:00:03.060,3.87132,3.8686800000000003,1,1
16.08.2021 00:00:03.110,3.87132,3.86861,1,1
16.08.2021 00:00:03.712,3.8711800000000003,3.86862,1,1
16.08.2021 00:00:20.963,3.8711800000000003,3.86879,1,1
16.08.2021 00:00:21.085,3.8711900000000004,3.86861,1,1
16.08.2021 00:00:24.937,3.8711800000000003,3.86862,1,1.5
16.08.2021 00:00:29.975,3.8711900000000004,3.8687800000000006,1,1.5
16.08.2021 00:00:30.190,3.8711900000000004,3.8687800000000006,1,1.5
16.08.2021 00:00:30.243,3.8711900000000004,3.8687800000000006,1,1.5
16.08.2021 00:00:33.065,3.8711800000000003,3.86859,1,1.5
16.08.2021 00:00:37.491,3.8711900000000004,3.8686800000000003,1,1.5
16.08.2021 00:00:51.119,3.8711900000000004,3.8686800000000003,1,1.5
16.08.2021 00:01:12.793,3.8710199999999997,3.8685800000000006,1,1.5
16.08.2021 00:01:12.965,3.8710199999999997,3.8685800000000006,1,1.5
16.08.2021 00:01:15.083,3.8710199999999997,3.8684800000000004,1,1.5
16.08.2021 00:01:15.346,3.8708800000000005,3.8684900000000004,1,1.5
16.08.2021 00:01:51.045,3.87089,3.8684800000000004,1,1.5
16.08.2021 00:01:51.095,3.8710199999999997,3.8684800000000004,1,1.5
16.08.2021 00:01:51.247,3.87101,3.8684900000000004,1,1.5
16.08.2021 00:01:59.064,3.87101,3.8686900000000004,1,1.5
16.08.2021 00:01:59.114,3.8711800000000003,3.8686800000000003,1,1.5
16.08.2021 00:02:00.892,3.87132,3.8687800000000006,1,1.5
16.08.2021 00:02:01.157,3.87132,3.8687800000000006,1,1.5
16.08.2021 00:02:07.228,3.8713100000000003,3.86879,1,1.5
16.08.2021 00:02:08.480,3.87132,3.8687800000000006,1,1.5
16.08.2021 00:02:11.578,3.87132,3.8688800000000003,1,1.5
16.08.2021 00:02:15.718,3.87132,3.8689800000000005,1,1.5
16.08.2021 00:02:18.394,3.87135,3.8688800000000003,1,1.5
16.08.2021 00:02:18.524,3.87135,3.8688800000000003,1,1.5
16.08.2021 00:02:18.748,3.8713400000000004,3.8688900000000004,1,1.5
16.08.2021 00:02:21.267,3.87135,3.8688800000000003,1,1.5
16.08.2021 00:02:26.585,3.8711900000000004,3.8689800000000005,1,1.5
16.08.2021 00:02:31.764,3.8713100000000003,3.8689800000000005,1,1.5
16.08.2021 00:02:38.200,3.87147,3.8689800000000005,1,1.5
16.08.2021 00:02:38.440,3.87147,3.8689800000000005,1,1.5
16.08.2021 00:02:56.449,3.87147,3.86899,1,1.5
16.08.2021 00:03:00.083,3.87136,3.869,1,1.5
16.08.2021 00:03:08.269,3.8714300000000006,3.86899,1,1.5
16.08.2021 00:03:12.774,3.8714300000000006,3.86899,1,1.5
16.08.2021 00:03:15.862,3.8713699999999998,3.8687800000000006,1,1.5
16.08.2021 00:03:15.963,3.8712400000000002,3.8687800000000006,1,1.5
16.08.2021 00:03:16.013,3.8712400000000002,3.8687800000000006,1,1.5
16.08.2021 00:03:21.032,3.8712400000000002,3.8687800000000006,1,1.5
16.08.2021 00:03:21.586,3.87141,3.8687800000000006,1,1.5
16.08.2021 00:03:33.328,3.8713100000000003,3.8689800000000005,1,1.5
16.08.2021 00:03:41.230,3.87111,3.8689800000000005,1,1.5
16.08.2021 00:03:41.330,3.87111,3.8688800000000003,1,1.5
16.08.2021 00:03:41.517,3.87111,3.8687800000000006,1,1.5
16.08.2021 00:03:42.152,3.8709800000000003,3.8687800000000006,1,1.5
16.08.2021 00:03:42.279,3.8709800000000003,3.8686800000000003,1,1.5
16.08.2021 00:03:58.869,3.8708500000000003,3.8685800000000006,1,1.5
16.08.2021 00:03:58.973,3.8710300000000006,3.8685800000000006,1,1.5
16.08.2021 00:03:59.024,3.8710300000000006,3.8684800000000004,1,1.5
16.08.2021 00:03:59.089,3.8709400000000005,3.8684900000000004,1,1.5
16.08.2021 00:03:59.244,3.87095,3.8684800000000004,1,1.5
16.08.2021 00:03:59.295,3.8710199999999997,3.8684900000000004,1,1.5
16.08.2021 00:03:59.345,3.87095,3.8684800000000004,1,1.5
16.08.2021 00:03:59.446,3.8709400000000005,3.8684900000000004,1,1.5
16.08.2021 00:03:59.647,3.87095,3.8684800000000004,1,1.5
16.08.2021 00:04:02.815,3.8707900000000004,3.8684800000000004,1,1.5
16.08.2021 00:04:03.007,3.8707800000000003,3.86839,1,1.5
16.08.2021 00:04:03.057,3.87067,3.86839,1,1.5
16.08.2021 00:04:03.107,3.87067,3.8682900000000005,1,1.5
16.08.2021 00:04:03.657,3.8706800000000006,3.8681800000000006,1,1.5
16.08.2021 00:04:03.708,3.87052,3.8681800000000006,1,1.5
16.08.2021 00:04:05.349,3.87052,3.8681800000000006,1,1.5
16.08.2021 00:04:05.857,3.87051,3.8681900000000002,1,1.5
16.08.2021 00:04:06.253,3.87052,3.8681800000000006,1,1.5
16.08.2021 00:04:07.980,3.8706500000000004,3.8682800000000004,1,1.5
16.08.2021 00:04:08.033,3.8706500000000004,3.8682800000000004,1,1.5
16.08.2021 00:04:47.703,3.8706500000000004,3.8683800000000006,1,1.5
16.08.2021 00:04:50.115,3.8706400000000003,3.86839,1,1.5
16.08.2021 00:04:57.704,3.87049,3.86839,1,1.5
16.08.2021 00:04:58.922,3.87057,3.86839,1,1.5
16.08.2021 00:05:01.156,3.8705000000000003,3.8683800000000006,1,1.5
16.08.2021 00:05:01.258,3.8706300000000007,3.8683800000000006,1,1.5
16.08.2021 00:05:01.669,3.8706800000000006,3.86839,1,1.5
16.08.2021 00:05:06.491,3.8707900000000004,3.8683800000000006,1,1.5
16.08.2021 00:05:08.105,3.8707800000000003,3.86839,1,1.5
16.08.2021 00:05:08.156,3.87095,3.8686800000000003,1,1.5
16.08.2021 00:05:08.268,3.87112,3.8686800000000003,1,1.5
16.08.2021 00:05:08.424,3.8710500000000003,3.8686800000000003,1,1.5
16.08.2021 00:05:09.101,3.8710500000000003,3.8686800000000003,1,1.5
16.08.2021 00:05:09.245,3.8710500000000003,3.8686800000000003,1,1.5
16.08.2021 00:05:12.740,3.8710500000000003,3.8686800000000003,1,1.5
16.08.2021 00:05:12.863,3.87112,3.8686800000000003,1,1.5
16.08.2021 00:05:17.488,3.87112,3.8686800000000003,1,1.5
16.08.2021 00:05:17.563,3.87111,3.8686900000000004,1,1.5
16.08.2021 00:05:22.154,3.87096,3.8686800000000003,1,1.5
16.08.2021 00:05:22.342,3.8710400000000003,3.8686800000000003,1,1.5
16.08.2021 00:05:36.033,3.8710400000000003,3.8686800000000003,1,1.5
16.08.2021 00:05:36.084,3.8710400000000003,3.8686800000000003,1,1.5
16.08.2021 00:05:36.226,3.8708800000000005,3.8686800000000003,1,1.5
16.08.2021 00:05:36.276,3.8708800000000005,3.8686900000000004,1,1.5
16.08.2021 00:05:50.916,3.8709300000000004,3.86862,1,1.5
16.08.2021 00:05:53.132,3.8710500000000003,3.8686800000000003,1,1.5
16.08.2021 00:06:12.289,3.87091,3.8686800000000003,1,1.5
16.08.2021 00:06:13.203,3.8709900000000004,3.8686800000000003,1,1.5
16.08.2021 00:06:13.375,3.87091,3.8686800000000003,1,1.5
16.08.2021 00:06:21.347,3.87087,3.8685800000000006,1,1.5
16.08.2021 00:06:21.397,3.8709300000000004,3.8686900000000004,1,1.5
16.08.2021 00:06:26.839,3.87107,3.8686800000000003,1,1.5
16.08.2021 00:06:35.088,3.87107,3.8686800000000003,1,1.5
16.08.2021 00:06:37.261,3.8710400000000003,3.8686800000000003,1,1.5
16.08.2021 00:06:37.369,3.8710300000000006,3.8684900000000004,1,1.5
16.08.2021 00:06:37.544,3.871,3.8684800000000004,1,1.5
16.08.2021 00:06:38.526,3.871,3.8686800000000003,1,1.5
16.08.2021 00:06:39.339,3.871,3.8686800000000003,1,1.5
16.08.2021 00:06:41.796,3.871,3.8686800000000003,1,1.5
16.08.2021 00:06:46.853,3.871,3.8686800000000003,1,1.5
16.08.2021 00:06:58.293,3.8711300000000004,3.8686900000000004,1,1.5
16.08.2021 00:07:00.294,3.8712500000000003,3.8688900000000004,1,1.5
16.08.2021 00:07:00.345,3.8712500000000003,3.8690900000000004,1,1.5
16.08.2021 00:07:00.730,3.8712500000000003,3.8690900000000004,1,1.5
16.08.2021 00:07:00.927,3.8713900000000003,3.8690900000000004,1,1.5
16.08.2021 00:07:02.034,3.8713900000000003,3.8690900000000004,1,1.5
16.08.2021 00:07:07.258,3.8713900000000003,3.8690900000000004,1,1.5
16.08.2021 00:07:07.308,3.87156,3.8693800000000005,1,1.5
16.08.2021 00:07:13.971,3.87155,3.8692900000000003,1,1.5
16.08.2021 00:07:31.308,3.8714900000000005,3.8690800000000003,1,1.5
16.08.2021 00:07:31.639,3.87155,3.8690900000000004,1,1.5
16.08.2021 00:07:33.270,3.87156,3.8690800000000003,1,1.5
16.08.2021 00:07:33.567,3.87156,3.8692800000000003,1,1.5
16.08.2021 00:07:37.779,3.87155,3.8692900000000003,1,1.5
16.08.2021 00:07:52.637,3.87155,3.86919,1,1.5
16.08.2021 00:08:03.843,3.8714900000000005,3.8691800000000005,1,1.5
16.08.2021 00:08:04.362,3.87156,3.8691800000000005,1,1.5
16.08.2021 00:08:09.173,3.87156,3.8692800000000003,1,1.5
16.08.2021 00:08:09.375,3.87156,3.8692800000000003,1,1.5
16.08.2021 00:08:41.125,3.8717300000000003,3.8692800000000003,1,1.5
16.08.2021 00:09:05.425,3.8717300000000003,3.86937,1,1.5
16.08.2021 00:09:05.591,3.8717300000000003,3.86937,1,1.5
16.08.2021 00:09:06.313,3.87172,3.8693900000000006,1,1.5
16.08.2021 00:09:07.532,3.8717300000000003,3.8693800000000005,1,1.5
16.08.2021 00:09:08.353,3.87167,3.8693800000000005,1,1.5
16.08.2021 00:09:09.403,3.87167,3.8693800000000005,1,1.5
16.08.2021 00:10:08.949,3.87167,3.8693800000000005,1,1.5
16.08.2021 00:10:22.321,3.8715400000000004,3.8692800000000003,1,1.5
16.08.2021 00:10:22.400,3.8715400000000004,3.8692800000000003,1,1.5
16.08.2021 00:10:53.326,3.8715400000000004,3.8692800000000003,1,1.5
16.08.2021 00:10:59.619,3.8715400000000004,3.8692800000000003,1,1.5
16.08.2021 00:11:00.239,3.8715400000000004,3.8691800000000005,1,1.5
16.08.2021 00:11:00.289,3.87136,3.86919,1,1.5
16.08.2021 00:11:06.376,3.8713699999999998,3.8690800000000003,1,1.5
16.08.2021 00:11:06.470,3.8712300000000006,3.8690900000000004,1,1.5
16.08.2021 00:11:08.360,3.8712300000000006,3.869,1,1.5
16.08.2021 00:11:11.485,3.8712300000000006,3.869,1,1.5
16.08.2021 00:11:11.681,3.8712400000000002,3.86899,1,1.5
16.08.2021 00:11:15.495,3.8713699999999998,3.86899,1,1.5
16.08.2021 00:11:33.952,3.87147,3.8692800000000003,1,1.5
16.08.2021 00:11:34.025,3.87147,3.8692800000000003,1,1.5
16.08.2021 00:12:02.336,3.8715699999999997,3.86937,1,1.5
16.08.2021 00:12:02.386,3.8715699999999997,3.8693800000000005,1,1.5
16.08.2021 00:12:03.892,3.8717300000000003,3.8693800000000005,1,1.5
16.08.2021 00:12:03.993,3.8717300000000003,3.8695800000000005,1,1.5
16.08.2021 00:12:18.727,3.87172,3.8695900000000005,1,1.5
16.08.2021 00:12:26.012,3.8717300000000003,3.8693800000000005,1,1.5
16.08.2021 00:12:34.429,3.8716300000000006,3.8693800000000005,1,1.5
16.08.2021 00:12:45.496,3.87162,3.8693900000000006,1,1.5
16.08.2021 00:12:45.948,3.87162,3.8693900000000006,1,1.5
16.08.2021 00:12:46.049,3.87171,3.8694900000000003,1,1.5
16.08.2021 00:12:49.136,3.87172,3.8694800000000007,1,1.5
16.08.2021 00:12:49.394,3.87172,3.8694800000000007,1,1.5
16.08.2021 00:12:49.595,3.87171,3.8694900000000003,1,1.5
16.08.2021 00:12:52.501,3.8715900000000003,3.8693800000000005,1,1.5
16.08.2021 00:12:52.582,3.8715900000000003,3.8693800000000005,1,1.5
16.08.2021 00:12:52.768,3.8715900000000003,3.8693800000000005,1,1.5
16.08.2021 00:12:53.163,3.8715900000000003,3.8693800000000005,1,1.5
16.08.2021 00:13:02.090,3.8715800000000007,3.8693900000000006,1,1.5
16.08.2021 00:13:35.234,3.8717800000000007,3.8696800000000007,1,1.5
16.08.2021 00:13:45.938,3.8717699999999997,3.8696900000000003,1,1
16.08.2021 00:13:45.991,3.8719900000000003,3.8696800000000007,1,1
16.08.2021 00:13:46.041,3.8718300000000005,3.8694900000000003,1,1.5
16.08.2021 00:13:47.150,3.87184,3.8694800000000007,1,1.5
16.08.2021 00:13:48.233,3.8717400000000004,3.8695900000000005,1,1.5
16.08.2021 00:13:49.562,3.8717400000000004,3.8694900000000003,1,1.5
16.08.2021 00:13:49.720,3.87175,3.8694800000000007,1,1.5
16.08.2021 00:13:54.427,3.8718800000000004,3.8694800000000007,1,1.5
16.08.2021 00:13:54.478,3.8718800000000004,3.8694800000000007,1,1.5
16.08.2021 00:13:58.617,3.8718800000000004,3.8694800000000007,1,1.5
16.08.2021 00:13:58.667,3.8717800000000007,3.8694800000000007,1,1.5
16.08.2021 00:14:02.252,3.8717699999999997,3.8694900000000003,1,1.5
16.08.2021 00:14:03.282,3.8717800000000007,3.8694800000000007,1,1.5
16.08.2021 00:14:09.766,3.8717699999999997,3.8694900000000003,1,1.5
16.08.2021 00:14:10.006,3.87162,3.8693800000000005,1,1.5
16.08.2021 00:14:10.146,3.87161,3.8693900000000006,1,1.5
16.08.2021 00:14:15.527,3.87162,3.8693800000000005,1,1.5
16.08.2021 00:14:33.498,3.8717800000000007,3.8694800000000007,1,1.5
16.08.2021 00:14:33.653,3.8717800000000007,3.8694800000000007,1,1.5
16.08.2021 00:14:45.632,3.8717800000000007,3.8694800000000007,1,1.5
16.08.2021 00:15:00.268,3.8717800000000007,3.8694800000000007,1,1.5
16.08.2021 00:15:00.318,3.87162,3.8693800000000005,1,1.5
16.08.2021 00:15:02.354,3.8715100000000002,3.8692900000000003,1,1.5
16.08.2021 00:15:02.405,3.87152,3.8692800000000003,1,1.5
16.08.2021 00:15:03.595,3.8715100000000002,3.86919,1,1.5
16.08.2021 00:15:03.823,3.87152,3.8691800000000005,1,1.5
16.08.2021 00:15:04.101,3.87152,3.8691800000000005,1,1.5
16.08.2021 00:15:05.052,3.8713900000000003,3.8691800000000005,1,1.5
16.08.2021 00:15:06.251,3.8713900000000003,3.86899,1,1.5
16.08.2021 00:15:11.006,3.87152,3.86899,1,1.5
16.08.2021 00:15:11.092,3.87152,3.86899,1,1.5
16.08.2021 00:15:13.154,3.87144,3.8689800000000005,1,1.5
16.08.2021 00:15:23.933,3.87156,3.8690900000000004,1,1
16.08.2021 00:15:24.102,3.8715699999999997,3.8690800000000003,1,1.5
16.08.2021 00:15:24.314,3.8715699999999997,3.8692800000000003,1,1
16.08.2021 00:15:24.959,3.8717300000000003,3.8692800000000003,1,1.5
16.08.2021 00:15:25.348,3.87172,3.8692900000000003,1,1.5
16.08.2021 00:15:32.130,3.8717300000000003,3.8692800000000003,1,1.5
16.08.2021 00:15:34.356,3.87181,3.8693800000000005,1,1.5
16.08.2021 00:15:39.582,3.8719300000000003,3.8696800000000007,1,1
16.08.2021 00:15:39.638,3.8719300000000003,3.8696800000000007,1,1.5
16.08.2021 00:15:48.984,3.8719300000000003,3.8696800000000007,1,1
16.08.2021 00:15:49.049,3.8719300000000003,3.8694800000000007,1,1.5
16.08.2021 00:15:51.383,3.87176,3.8694900000000003,1,1.5
16.08.2021 00:15:57.009,3.87204,3.8694800000000007,1,1.5
16.08.2021 00:16:00.393,3.8719,3.8693800000000005,1,1.5
16.08.2021 00:16:00.465,3.8719,3.8693800000000005,1,1.5
16.08.2021 00:16:00.731,3.8719,3.8693800000000005,1,1.5
16.08.2021 00:16:06.616,3.8720000000000003,3.8694800000000007,1,1.5
16.08.2021 00:16:06.667,3.8718500000000002,3.8694800000000007,1,1.5
16.08.2021 00:16:13.756,3.87184,3.8694900000000003,1,1.5
16.08.2021 00:16:14.415,3.8718500000000002,3.8696800000000007,1,1
16.08.2021 00:16:14.615,3.8718500000000002,3.8696800000000007,1,1.5
16.08.2021 00:16:14.817,3.8718500000000002,3.8695800000000005,1,1.5
16.08.2021 00:16:16.056,3.8718500000000002,3.8695800000000005,1,1
16.08.2021 00:16:16.107,3.8718500000000002,3.8694800000000007,1,1
16.08.2021 00:16:16.257,3.8718500000000002,3.8694800000000007,1,1.5
16.08.2021 00:16:17.828,3.8718500000000002,3.8694800000000007,1,1.5
16.08.2021 00:16:18.505,3.87184,3.8694900000000003,1,1.5
16.08.2021 00:16:22.887,3.8717900000000003,3.8694800000000007,1,1.5
16.08.2021 00:16:23.033,3.8717900000000003,3.8693800000000005,1,1.5
16.08.2021 00:16:25.276,3.8717900000000003,3.8692800000000003,1,1.5
16.08.2021 00:16:25.996,3.8716900000000005,3.8692800000000003,1,1.5
16.08.2021 00:16:26.243,3.8716900000000005,3.8692800000000003,1,1.5
16.08.2021 00:16:27.627,3.8716800000000005,3.8692900000000003,1,1.5
16.08.2021 00:16:28.584,3.87155,3.8691800000000005,1,1.5
16.08.2021 00:16:28.753,3.87155,3.8691800000000005,1,1.5
16.08.2021 00:16:33.121,3.87146,3.8690800000000003,1,1.5
16.08.2021 00:16:33.304,3.87146,3.86899,1,1.5
16.08.2021 00:16:35.251,3.8714500000000003,3.869,1,1.5
16.08.2021 00:16:42.251,3.87132,3.8688900000000004,1,1.5
16.08.2021 00:16:51.268,3.8713300000000004,3.86899,1,1.5
16.08.2021 00:16:54.279,3.8714300000000006,3.86899,1,1.5
16.08.2021 00:17:07.639,3.8714300000000006,3.86899,1,1.5
16.08.2021 00:17:07.851,3.8714300000000006,3.8688800000000003,1,1.5
16.08.2021 00:17:14.277,3.8713800000000003,3.8688900000000004,1,1.5
16.08.2021 00:17:14.384,3.8713900000000003,3.8688800000000003,1,1.5
16.08.2021 00:17:21.890,3.87126,3.8688800000000003,1,1.5
16.08.2021 00:17:49.779,3.87132,3.8688900000000004,1,1.5
16.08.2021 00:17:49.909,3.8713300000000004,3.86899,1,1.5
16.08.2021 00:18:06.532,3.87144,3.8690900000000004,1,1.5
16.08.2021 00:18:06.699,3.8714500000000003,3.8690800000000003,1,1.5
16.08.2021 00:18:11.130,3.8715900000000003,3.8690800000000003,1,1.5
16.08.2021 00:18:27.066,3.8715900000000003,3.8691800000000005,1,1.5
16.08.2021 00:18:31.545,3.8715900000000003,3.8692800000000003,1,1.5
16.08.2021 00:18:41.350,3.8715900000000003,3.8691800000000005,1,1.5
16.08.2021 00:18:41.400,3.8714500000000003,3.869,1,1.5
16.08.2021 00:18:41.543,3.87146,3.86899,1,1.5
16.08.2021 00:18:42.289,3.8713300000000004,3.86899,1,1.5
16.08.2021 00:18:42.407,3.8713300000000004,3.86899,1,1.5
16.08.2021 00:19:06.846,3.8712300000000006,3.8687800000000006,1,1.5
16.08.2021 00:19:07.043,3.87122,3.8686900000000004,1,1.5
16.08.2021 00:19:07.679,3.87122,3.8686900000000004,1,1.5
16.08.2021 00:19:09.004,3.8712300000000006,3.8686800000000003,1,1.5
16.08.2021 00:19:42.473,3.87106,3.8686800000000003,1,1.5
16.08.2021 00:19:43.871,3.87106,3.8686800000000003,1,1.5
16.08.2021 00:19:45.026,3.87092,3.86862,1,1.5
16.08.2021 00:19:54.268,3.8709300000000004,3.86861,1,1.5
16.08.2021 00:19:57.453,3.8709300000000004,3.8685800000000006,1,1.5
16.08.2021 00:19:58.803,3.8709300000000004,3.8685800000000006,1,1.5
16.08.2021 00:20:06.475,3.8709300000000004,3.86861,1,1.5
16.08.2021 00:20:06.526,3.8709900000000004,3.86862,1,1.5
16.08.2021 00:20:06.674,3.871,3.86861,1,1.5
16.08.2021 00:20:09.972,3.871,3.8688800000000003,1,1.5
16.08.2021 00:20:10.190,3.87109,3.8688900000000004,1,1.5
16.08.2021 00:21:21.346,3.8711,3.8687800000000006,1,1.5
16.08.2021 00:21:28.614,3.8711,3.8687800000000006,1,1.5
16.08.2021 00:21:40.047,3.8712300000000006,3.8689800000000005,1,1.5
16.08.2021 00:21:40.190,3.87122,3.86899,1,1.5
16.08.2021 00:21:41.217,3.8712300000000006,3.8689800000000005,1,1.5
16.08.2021 00:21:46.241,3.87144,3.8689800000000005,1,1.5
16.08.2021 00:21:53.302,3.87144,3.8689800000000005,1,1.5
16.08.2021 00:22:07.698,3.8714300000000006,3.86899,1,1.5
16.08.2021 00:22:46.588,3.8714300000000006,3.8688900000000004,1,1.5
16.08.2021 00:22:47.262,3.87129,3.86899,1,1.5
16.08.2021 00:23:04.628,3.8715300000000004,3.8688800000000003,1,1.5
16.08.2021 00:23:06.886,3.8713100000000003,3.8688800000000003,1,1.5
16.08.2021 00:23:07.267,3.8713,3.86899,1,1.5
16.08.2021 00:23:12.382,3.8713100000000003,3.8689800000000005,1,1.5
16.08.2021 00:23:16.522,3.8713,3.8688900000000004,1,1.5
16.08.2021 00:23:17.718,3.8713,3.8688900000000004,1,1.5
16.08.2021 00:23:22.501,3.8713100000000003,3.8688800000000003,1,1.5
16.08.2021 00:23:44.658,3.8713100000000003,3.8687800000000006,1,1.5
16.08.2021 00:23:55.538,3.8713100000000003,3.8687800000000006,1,1.5
16.08.2021 00:24:05.251,3.8713,3.86879,1,1.5
16.08.2021 00:24:05.471,3.8713100000000003,3.8687800000000006,1,1.5
16.08.2021 00:24:13.619,3.8713100000000003,3.8687800000000006,1,1.5
16.08.2021 00:24:21.359,3.8713100000000003,3.8687800000000006,1,1.5
16.08.2021 00:24:29.866,3.8713100000000003,3.8687800000000006,1,1.5
16.08.2021 00:25:03.573,3.8713100000000003,3.8687800000000006,1,1.5
16.08.2021 00:25:03.727,3.8714300000000006,3.869,1,1.5
16.08.2021 00:25:03.783,3.87144,3.86899,1,1.5
16.08.2021 00:25:35.817,3.87144,3.8693800000000005,1,1
16.08.2021 00:25:36.498,3.8714300000000006,3.86919,1,1.5
16.08.2021 00:25:58.555,3.87144,3.8689800000000005,1,1.5
16.08.2021 00:26:03.771,3.87144,3.86899,1,1.5
16.08.2021 00:26:13.051,3.87122,3.8689800000000005,1,1.5
16.08.2021 00:26:17.478,3.8712500000000003,3.86899,1,1.5
16.08.2021 00:26:24.913,3.87126,3.86899,1,1.5
16.08.2021 00:26:25.073,3.8712500000000003,3.869,1,1.5
16.08.2021 00:26:27.152,3.87126,3.86899,1,1.5
16.08.2021 00:26:31.358,3.87126,3.86899,1,1.5
16.08.2021 00:26:32.269,3.87126,3.8690800000000003,1,1.5
16.08.2021 00:26:58.937,3.87126,3.8690800000000003,1,1.5
16.08.2021 00:26:59.420,3.87126,3.86899,1,1.5
16.08.2021 00:26:59.666,3.87126,3.86899,1,1.5
16.08.2021 00:27:26.934,3.87126,3.8689800000000005,1,1.5
16.08.2021 00:27:27.589,3.8712500000000003,3.86899,1,1.5
16.08.2021 00:27:27.913,3.8711900000000004,3.8688800000000003,1,1.5
16.08.2021 00:27:28.468,3.8711900000000004,3.8688800000000003,1,1.5
16.08.2021 00:28:01.816,3.8711900000000004,3.8687800000000006,1,1.5
16.08.2021 00:28:21.391,3.8711900000000004,3.8689800000000005,1,1
16.08.2021 00:28:21.919,3.8711800000000003,3.86899,1,1.5
16.08.2021 00:28:57.268,3.8714000000000004,3.86899,1,1.5
16.08.2021 00:29:01.088,3.8714000000000004,3.869,1,1.5
16.08.2021 00:29:06.024,3.8714000000000004,3.869,1,1.5
16.08.2021 00:29:06.322,3.8715699999999997,3.8692900000000003,1,1.5
16.08.2021 00:29:06.427,3.8715800000000007,3.8692800000000003,1,1.5
16.08.2021 00:29:06.628,3.8715800000000007,3.8692800000000003,1,1.5
16.08.2021 00:29:07.441,3.8715800000000007,3.8692800000000003,1,1.5
16.08.2021 00:29:36.734,3.87167,3.8692800000000003,1,1.5
16.08.2021 00:29:47.819,3.87166,3.8692900000000003,1,1.5
16.08.2021 00:29:48.244,3.87167,3.8692800000000003,1,1.5
16.08.2021 00:29:48.517,3.8715400000000004,3.8691800000000005,1,1.5
16.08.2021 00:29:48.652,3.8715300000000004,3.8690900000000004,1,1.5
16.08.2021 00:29:48.783,3.8714000000000004,3.8690900000000004,1,1.5
16.08.2021 00:29:48.834,3.87141,3.8690800000000003,1,1.5
16.08.2021 00:29:49.022,3.87141,3.8690800000000003,1,1.5
16.08.2021 00:29:57.579,3.87141,3.8690800000000003,1,1.5
16.08.2021 00:30:00.517,3.8714000000000004,3.8690900000000004,1,1.5
16.08.2021 00:30:01.087,3.8715,3.8690900000000004,1,1.5
16.08.2021 00:30:24.857,3.8715100000000002,3.8690800000000003,1,1.5
16.08.2021 00:30:25.058,3.8715100000000002,3.8690800000000003,1,1.5
16.08.2021 00:30:40.879,3.8713800000000003,3.8690800000000003,1,1.5
16.08.2021 00:30:45.971,3.8713699999999998,3.8690900000000004,1,1
16.08.2021 00:30:46.072,3.8713699999999998,3.8688900000000004,1,1.5
16.08.2021 00:30:55.470,3.8713800000000003,3.8688800000000003,1,1.5
16.08.2021 00:30:56.180,3.8715100000000002,3.86899,1,1.5
16.08.2021 00:31:01.021,3.8716300000000006,3.8690900000000004,1,1.5
16.08.2021 00:31:01.171,3.87164,3.8690800000000003,1,1.5
16.08.2021 00:31:05.302,3.87164,3.8690800000000003,1,1.5
16.08.2021 00:31:45.707,3.87164,3.8692800000000003,1,1
16.08.2021 00:31:52.268,3.87164,3.8692800000000003,1,1.5
16.08.2021 00:32:02.123,3.8716300000000006,3.8692900000000003,1,1.5
16.08.2021 00:32:03.344,3.8716300000000006,3.8692900000000003,1,1.5
16.08.2021 00:32:24.690,3.8715100000000002,3.8690800000000003,1,1.5
16.08.2021 00:32:24.831,3.8713800000000003,3.8689800000000005,1,1.5
16.08.2021 00:32:24.881,3.8713800000000003,3.8689800000000005,1,1.5
16.08.2021 00:32:25.421,3.8712300000000006,3.8689800000000005,1,1.5
16.08.2021 00:32:25.975,3.8712300000000006,3.8687800000000006,1,1.5
16.08.2021 00:32:31.201,3.87122,3.8688900000000004,1,1.5
16.08.2021 00:32:33.589,3.8712300000000006,3.86899,1,1.5
16.08.2021 00:32:38.381,3.8713900000000003,3.8689800000000005,1,1.5
16.08.2021 00:32:41.397,3.8715300000000004,3.8691800000000005,1,1.5
16.08.2021 00:32:41.447,3.8715300000000004,3.8691800000000005,1,1.5
16.08.2021 00:32:46.163,3.8715300000000004,3.8690800000000003,1,1.5
16.08.2021 00:33:10.269,3.8715300000000004,3.8691800000000005,1,1.5
16.08.2021 00:33:34.968,3.87152,3.86919,1,1.5
16.08.2021 00:33:42.174,3.8715300000000004,3.8691800000000005,1,1
16.08.2021 00:34:00.936,3.8715300000000004,3.8691800000000005,1,1.5
16.08.2021 00:34:17.707,3.8715300000000004,3.8691800000000005,1,1.5
16.08.2021 00:34:34.778,3.8716000000000004,3.8690800000000003,1,1.5
16.08.2021 00:34:34.829,3.8715900000000003,3.86919,1,1.5
16.08.2021 00:34:35.135,3.87176,3.8692800000000003,1,1.5
16.08.2021 00:34:35.205,3.87176,3.8692800000000003,1,1.5
16.08.2021 00:34:35.358,3.87176,3.8692800000000003,1,1.5
16.08.2021 00:34:35.564,3.87176,3.8692800000000003,1,1.5
16.08.2021 00:34:41.698,3.87176,3.8693800000000005,1,1.5
16.08.2021 00:35:59.707,3.87176,3.8694800000000007,1,1.5
16.08.2021 00:36:11.837,3.87196,3.8695800000000005,1,1.5
16.08.2021 00:36:17.269,3.87196,3.8695800000000005,1,1.5
16.08.2021 00:36:33.927,3.87195,3.8696900000000003,1,1.5
16.08.2021 00:36:48.269,3.87196,3.8696800000000007,1,1.5
16.08.2021 00:37:10.149,3.87196,3.8695800000000005,1,1.5
16.08.2021 00:38:17.640,3.87196,3.8689800000000005,1,1.5
16.08.2021 00:39:24.562,3.87196,3.8689800000000005,1,1.5
16.08.2021 00:39:24.910,3.87196,3.8689800000000005,1,1.5
16.08.2021 00:39:25.413,3.87196,3.8689800000000005,1,1.5
16.08.2021 00:39:25.575,3.8718300000000005,3.86882,1,1.5
16.08.2021 00:39:41.050,3.87182,3.8693900000000006,1,1.5
16.08.2021 00:39:49.100,3.8718300000000005,3.8693800000000005,1,1.5
16.08.2021 00:39:51.206,3.8718300000000005,3.8696800000000007,1,1
16.08.2021 00:40:52.385,3.87182,3.8688300000000004,1,1.5
16.08.2021 00:41:17.469,3.87182,3.8688300000000004,1,1.5
16.08.2021 00:41:17.563,3.87182,3.8695900000000005,1,1
16.08.2021 00:41:39.390,3.8718300000000005,3.8695800000000005,1,1.5
16.08.2021 00:41:54.328,3.8718300000000005,3.8695800000000005,1,1.5
16.08.2021 00:41:58.286,3.87166,3.8693800000000005,1,1.5
16.08.2021 00:41:58.457,3.87152,3.8692800000000003,1,1.5
16.08.2021 00:41:58.508,3.87152,3.8692800000000003,1,1.5
16.08.2021 00:42:01.632,3.8715100000000002,3.8692900000000003,1,1.5
16.08.2021 00:42:02.248,3.87152,3.8692800000000003,1,1.5
16.08.2021 00:42:02.451,3.8715100000000002,3.8692900000000003,1,1.5
16.08.2021 00:42:27.544,3.8715100000000002,3.8692900000000003,1,1.5
16.08.2021 00:42:39.773,3.87152,3.8692800000000003,1,1.5
16.08.2021 00:43:03.779,3.8714000000000004,3.8691800000000005,1,1.5
16.08.2021 00:43:07.747,3.8714000000000004,3.8690800000000003,1,1.5
16.08.2021 00:43:28.144,3.8714000000000004,3.8690800000000003,1,1.5
16.08.2021 00:44:05.523,3.8714000000000004,3.8690800000000003,1,1.5
16.08.2021 00:44:05.929,3.87127,3.8690800000000003,1,1.5
16.08.2021 00:44:15.203,3.87127,3.8690800000000003,1,1.5
16.08.2021 00:44:30.389,3.87126,3.8690900000000004,1,1.5
16.08.2021 00:45:09.971,3.87127,3.8690800000000003,1,1.5
16.08.2021 00:45:15.269,3.87126,3.86827,1,1.5
16.08.2021 00:45:31.271,3.87126,3.86827,1,1.5
16.08.2021 00:45:49.508,3.8711400000000005,3.8689800000000005,1,1.5
16.08.2021 00:45:49.633,3.8711400000000005,3.8688800000000003,1,1.5
16.08.2021 00:46:41.270,3.8711400000000005,3.8688800000000003,1,1.5
16.08.2021 00:48:54.129,3.8711400000000005,3.8681,1,1.5
16.08.2021 00:49:38.961,3.87096,3.86899,1,1.5
16.08.2021 00:49:39.140,3.87096,3.86861,1,1.5
16.08.2021 00:50:14.524,3.87097,3.86861,1,1.5
16.08.2021 00:50:14.625,3.8711699999999998,3.8689800000000005,1,1
16.08.2021 00:50:14.726,3.8711699999999998,3.8689800000000005,1,1.5
16.08.2021 00:50:14.777,3.87129,3.86899,1,1.5
16.08.2021 00:50:14.927,3.8713,3.8689800000000005,1,1.5
16.08.2021 00:50:15.170,3.87129,3.86919,1,1.5
16.08.2021 00:50:16.884,3.8714300000000006,3.8691800000000005,1,1.5
16.08.2021 00:50:40.242,3.8714300000000006,3.8690800000000003,1,1.5
16.08.2021 00:50:43.367,3.8714300000000006,3.8690800000000003,1,1.5
16.08.2021 00:51:09.564,3.8714300000000006,3.8690800000000003,1,1.5
16.08.2021 00:51:09.615,3.87126,3.8690900000000004,1,1.5
16.08.2021 00:51:09.789,3.8711400000000005,3.8689800000000005,1,1.5
16.08.2021 00:51:16.232,3.8711400000000005,3.8688800000000003,1,1.5
16.08.2021 00:51:32.233,3.87127,3.8689800000000005,1,1.5
16.08.2021 00:51:32.283,3.87127,3.8689800000000005,1,1.5
16.08.2021 00:51:37.770,3.87127,3.8690800000000003,1,1.5
16.08.2021 00:52:03.313,3.8713900000000003,3.8692900000000003,1,1.5
16.08.2021 00:52:03.697,3.8714000000000004,3.8692800000000003,1,1.5
16.08.2021 00:52:03.961,3.87156,3.8692800000000003,1,1.5
16.08.2021 00:52:24.270,3.87156,3.8692800000000003,1,1.5
16.08.2021 00:52:28.822,3.8717300000000003,3.8692800000000003,1,1.5
16.08.2021 00:52:48.623,3.87172,3.8693900000000006,1,1.5
16.08.2021 00:52:48.878,3.87172,3.8693900000000006,1,1.5
16.08.2021 00:52:49.777,3.87172,3.8693900000000006,1,1.5
16.08.2021 00:53:07.039,3.87172,3.8693900000000006,1,1.5
16.08.2021 00:53:14.926,3.8717300000000003,3.8693800000000005,1,1.5
16.08.2021 00:53:15.946,3.8717300000000003,3.8693800000000005,1,1.5
16.08.2021 00:53:20.781,3.87155,3.8693900000000006,1,1.5
16.08.2021 00:53:20.945,3.87156,3.8693800000000005,1,1.5
16.08.2021 00:53:33.083,3.87156,3.8692800000000003,1,1.5
16.08.2021 00:53:45.229,3.87156,3.8692800000000003,1,1.5
16.08.2021 00:53:50.266,3.87156,3.8692800000000003,1,1.5
16.08.2021 00:54:09.252,3.87155,3.8695900000000005,1,1
16.08.2021 00:54:09.302,3.87156,3.8693800000000005,1,1.5
16.08.2021 00:54:10.107,3.87156,3.8695800000000005,1,1
16.08.2021 00:54:10.247,3.87156,3.8693800000000005,1,1.5
16.08.2021 00:54:14.183,3.87155,3.8693900000000006,1,1.5
16.08.2021 00:54:16.604,3.87155,3.8695900000000005,1,1
16.08.2021 00:54:16.654,3.87156,3.8693800000000005,1,1.5
16.08.2021 00:54:17.048,3.87156,3.8693800000000005,1,1.5
16.08.2021 00:54:17.475,3.87155,3.8693900000000006,1,1
16.08.2021 00:54:17.970,3.87155,3.86919,1,1.5
16.08.2021 00:54:19.234,3.8714300000000006,3.8691800000000005,1,1.5
16.08.2021 00:54:48.754,3.8714300000000006,3.8691800000000005,1,1.5
16.08.2021 00:54:51.099,3.8714300000000006,3.8693800000000005,1,1
16.08.2021 00:54:51.150,3.8714300000000006,3.8691800000000005,1,1.5
16.08.2021 00:54:52.770,3.8714300000000006,3.8691800000000005,1,1.5
16.08.2021 00:54:55.656,3.87156,3.8691800000000005,1,1.5
16.08.2021 00:54:55.797,3.87156,3.8692800000000003,1,1.5
16.08.2021 00:54:55.869,3.8716900000000005,3.8692800000000003,1,1.5
16.08.2021 00:54:56.127,3.8716900000000005,3.8692800000000003,1,1.5
16.08.2021 00:55:00.084,3.8715300000000004,3.86932,1,1.5
16.08.2021 00:55:00.312,3.8715300000000004,3.8692800000000003,1,1.5
16.08.2021 00:55:00.433,3.8716900000000005,3.8692800000000003,1,1.5
16.08.2021 00:55:01.033,3.8716900000000005,3.8694800000000007,1,1.5
16.08.2021 00:55:02.342,3.8716800000000005,3.8695900000000005,1,1.5
16.08.2021 00:55:10.172,3.8716800000000005,3.8695900000000005,1,1.5
16.08.2021 00:55:11.987,3.8716900000000005,3.8695800000000005,1,1.5
16.08.2021 00:55:23.750,3.8716900000000005,3.8693800000000005,1,1.5
16.08.2021 00:55:23.801,3.8716300000000006,3.8693800000000005,1,1.5
16.08.2021 00:55:23.985,3.8716300000000006,3.8692800000000003,1,1.5
16.08.2021 00:55:25.196,3.87162,3.8692900000000003,1,1.5
16.08.2021 00:55:53.408,3.8716300000000006,3.8692800000000003,1,1.5
16.08.2021 00:55:55.158,3.87146,3.8691800000000005,1,1.5
16.08.2021 00:55:55.333,3.8714500000000003,3.86919,1,1.5
16.08.2021 00:56:07.960,3.87146,3.8690800000000003,1,1.5
16.08.2021 00:56:08.011,3.8713300000000004,3.8690800000000003,1,1.5
16.08.2021 00:56:08.130,3.87132,3.8690900000000004,1,1.5
16.08.2021 00:56:21.113,3.87132,3.8690900000000004,1,1.5
16.08.2021 00:56:23.341,3.87132,3.8690900000000004,1,1.5
16.08.2021 00:56:35.954,3.87132,3.8690900000000004,1,1.5
16.08.2021 00:56:36.428,3.8713300000000004,3.8690800000000003,1,1.5
16.08.2021 00:56:39.124,3.8713300000000004,3.8690800000000003,1,1.5
16.08.2021 00:56:39.257,3.87122,3.8690900000000004,1,1.5
16.08.2021 00:56:39.310,3.87122,3.8690900000000004,1,1.5
16.08.2021 00:56:41.051,3.8712300000000006,3.8690800000000003,1,1.5
16.08.2021 00:56:53.448,3.8712300000000006,3.8692800000000003,1,1
16.08.2021 00:56:53.499,3.8712300000000006,3.8690800000000003,1,1.5
16.08.2021 00:56:53.849,3.8712300000000006,3.8690800000000003,1,1.5
16.08.2021 00:57:10.880,3.87122,3.8690900000000004,1,1.5
16.08.2021 00:57:14.928,3.8712300000000006,3.8692800000000003,1,1
16.08.2021 00:57:15.062,3.8712300000000006,3.8690800000000003,1,1.5
16.08.2021 00:57:15.113,3.8712300000000006,3.8692800000000003,1,1
16.08.2021 00:57:15.246,3.8712300000000006,3.8692800000000003,1,1.5
16.08.2021 00:57:22.032,3.8714000000000004,3.8692800000000003,1,1.5
16.08.2021 00:57:36.524,3.8713900000000003,3.8690900000000004,1,1.5
16.08.2021 00:57:41.271,3.87122,3.8690900000000004,1,1.5
16.08.2021 00:57:41.404,3.8712300000000006,3.8690800000000003,1,1.5
16.08.2021 00:57:45.883,3.87122,3.8690900000000004,1,1.5
16.08.2021 00:57:50.343,3.8712300000000006,3.8690800000000003,1,1.5
16.08.2021 00:58:27.601,3.87135,3.8690800000000003,1,1.5
16.08.2021 00:58:27.664,3.87141,3.8690800000000003,1,1.5
16.08.2021 00:58:39.881,3.8715,3.86865,1,1.5
16.08.2021 00:59:54.385,3.8715,3.86899,1,1.5
16.08.2021 00:59:54.486,3.8713100000000003,3.8688800000000003,1,1.5
16.08.2021 00:59:55.547,3.8713100000000003,3.8688800000000003,1,1.5
16.08.2021 00:59:56.150,3.8713,3.86862,1,1.5
16.08.2021 01:00:05.637,3.8713100000000003,3.8687800000000006,1,1.5
16.08.2021 01:00:05.734,3.8715,3.8687800000000006,1,1.5
16.08.2021 01:00:05.992,3.8714900000000005,3.86879,1,1.5
16.08.2021 01:00:11.999,3.8715,3.8688800000000003,1,1.5
16.08.2021 01:00:17.934,3.87141,3.8688800000000003,1,1.5
16.08.2021 01:00:19.909,3.8713400000000004,3.8688800000000003,1,1.5
16.08.2021 01:00:19.960,3.8713400000000004,3.8688800000000003,1,1
16.08.2021 01:00:20.806,3.8713400000000004,3.8687800000000006,1,1.5
16.08.2021 01:00:31.112,3.8713400000000004,3.8687800000000006,1,1.5
16.08.2021 01:00:43.766,3.87122,3.8688800000000003,1,1.5
16.08.2021 01:00:46.119,3.87122,3.8687800000000006,1,1.5
16.08.2021 01:01:00.971,3.87121,3.8686900000000004,1,1.5
16.08.2021 01:01:23.993,3.87122,3.8686800000000003,1,1.5
16.08.2021 01:01:33.199,3.87122,3.8686800000000003,1,1.5
16.08.2021 01:01:33.399,3.87121,3.8686900000000004,1,1.5
16.08.2021 01:01:38.888,3.87122,3.8687800000000006,1,1.5
16.08.2021 01:01:41.323,3.87122,3.8687800000000006,1,1.5
16.08.2021 01:01:43.561,3.87135,3.8688800000000003,1,1.5
16.08.2021 01:01:43.710,3.8713400000000004,3.8688900000000004,1,1.5
16.08.2021 01:01:46.236,3.8711900000000004,3.8688800000000003,1,1.5
16.08.2021 01:01:46.921,3.87126,3.8688800000000003,1,1.5
16.08.2021 01:01:58.850,3.87126,3.8689800000000005,1,1.5
16.08.2021 01:02:00.613,3.8714300000000006,3.8689800000000005,1,1.5
16.08.2021 01:02:00.802,3.8714300000000006,3.8689800000000005,1,1.5
16.08.2021 01:02:01.048,3.87142,3.8688900000000004,1,1.5
16.08.2021 01:02:02.114,3.8712800000000005,3.8688800000000003,1,1.5
16.08.2021 01:02:21.151,3.8712800000000005,3.8688800000000003,1,1.5
16.08.2021 01:02:26.885,3.8715,3.8689800000000005,1,1.5
16.08.2021 01:02:30.611,3.8715699999999997,3.8689800000000005,1,1.5
16.08.2021 01:02:45.547,3.8715100000000002,3.8689800000000005,1,1.5
16.08.2021 01:02:46.379,3.87142,3.8689800000000005,1,1.5
16.08.2021 01:02:55.433,3.87142,3.8687800000000006,1,1.5
16.08.2021 01:03:01.084,3.87141,3.8690900000000004,1,1
16.08.2021 01:03:08.526,3.87142,3.8690800000000003,1,1.5
16.08.2021 01:03:21.680,3.87135,3.8689800000000005,1,1.5
16.08.2021 01:03:31.640,3.87135,3.8689800000000005,1,1.5
16.08.2021 01:04:22.896,3.8711900000000004,3.8687800000000006,1,1.5
16.08.2021 01:04:44.865,3.8712500000000003,3.86879,1,1.5
16.08.2021 01:04:53.391,3.8713900000000003,3.8688800000000003,1,1.5
16.08.2021 01:04:53.472,3.8713900000000003,3.8688800000000003,1,1.5
16.08.2021 01:04:53.675,3.8713900000000003,3.8689800000000005,1,1.5
16.08.2021 01:05:00.887,3.8713900000000003,3.8689800000000005,1,1.5
16.08.2021 01:05:03.146,3.87152,3.8689800000000005,1,1.5
16.08.2021 01:05:03.197,3.8715100000000002,3.86899,1,1.5
16.08.2021 01:05:13.177,3.87152,3.8691800000000005,1,1
16.08.2021 01:05:13.456,3.87152,3.8691800000000005,1,1.5
16.08.2021 01:05:28.238,3.87142,3.8690800000000003,1,1.5
16.08.2021 01:05:28.392,3.8714900000000005,3.8690800000000003,1,1.5
16.08.2021 01:05:39.774,3.8714900000000005,3.8688800000000003,1,1.5
16.08.2021 01:05:39.974,3.8714900000000005,3.8688800000000003,1,1.5
16.08.2021 01:05:41.178,3.8714800000000005,3.8688900000000004,1,1.5
16.08.2021 01:05:46.294,3.87135,3.8688800000000003,1,1.5
16.08.2021 01:05:47.621,3.8713400000000004,3.86879,1,1.5
16.08.2021 01:05:52.897,3.87144,3.8687800000000006,1,1.5
16.08.2021 01:05:55.071,3.87144,3.8689800000000005,1,1.5
16.08.2021 01:05:57.614,3.8713,3.86899,1,1.5
16.08.2021 01:06:01.169,3.87121,3.8689800000000005,1,1.5
16.08.2021 01:06:01.270,3.8712,3.8688900000000004,1,1.5
16.08.2021 01:06:12.093,3.8712,3.86862,1,1.5
16.08.2021 01:06:16.128,3.87121,3.8687800000000006,1,1.5
16.08.2021 01:06:26.264,3.8712,3.8686900000000004,1,1.5
16.08.2021 01:06:50.901,3.8712,3.8686900000000004,1,1.5
16.08.2021 01:07:17.548,3.87121,3.8687800000000006,1,1.5
16.08.2021 01:07:17.599,3.87107,3.86879,1,1.5
16.08.2021 01:07:17.901,3.87097,3.8686900000000004,1,1.5
16.08.2021 01:07:17.952,3.8709800000000003,3.8686800000000003,1,1.5
16.08.2021 01:07:24.152,3.87107,3.8686900000000004,1,1.5
16.08.2021 01:07:55.063,3.87096,3.86862,1,1.5
16.08.2021 01:08:02.026,3.8712,3.8685800000000006,1,1.5
16.08.2021 01:08:02.200,3.87146,3.8685800000000006,1,1.5
16.08.2021 01:08:03.047,3.8714800000000005,3.86859,1,1.5
16.08.2021 01:08:03.097,3.87186,3.8689400000000003,1.5,1.5
16.08.2021 01:08:03.248,3.8717699999999997,3.8687199999999997,1,1.5
16.08.2021 01:08:03.394,3.8716500000000003,3.8685800000000006,1,1.5
16.08.2021 01:08:04.128,3.87144,3.86859,1,1.5
16.08.2021 01:08:19.127,3.8714500000000003,3.86861,1,1.5
16.08.2021 01:08:21.677,3.87176,3.8689800000000005,1,1.5
16.08.2021 01:08:21.757,3.87191,3.8689800000000005,1,1.5
16.08.2021 01:08:21.807,3.87175,3.8689800000000005,1,1.5
16.08.2021 01:08:21.908,3.8718000000000004,3.86899,1,1.5
16.08.2021 01:08:22.006,3.8717900000000003,3.8690900000000004,1,1
16.08.2021 01:08:22.697,3.87195,3.8698300000000003,1,1
16.08.2021 01:08:22.869,3.87195,3.8709300000000004,1,1
16.08.2021 01:08:23.333,3.87195,3.87106,1,1
16.08.2021 01:08:24.827,3.87217,3.8711699999999998,1,1
16.08.2021 01:08:26.784,3.87236,3.8712500000000003,1,1
16.08.2021 01:08:30.229,3.87236,3.8707300000000004,1,1
16.08.2021 01:08:30.280,3.87215,3.8695500000000003,1,1
16.08.2021 01:08:30.381,3.87215,3.8693900000000006,1,1
16.08.2021 01:08:30.431,3.8720300000000005,3.8691800000000005,1,1.5
16.08.2021 01:08:30.658,3.87184,3.86919,1,1.5
16.08.2021 01:08:31.059,3.8718500000000002,3.8691800000000005,1,1.5
16.08.2021 01:08:32.179,3.8718500000000002,3.8691800000000005,1,1.5
16.08.2021 01:08:32.364,3.8718500000000002,3.8691800000000005,1,1.5
16.08.2021 01:08:35.019,3.87195,3.8694800000000007,1,1.5
16.08.2021 01:08:44.825,3.87195,3.8694800000000007,1,1.5
16.08.2021 01:08:44.875,3.8720800000000004,3.8694800000000007,1,1.5
16.08.2021 01:08:45.038,3.8720800000000004,3.8694800000000007,1,1.5
16.08.2021 01:08:55.571,3.8720800000000004,3.8694800000000007,1,1.5
16.08.2021 01:09:36.501,3.8720800000000004,3.8694800000000007,1,1.5
16.08.2021 01:09:36.606,3.87191,3.8692900000000003,1,1.5
16.08.2021 01:09:36.703,3.87192,3.8692800000000003,1,1.5
16.08.2021 01:09:36.753,3.8718300000000005,3.8692800000000003,1,1.5
16.08.2021 01:09:44.520,3.8717300000000003,3.8692800000000003,1,1.5
16.08.2021 01:09:44.570,3.8717300000000003,3.8691800000000005,1,1.5
16.08.2021 01:10:02.049,3.8717300000000003,3.8691800000000005,1,1.5
16.08.2021 01:10:08.907,3.8717300000000003,3.8691800000000005,1,1.5
16.08.2021 01:10:10.190,3.87172,3.8690900000000004,1,1.5
16.08.2021 01:10:12.546,3.8716000000000004,3.8690800000000003,1,1.5
16.08.2021 01:11:09.848,3.8716000000000004,3.8689800000000005,1,1.5
16.08.2021 01:11:14.180,3.8716000000000004,3.86899,1,1.5
16.08.2021 01:11:39.489,3.8716000000000004,3.86899,1,1.5
16.08.2021 01:11:39.638,3.87147,3.8689800000000005,1,1.5
16.08.2021 01:11:58.715,3.87147,3.8688800000000003,1,1.5
16.08.2021 01:11:58.819,3.8713100000000003,3.8688800000000003,1,1.5
16.08.2021 01:11:58.870,3.8713,3.86879,1,1.5
16.08.2021 01:12:05.257,3.8711800000000003,3.8686800000000003,1,1.5
16.08.2021 01:12:23.747,3.8711800000000003,3.86861,1,1.5
16.08.2021 01:13:02.887,3.8711800000000003,3.86861,1,1.5
16.08.2021 01:13:03.051,3.87127,3.86861,1,1.5
16.08.2021 01:13:20.651,3.87127,3.8682800000000004,1,1.5
16.08.2021 01:13:20.817,3.8713699999999998,3.8683500000000004,1,1.5
16.08.2021 01:14:00.882,3.8715,3.8688800000000003,1,1.5
16.08.2021 01:14:00.971,3.8715,3.8688800000000003,1,1.5
16.08.2021 01:14:03.773,3.8715,3.86899,1,1.5
16.08.2021 01:14:07.799,3.8714900000000005,3.86899,1,1.5
16.08.2021 01:14:42.524,3.8715,3.8689800000000005,1,1.5
16.08.2021 01:14:50.795,3.8716000000000004,3.86899,1,1.5
16.08.2021 01:14:52.805,3.8716000000000004,3.8690800000000003,1,1.5
16.08.2021 01:15:05.757,3.8715900000000003,3.869,1,1.5
16.08.2021 01:15:11.019,3.8716000000000004,3.86899,1,1.5
16.08.2021 01:15:16.602,3.8716000000000004,3.8688800000000003,1,1.5
16.08.2021 01:15:33.741,3.87147,3.8688800000000003,1,1.5
16.08.2021 01:15:44.077,3.87147,3.8688800000000003,1,1.5
16.08.2021 01:16:00.054,3.87132,3.8688900000000004,1,1.5
16.08.2021 01:16:00.155,3.8713100000000003,3.8679,1,1.5
16.08.2021 01:16:00.256,3.87127,3.8684800000000004,1,1.5
16.08.2021 01:16:00.368,3.87126,3.8684800000000004,1,1.5
16.08.2021 01:16:05.155,3.87126,3.8684800000000004,1,1.5
16.08.2021 01:16:14.772,3.87126,3.8683800000000006,1.5,1.5
16.08.2021 01:16:26.389,3.87126,3.8682800000000004,1,1.5
16.08.2021 01:16:38.370,3.8712400000000002,3.8682800000000004,1,1.5
16.08.2021 01:16:39.663,3.87144,3.8682800000000004,1.5,1.5
16.08.2021 01:16:57.421,3.87144,3.8682800000000004,1.5,1.5
16.08.2021 01:17:56.581,3.8711800000000003,3.8681800000000006,1,1.5
16.08.2021 01:18:15.053,3.8712400000000002,3.8681800000000006,1,1.5
16.08.2021 01:18:46.672,3.8711400000000005,3.8678900000000005,1,1.5
16.08.2021 01:18:46.891,3.8712400000000002,3.8681800000000006,1,1.5
16.08.2021 01:19:39.885,3.8712400000000002,3.8681800000000006,1.5,1.5
16.08.2021 01:19:47.006,3.8712300000000006,3.8681900000000002,1,1.5
16.08.2021 01:19:54.940,3.8713,3.8682800000000004,1.5,1.5
16.08.2021 01:19:55.070,3.8713,3.8682800000000004,1,1.5
16.08.2021 01:19:55.283,3.87129,3.86839,1,1.5
16.08.2021 01:20:00.534,3.8713,3.8683800000000006,1,1.5
16.08.2021 01:20:17.741,3.8713,3.8680800000000004,1.5,1.5
16.08.2021 01:20:17.872,3.8712300000000006,3.8680900000000005,1,1.5
16.08.2021 01:20:33.214,3.8712300000000006,3.8680900000000005,1,1.5
16.08.2021 01:20:34.232,3.8713300000000004,3.8680800000000004,1,1.5
16.08.2021 01:20:34.613,3.8713300000000004,3.8680800000000004,1.5,1.5
16.08.2021 01:20:37.061,3.8710400000000003,3.8680800000000004,1,1.5
16.08.2021 01:20:37.176,3.8710800000000005,3.8680800000000004,1,1.5
16.08.2021 01:21:21.769,3.8709400000000005,3.8679800000000006,1,1.5
16.08.2021 01:21:21.870,3.8709400000000005,3.8679800000000006,1,1.5
16.08.2021 01:21:22.062,3.8709400000000005,3.8678800000000004,1,1.5
16.08.2021 01:21:44.661,3.8709300000000004,3.8678900000000005,1,1.5
16.08.2021 01:21:49.962,3.8709400000000005,3.8678800000000004,1,1.5
16.08.2021 01:24:07.501,3.8709400000000005,3.8678800000000004,1,1.5
16.08.2021 01:24:19.604,3.8709400000000005,3.8678800000000004,1,1.5
16.08.2021 01:24:19.807,3.8709400000000005,3.8678800000000004,1,1.5
16.08.2021 01:24:21.807,3.8709400000000005,3.8679800000000006,1,1.5
16.08.2021 01:25:01.078,3.8709300000000004,3.8678900000000005,1,1.5
16.08.2021 01:25:44.807,3.8709300000000004,3.8678900000000005,1,1.5
16.08.2021 01:27:18.760,3.8709400000000005,3.8677800000000007,1.5,1.5
16.08.2021 01:27:19.904,3.8707400000000005,3.8676900000000005,1,1.5
16.08.2021 01:27:20.029,3.8709400000000005,3.8677800000000007,1,1.5
16.08.2021 01:27:20.227,3.8709400000000005,3.8677800000000007,1.5,1.5
16.08.2021 01:28:25.432,3.8709300000000004,3.8676900000000005,1.5,1.5
16.08.2021 01:29:36.553,3.87077,3.8676800000000005,1,1.5
16.08.2021 01:29:52.260,3.87077,3.8676800000000005,1.5,1.5
16.08.2021 01:30:00.582,3.87076,3.8676900000000005,1,1.5
16.08.2021 01:30:05.241,3.87077,3.8676800000000005,1,1.5
16.08.2021 01:30:06.454,3.87077,3.8676800000000005,1,1.5
16.08.2021 01:30:15.039,3.8709000000000002,3.8676900000000005,1.5,1.5
16.08.2021 01:30:15.090,3.87091,3.8676800000000005,1,1.5
16.08.2021 01:30:15.973,3.87091,3.8676800000000005,1.5,1.5
16.08.2021 01:30:25.056,3.8709000000000002,3.8676900000000005,1.5,1.5
16.08.2021 01:30:25.106,3.87075,3.8676800000000005,1,1.5
16.08.2021 01:31:06.362,3.87075,3.8675800000000007,1.5,1.5
16.08.2021 01:31:06.880,3.87075,3.8674800000000005,1.5,1.5
16.08.2021 01:31:07.965,3.8706199999999997,3.8674800000000005,1,1.5
16.08.2021 01:31:08.769,3.8706199999999997,3.8674800000000005,1.5,1.5
16.08.2021 01:31:16.772,3.8706199999999997,3.8674800000000005,1,1.5
16.08.2021 01:31:34.249,3.8706199999999997,3.8674800000000005,1,1.5
16.08.2021 01:31:34.679,3.8706199999999997,3.8674800000000005,1,1.5
16.08.2021 01:31:34.882,3.8706199999999997,3.8674800000000005,1,1.5
16.08.2021 01:31:37.144,3.8706199999999997,3.8674800000000005,1,1.5
16.08.2021 01:31:43.146,3.87061,3.8674900000000005,1.5,1.5
16.08.2021 01:31:52.686,3.8705900000000004,3.8674800000000005,1,1.5
16.08.2021 01:31:55.772,3.8705900000000004,3.8674800000000005,1,1.5
16.08.2021 01:32:01.311,3.8705900000000004,3.8674800000000005,1.5,1.5
16.08.2021 01:32:02.519,3.8705800000000004,3.8674900000000005,1,1.5
16.08.2021 01:32:02.771,3.8705800000000004,3.8674900000000005,1,1.5
16.08.2021 01:32:03.069,3.8705900000000004,3.8674800000000005,1,1.5
16.08.2021 01:32:08.439,3.8705800000000004,3.8674900000000005,1,1.5
16.08.2021 01:32:08.978,3.87069,3.8675800000000007,1,1.5
16.08.2021 01:32:13.510,3.87069,3.8675800000000007,1.5,1.5
16.08.2021 01:32:13.722,3.87069,3.8675800000000007,1,1.5
16.08.2021 01:32:13.785,3.87075,3.8675800000000007,1.12,1.5
16.08.2021 01:32:42.785,3.87075,3.8676800000000005,1,1.5
16.08.2021 01:33:04.265,3.87075,3.8677800000000007,1,1.5
16.08.2021 01:33:13.773,3.8707400000000005,3.8677900000000003,1,1.5
16.08.2021 01:33:14.700,3.8707400000000005,3.8677900000000003,1,1.5
16.08.2021 01:33:21.104,3.87075,3.8677800000000007,1,1.5
16.08.2021 01:33:23.274,3.87075,3.8677800000000007,1,1.5
16.08.2021 01:33:23.375,3.8709400000000005,3.8677900000000003,1.12,1.5
16.08.2021 01:33:26.862,3.8709400000000005,3.8677900000000003,1.12,1.5
16.08.2021 01:33:29.273,3.87095,3.8677800000000007,1.12,1.5
16.08.2021 01:34:00.850,3.8709400000000005,3.8678900000000005,1,1.5
16.08.2021 01:34:10.774,3.87095,3.8678800000000004,1,1.5
16.08.2021 01:34:12.371,3.87095,3.8678800000000004,1,1.5
16.08.2021 01:34:25.001,3.87095,3.8678800000000004,1.12,1.5
16.08.2021 01:34:55.055,3.8709400000000005,3.8677900000000003,1.5,1.5
16.08.2021 01:35:01.125,3.87075,3.8676800000000005,1,1.5
16.08.2021 01:35:01.401,3.8707400000000005,3.8676900000000005,1.12,1.5
16.08.2021 01:35:06.910,3.87075,3.8675800000000007,1.5,1.5
16.08.2021 01:35:09.112,3.87075,3.8675800000000007,1.12,1.5
16.08.2021 01:37:19.352,3.87075,3.8675800000000007,1.5,1.5
16.08.2021 01:37:32.461,3.87075,3.8674800000000005,1.12,1.5
16.08.2021 01:38:03.982,3.87075,3.8675800000000007,1,1.5
16.08.2021 01:38:04.153,3.87075,3.8675800000000007,1.12,1.5
16.08.2021 01:39:19.895,3.87075,3.8675800000000007,1,1.5
16.08.2021 01:39:43.407,3.8707400000000005,3.8676900000000005,1.12,1.5
16.08.2021 01:39:43.607,3.87075,3.8676800000000005,1,1.5
16.08.2021 01:40:27.922,3.87075,3.8667800000000003,1.12,1.5
16.08.2021 01:40:29.596,3.8707400000000005,3.8675900000000003,1.5,1.5
16.08.2021 01:40:35.581,3.8706199999999997,3.8674800000000005,1,1.5
16.08.2021 01:40:42.695,3.8706199999999997,3.8674800000000005,1,1.5
16.08.2021 01:40:45.764,3.87061,3.8675900000000003,1,1.5
16.08.2021 01:40:48.687,3.87061,3.8674900000000005,1.5,1.5
16.08.2021 01:41:14.267,3.87055,3.8672800000000005,1.12,1.5
16.08.2021 01:41:14.318,3.8703900000000004,3.8673800000000003,1,1.5
16.08.2021 01:41:14.748,3.8703900000000004,3.8672800000000005,1.5,1.5
16.08.2021 01:41:23.529,3.8703900000000004,3.8671800000000003,1.5,1.5
16.08.2021 01:41:23.684,3.8703900000000004,3.8671800000000003,1.5,1.5
16.08.2021 01:41:32.049,3.8700400000000004,3.8671800000000003,1,1.5
16.08.2021 01:41:32.099,3.8700400000000004,3.8669800000000003,1,1.5
16.08.2021 01:41:32.150,3.8698900000000003,3.8669800000000003,1,1.5
16.08.2021 01:41:32.258,3.8698900000000003,3.8669800000000003,1,1.5
16.08.2021 01:41:32.548,3.8697800000000004,3.8669900000000004,1,1.5
16.08.2021 01:41:44.576,3.86976,3.8669900000000004,1,1.5
16.08.2021 01:41:59.576,3.86972,3.8669800000000003,1,1.5
16.08.2021 01:42:01.111,3.86957,3.86689,1,1.5
16.08.2021 01:42:01.161,3.8695800000000005,3.8668800000000005,1,1.5
16.08.2021 01:42:04.030,3.8702199999999998,3.86744,1.5,1
16.08.2021 01:42:09.389,3.8700900000000003,3.86752,1.5,1
16.08.2021 01:42:12.781,3.8700900000000003,3.8674500000000003,1.5,1
16.08.2021 01:42:12.832,3.8700900000000003,3.86752,1.5,1
16.08.2021 01:42:14.796,3.8700900000000003,3.86752,1.5,1
16.08.2021 01:42:16.861,3.8700800000000006,3.86746,1.5,1
16.08.2021 01:42:16.912,3.8700800000000006,3.8675300000000004,1.5,1
16.08.2021 01:42:18.514,3.8704199999999997,3.8675400000000004,1.5,1
16.08.2021 01:42:18.565,3.8706800000000006,3.86756,1.5,1
16.08.2021 01:42:19.565,3.8708800000000005,3.8675800000000007,1.5,1
16.08.2021 01:42:19.723,3.8708800000000005,3.8675900000000003,1.5,1
16.08.2021 01:42:19.974,3.87097,3.8675900000000003,1.5,1
16.08.2021 01:42:20.074,3.87097,3.86775,1.5,1
16.08.2021 01:42:22.889,3.87092,3.86782,1.5,1
16.08.2021 01:42:30.075,3.87092,3.86782,1.5,1
16.08.2021 01:42:49.677,3.87092,3.8676900000000005,1.5,1
16.08.2021 01:42:49.827,3.87092,3.8676900000000005,1.5,1
16.08.2021 01:42:53.649,3.87092,3.8676900000000005,1.5,1
16.08.2021 01:42:54.594,3.87092,3.8676900000000005,1.5,1
16.08.2021 01:43:11.580,3.8708199999999997,3.8676900000000005,1.5,1
16.08.2021 01:43:19.812,3.8708199999999997,3.8676900000000005,1.5,1
16.08.2021 01:43:25.986,3.8708199999999997,3.8676900000000005,1.5,1
16.08.2021 01:43:28.297,3.87091,3.8677,1.5,1
16.08.2021 01:43:42.241,3.87091,3.86784,1.5,1
16.08.2021 01:43:46.620,3.87092,3.8678300000000005,1.5,1
16.08.2021 01:43:49.607,3.87092,3.8678300000000005,1.5,1
16.08.2021 01:44:40.376,3.8711800000000003,3.8678300000000005,1.5,1
16.08.2021 01:44:43.552,3.8711699999999998,3.86784,1.5,1
16.08.2021 01:44:49.235,3.8711800000000003,3.8678300000000005,1.5,1
16.08.2021 01:45:05.690,3.87112,3.8679900000000003,1.5,1
16.08.2021 01:45:16.631,3.87112,3.8679900000000003,1.5,1
16.08.2021 01:45:29.740,3.8710199999999997,3.8679900000000003,1.5,1
16.08.2021 01:45:40.601,3.87111,3.8680000000000003,1.5,1
16.08.2021 01:45:46.496,3.87112,3.8679900000000003,1.5,1
16.08.2021 01:45:53.039,3.87112,3.8681900000000002,1.5,1
16.08.2021 01:46:11.190,3.87122,3.8681900000000002,1.5,1
16.08.2021 01:46:16.311,3.87121,3.8682000000000003,1.5,1
16.08.2021 01:46:18.361,3.87122,3.8681900000000002,1.5,1
16.08.2021 01:46:26.986,3.87122,3.8681900000000002,1.5,1
16.08.2021 01:46:49.921,3.87122,3.8681900000000002,1.5,1
16.08.2021 01:47:04.572,3.8721800000000006,3.8681900000000002,1.5,1
16.08.2021 01:47:08.274,3.8721800000000006,3.8681900000000002,1.5,1
16.08.2021 01:47:10.104,3.87217,3.8682000000000003,1.5,1
16.08.2021 01:48:12.043,3.8711800000000003,3.8681900000000002,1.5,1
16.08.2021 01:48:14.800,3.8711800000000003,3.8681900000000002,1.5,1
16.08.2021 01:48:21.282,3.8711800000000003,3.8679900000000003,1.5,1
16.08.2021 01:48:21.882,3.8711699999999998,3.86796,1.5,1
16.08.2021 01:48:28.344,3.8711800000000003,3.86795,1.5,1
16.08.2021 01:48:34.460,3.87091,3.8678000000000003,1.5,1
16.08.2021 01:48:34.511,3.87091,3.8678000000000003,1.5,1
16.08.2021 01:48:34.711,3.87092,3.8677900000000003,1.5,1
16.08.2021 01:48:38.337,3.87091,3.8678000000000003,1.5,1
16.08.2021 01:48:41.976,3.87092,3.8677900000000003,1.5,1
16.08.2021 01:48:42.445,3.87092,3.8677900000000003,1.5,1
16.08.2021 01:48:42.739,3.87092,3.8677900000000003,1.5,1
16.08.2021 01:48:42.939,3.87092,3.8677900000000003,1.5,1
16.08.2021 01:48:46.401,3.87092,3.8677900000000003,1.5,1
16.08.2021 01:49:00.026,3.87092,3.8677900000000003,1.5,1
16.08.2021 01:49:01.229,3.87091,3.8678000000000003,1.5,1
16.08.2021 01:49:05.327,3.87092,3.8677900000000003,1.5,1
16.08.2021 01:49:10.913,3.87091,3.8678000000000003,1.5,1
16.08.2021 01:49:13.274,3.87092,3.8677900000000003,1.5,1
16.08.2021 01:49:34.155,3.87091,3.8678000000000003,1.5,1
16.08.2021 01:49:36.187,3.8719699999999997,3.8677900000000003,1.5,1
16.08.2021 01:49:40.770,3.87091,3.8678000000000003,1.5,1
16.08.2021 01:49:50.422,3.8708800000000005,3.8677900000000003,1.5,1
16.08.2021 01:50:03.137,3.8708199999999997,3.8677900000000003,1.5,1
16.08.2021 01:50:12.517,3.8708800000000005,3.8677900000000003,1.5,1
16.08.2021 01:50:12.632,3.87087,3.86752,1.5,1
16.08.2021 01:50:21.453,3.87061,3.8675300000000004,1.5,1
16.08.2021 01:51:00.492,3.8706199999999997,3.8675699999999997,1.5,1
16.08.2021 01:51:01.551,3.8708800000000005,3.8675699999999997,1.5,1
16.08.2021 01:51:12.201,3.87087,3.8675699999999997,1.5,1
16.08.2021 01:51:19.566,3.87072,3.86776,1.5,1
16.08.2021 01:53:25.693,3.87072,3.86776,1.5,1
16.08.2021 01:53:34.139,3.8708800000000005,3.86776,1.5,1
16.08.2021 01:53:34.971,3.87091,3.8679699999999997,1.5,1
16.08.2021 01:53:35.187,3.87092,3.8679400000000004,1.5,1
16.08.2021 01:53:35.288,3.8711699999999998,3.8679400000000004,1.5,1
16.08.2021 01:53:38.323,3.8711699999999998,3.8679400000000004,1.5,1
16.08.2021 01:53:48.075,3.87116,3.86795,1.5,1
16.08.2021 01:54:02.633,3.8711800000000003,3.8679400000000004,1.5,1
16.08.2021 01:54:05.230,3.8711699999999998,3.86811,1.5,1
16.08.2021 01:54:34.474,3.8711800000000003,3.8681,1.5,1
16.08.2021 01:54:35.757,3.8710800000000005,3.8679400000000004,1.5,1
16.08.2021 01:54:35.899,3.8710800000000005,3.8679400000000004,1.5,1
16.08.2021 01:54:49.542,3.8711699999999998,3.8679400000000004,1.5,1
16.08.2021 01:55:11.516,3.87116,3.86795,1.5,1
16.08.2021 01:56:04.514,3.87092,3.8679400000000004,1.5,1
16.08.2021 01:56:06.274,3.87092,3.8679400000000004,1.5,1
16.08.2021 01:56:14.409,3.87091,3.86795,1.5,1
16.08.2021 01:56:53.274,3.87091,3.86795,1.5,1
16.08.2021 01:57:24.459,3.8711800000000003,3.8679400000000004,1.5,1
16.08.2021 01:57:41.279,3.87112,3.8681,1.5,1
16.08.2021 01:57:41.436,3.87111,3.86811,1.5,1
16.08.2021 01:57:41.743,3.87112,3.8681,1.5,1
16.08.2021 01:58:55.386,3.8714800000000005,3.86827,1.5,1
16.08.2021 01:58:55.550,3.87147,3.8682800000000004,1.5,1
16.08.2021 01:58:55.731,3.87147,3.8682800000000004,1.5,1
16.08.2021 01:59:07.246,3.8715100000000002,3.8684800000000004,1.5,1
16.08.2021 01:59:26.255,3.8715100000000002,3.8684800000000004,1.5,1
16.08.2021 01:59:30.572,3.87152,3.86847,1.5,1
16.08.2021 02:00:00.271,3.87152,3.86847,1.5,1
16.08.2021 02:00:25.902,3.8717699999999997,3.8684800000000004,1.5,1
16.08.2021 02:00:25.952,3.8717800000000007,3.8686300000000005,1.5,1
16.08.2021 02:00:28.476,3.87192,3.8687,1.5,1
16.08.2021 02:00:37.699,3.8719699999999997,3.8687,1.5,1
16.08.2021 02:00:41.152,3.87172,3.86885,1.5,1
16.08.2021 02:00:55.265,3.87181,3.86886,1.5,1
16.08.2021 02:00:58.263,3.87191,3.86886,1.5,1
16.08.2021 02:01:03.265,3.87237,3.86886,1.5,1.12
16.08.2021 02:01:08.354,3.87212,3.86885,1.5,1
16.08.2021 02:01:20.996,3.87202,3.86885,1.5,1
16.08.2021 02:01:21.217,3.87192,3.8687,1.5,1
16.08.2021 02:01:26.274,3.87192,3.8687,1.5,1
16.08.2021 02:01:32.525,3.87192,3.86881,1.5,1
16.08.2021 02:01:36.461,3.87182,3.86867,1.5,1
16.08.2021 02:01:57.420,3.87182,3.86861,1.5,1
16.08.2021 02:02:48.800,3.87172,3.86861,1.5,1
16.08.2021 02:02:49.105,3.87172,3.86861,1.5,1
16.08.2021 02:03:29.453,3.87161,3.86861,1.5,1
16.08.2021 02:03:55.033,3.87162,3.8684400000000005,1.5,1
16.08.2021 02:03:55.234,3.87152,3.8684400000000005,1.5,1
16.08.2021 02:03:55.757,3.87141,3.86845,1.5,1
16.08.2021 02:03:55.952,3.87142,3.8684400000000005,1.5,1
16.08.2021 02:03:56.022,3.87142,3.86825,1.5,1
16.08.2021 02:03:58.934,3.87142,3.86825,1.5,1
16.08.2021 02:04:01.472,3.87152,3.86825,1.5,1.12
16.08.2021 02:04:01.573,3.8715100000000002,3.86845,1.5,1
16.08.2021 02:04:05.411,3.87152,3.8684400000000005,1.5,1
16.08.2021 02:04:09.425,3.8715100000000002,3.86845,1.5,1
16.08.2021 02:04:10.883,3.87152,3.8684400000000005,1.5,1
16.08.2021 02:04:21.831,3.87141,3.8682600000000003,1.5,1
16.08.2021 02:04:22.769,3.87142,3.86825,1.5,1
16.08.2021 02:04:23.428,3.87142,3.86825,1.5,1
16.08.2021 02:04:39.527,3.87142,3.86825,1.5,1
16.08.2021 02:04:43.676,3.87141,3.8682600000000003,1.5,1
16.08.2021 02:04:56.775,3.87141,3.8682600000000003,1.5,1
16.08.2021 02:04:59.839,3.87132,3.86825,1.5,1
16.08.2021 02:05:24.845,3.87122,3.8683500000000004,1.5,1
16.08.2021 02:05:29.573,3.87121,3.86827,1.5,1
16.08.2021 02:05:36.076,3.87122,3.8681300000000003,1.5,1
16.08.2021 02:06:15.707,3.87121,3.86827,1.5,1
16.08.2021 02:06:21.302,3.87122,3.8682600000000003,1.5,1
16.08.2021 02:06:23.142,3.87132,3.86845,1.5,1
16.08.2021 02:06:25.055,3.87132,3.86845,1.5,1
16.08.2021 02:06:40.311,3.87132,3.86845,1.5,1
16.08.2021 02:06:40.511,3.8713100000000003,3.8684600000000002,1.5,1
16.08.2021 02:06:41.276,3.8713100000000003,3.8684600000000002,1.5,1
16.08.2021 02:06:47.762,3.87132,3.86845,1.5,1
16.08.2021 02:06:47.925,3.87132,3.8682900000000005,1.5,1
16.08.2021 02:06:51.794,3.87132,3.8682900000000005,1.5,1
16.08.2021 02:06:54.312,3.87132,3.8682900000000005,1.5,1
16.08.2021 02:06:55.095,3.87132,3.8682900000000005,1.5,1
16.08.2021 02:06:58.841,3.87142,3.8685300000000007,1.5,1
16.08.2021 02:06:59.753,3.87142,3.8685300000000007,1.5,1
16.08.2021 02:06:59.853,3.87152,3.86871,1.5,1
16.08.2021 02:07:00.976,3.87152,3.86845,1.5,1
16.08.2021 02:07:01.041,3.87152,3.8683300000000003,1.5,1
16.08.2021 02:07:01.091,3.87152,3.8683800000000006,1.5,1
16.08.2021 02:07:01.142,3.87152,3.8682800000000004,1.5,1
16.08.2021 02:07:02.998,3.87152,3.8683800000000006,1.5,1
16.08.2021 02:07:03.099,3.87152,3.8686400000000005,1.5,1
16.08.2021 02:07:05.305,3.87152,3.86847,1.5,1
16.08.2021 02:07:05.370,3.8715100000000002,3.8683500000000004,1.5,1
16.08.2021 02:07:07.133,3.87152,3.8686300000000005,2,1
16.08.2021 02:07:09.121,3.87152,3.8687500000000004,1.5,1
16.08.2021 02:07:09.289,3.87152,3.86842,1.5,1
16.08.2021 02:07:11.309,3.87152,3.8686300000000005,1.5,1
16.08.2021 02:07:13.414,3.87152,3.8688300000000004,1.5,1
16.08.2021 02:07:13.465,3.87152,3.8687300000000007,1.5,1
16.08.2021 02:07:13.565,3.8715100000000002,3.8684400000000005,1.5,1
16.08.2021 02:07:14.208,3.8715100000000002,3.8684400000000005,1.5,1
16.08.2021 02:07:15.225,3.87152,3.8684300000000005,1.5,1
16.08.2021 02:07:15.542,3.87152,3.8686300000000005,1.5,1
16.08.2021 02:07:15.679,3.8715100000000002,3.86877,1.5,1
16.08.2021 02:07:17.775,3.87142,3.8685400000000003,1.5,1
16.08.2021 02:07:17.826,3.87142,3.8683300000000003,1.5,1
16.08.2021 02:07:19.874,3.8717699999999997,3.8688000000000002,1.5,1
16.08.2021 02:07:21.904,3.87161,3.8687,1.5,1
16.08.2021 02:07:21.955,3.87162,3.86845,1.5,1
16.08.2021 02:07:23.073,3.8715100000000002,3.8684400000000005,1.5,1
16.08.2021 02:07:23.881,3.87152,3.8687300000000007,1.5,1
16.08.2021 02:07:24.073,3.8715100000000002,3.86881,1.5,1
16.08.2021 02:07:25.868,3.8715100000000002,3.8687300000000007,1.5,1
16.08.2021 02:07:25.983,3.87152,3.8685400000000003,1.5,1
16.08.2021 02:07:26.034,3.8717699999999997,3.86845,1.5,1
16.08.2021 02:07:26.135,3.8717300000000003,3.86831,1.5,1
16.08.2021 02:07:28.028,3.87152,3.8686800000000003,1.5,1
16.08.2021 02:07:28.079,3.8717699999999997,3.8686800000000003,1.5,1
16.08.2021 02:07:29.540,3.87176,3.8689,1.5,1
16.08.2021 02:07:30.247,3.8717699999999997,3.86857,1.5,1
16.08.2021 02:07:30.298,3.8717699999999997,3.8684900000000004,1.5,1
16.08.2021 02:07:30.349,3.8717699999999997,3.8683800000000006,1.5,1
16.08.2021 02:07:30.412,3.87176,3.86839,1.5,1
16.08.2021 02:07:32.277,3.8717699999999997,3.86877,1.5,1
16.08.2021 02:07:33.925,3.8717699999999997,3.8689,1.5,1
16.08.2021 02:07:34.169,3.87152,3.8689,1.5,1
16.08.2021 02:07:34.219,3.87142,3.86877,1.5,1
16.08.2021 02:07:34.599,3.87142,3.8685800000000006,1.5,1
16.08.2021 02:07:34.700,3.87142,3.8684900000000004,1.5,1
16.08.2021 02:07:34.801,3.87142,3.8682800000000004,1.5,1
16.08.2021 02:07:34.935,3.87142,3.8682800000000004,1.5,1
16.08.2021 02:07:35.093,3.8715100000000002,3.8682900000000005,1.5,1
16.08.2021 02:07:36.575,3.87152,3.86841,1.5,1
16.08.2021 02:07:36.677,3.87152,3.8686300000000005,1.5,1
16.08.2021 02:07:37.150,3.87152,3.8687800000000006,1.5,1
16.08.2021 02:07:38.193,3.87152,3.8689400000000003,1.5,1
16.08.2021 02:07:38.908,3.87152,3.86882,1.5,1
16.08.2021 02:07:39.009,3.87152,3.8685,1.5,1
16.08.2021 02:08:03.434,3.87142,3.8685,1.5,1
16.08.2021 02:08:03.703,3.87142,3.8682800000000004,1.5,1
16.08.2021 02:08:04.073,3.87142,3.86839,1.5,1
16.08.2021 02:08:07.768,3.87132,3.86839,1.5,1
16.08.2021 02:08:10.543,3.87132,3.8682900000000005,1.5,1
16.08.2021 02:08:12.520,3.87132,3.86816,1.5,1
16.08.2021 02:08:15.961,3.87121,3.86817,1.5,1
16.08.2021 02:08:17.515,3.87121,3.86825,1.5,1
16.08.2021 02:08:30.831,3.87121,3.86825,1.5,1
16.08.2021 02:08:42.853,3.87132,3.86824,1.5,1
16.08.2021 02:08:43.055,3.87132,3.86824,1.5,1
16.08.2021 02:09:22.007,3.87112,3.86805,1.5,1
16.08.2021 02:09:22.158,3.8710199999999997,3.86805,1.5,1
16.08.2021 02:09:35.707,3.8710199999999997,3.86805,1.5,1
16.08.2021 02:09:35.871,3.8710199999999997,3.86805,1.5,1
16.08.2021 02:09:50.401,3.87112,3.86805,1.5,1
16.08.2021 02:09:53.121,3.87122,3.86805,1.5,1.12
16.08.2021 02:10:02.380,3.87122,3.8681,1.5,1
16.08.2021 02:10:02.498,3.87121,3.86801,1.5,1.5
16.08.2021 02:10:03.999,3.87122,3.8681,1.5,1
16.08.2021 02:10:11.525,3.87121,3.86827,1.5,1
16.08.2021 02:10:11.703,3.87132,3.8682600000000003,1.5,1
16.08.2021 02:10:21.300,3.8713100000000003,3.86827,1.5,1
16.08.2021 02:10:48.971,3.8713100000000003,3.86827,1.5,1
16.08.2021 02:10:56.215,3.8713,3.8682600000000003,1.5,1
16.08.2021 02:10:56.429,3.8713100000000003,3.86827,1.5,1
16.08.2021 02:10:56.977,3.87132,3.8682600000000003,1.5,1
16.08.2021 02:10:57.179,3.87132,3.8682600000000003,1.5,1
16.08.2021 02:10:59.027,3.8713100000000003,3.86827,1.5,1
16.08.2021 02:11:33.010,3.87112,3.8682600000000003,1.5,1
16.08.2021 02:11:35.225,3.87111,3.86811,1.5,1
16.08.2021 02:11:39.146,3.87112,3.86792,1.5,1.5
16.08.2021 02:11:44.687,3.87112,3.86792,1.5,1
16.08.2021 02:11:56.356,3.8710199999999997,3.8677300000000003,1.5,1.5
16.08.2021 02:11:56.458,3.8710199999999997,3.8677300000000003,1.5,1.5
16.08.2021 02:12:29.186,3.8710199999999997,3.8677300000000003,1.5,1.5
16.08.2021 02:12:30.339,3.87101,3.8677400000000004,1.5,1.5
16.08.2021 02:13:54.467,3.87091,3.8677400000000004,1.5,1.5
16.08.2021 02:13:59.487,3.87111,3.8679,1.5,1
16.08.2021 02:13:59.687,3.87111,3.8679,1.5,1.5
16.08.2021 02:14:10.943,3.87111,3.8679,1.5,1.5
16.08.2021 02:14:16.636,3.87121,3.8681,1.5,1
16.08.2021 02:14:17.160,3.87122,3.8681400000000004,1.5,1
16.08.2021 02:14:26.112,3.87122,3.86807,1.5,1
16.08.2021 02:14:40.024,3.87132,3.86807,1.5,1
16.08.2021 02:14:40.585,3.87121,3.8680800000000004,1.5,1
16.08.2021 02:14:41.154,3.87121,3.86791,1.5,1
16.08.2021 02:15:09.909,3.87122,3.8679,1.5,1.5
16.08.2021 02:15:10.046,3.87122,3.86807,1.5,1
16.08.2021 02:15:10.112,3.87121,3.8680800000000004,1.5,1
16.08.2021 02:16:26.302,3.87132,3.86807,1.5,1
16.08.2021 02:16:26.437,3.8713100000000003,3.8680800000000004,1.5,1
16.08.2021 02:16:31.129,3.87122,3.86807,1.5,1
16.08.2021 02:16:31.291,3.87122,3.86807,1.5,1
16.08.2021 02:16:44.634,3.8713100000000003,3.8680800000000004,1.5,1.5
16.08.2021 02:16:54.274,3.87142,3.86807,1.5,1.5
16.08.2021 02:17:10.550,3.87142,3.86807,1.5,1.5
16.08.2021 02:17:26.633,3.87141,3.86824,1.5,1
16.08.2021 02:17:33.276,3.87142,3.8682300000000005,1.5,1.5
16.08.2021 02:18:12.275,3.87141,3.86824,1.5,1
16.08.2021 02:18:13.127,3.87142,3.8682300000000005,1.5,1.5
16.08.2021 02:18:55.798,3.8715699999999997,3.8682300000000005,1.5,1.5
16.08.2021 02:18:55.927,3.8715699999999997,3.8684300000000005,1.5,1
16.08.2021 02:18:56.411,3.8715699999999997,3.8684300000000005,1.5,1
16.08.2021 02:19:07.525,3.8715699999999997,3.8684300000000005,1.5,1
16.08.2021 02:20:31.955,3.87172,3.8684300000000005,1.5,1.5
16.08.2021 02:20:32.776,3.87172,3.8684300000000005,1.5,1.5
16.08.2021 02:20:55.615,3.87172,3.8684300000000005,1.5,1.5
16.08.2021 02:20:55.769,3.87172,3.8684300000000005,1.5,1
16.08.2021 02:21:11.807,3.87171,3.86859,1.5,1
16.08.2021 02:21:59.477,3.87161,3.86859,1.5,1
16.08.2021 02:21:59.528,3.87162,3.86845,1.5,1
16.08.2021 02:22:05.584,3.87161,3.8684600000000002,1.5,1
16.08.2021 02:22:17.377,3.87162,3.86845,1.5,1
16.08.2021 02:22:45.504,3.87162,3.86845,1.5,1.12
16.08.2021 02:22:51.461,3.87172,3.86861,2,1
16.08.2021 02:22:51.581,3.87171,3.86862,2,1
16.08.2021 02:23:39.689,3.87182,3.86845,1.5,1.5
16.08.2021 02:24:01.282,3.87186,3.8686300000000005,1.5,1
16.08.2021 02:24:01.402,3.87186,3.8686300000000005,1.5,1.5
16.08.2021 02:24:03.627,3.87191,3.8686300000000005,1.5,1
16.08.2021 02:24:11.994,3.87191,3.8686300000000005,1.5,1.5
16.08.2021 02:24:44.814,3.87192,3.86862,1.5,1.5
16.08.2021 02:24:46.154,3.87191,3.8686300000000005,1.5,1.5
16.08.2021 02:24:48.407,3.87192,3.86862,1.5,1.5
16.08.2021 02:24:58.276,3.87192,3.86862,1.5,1.5
16.08.2021 02:24:59.928,3.87202,3.86862,1.5,1.5
16.08.2021 02:25:21.043,3.87191,3.8686300000000005,1.5,1
16.08.2021 02:25:22.782,3.87192,3.86862,1.5,1.5
16.08.2021 02:25:37.477,3.87191,3.8686300000000005,1.5,1.5
16.08.2021 02:25:37.865,3.87192,3.86862,1.5,1.5
16.08.2021 02:25:40.111,3.87192,3.86862,1.5,1.5
16.08.2021 02:25:40.338,3.87192,3.86862,1.5,1
16.08.2021 02:26:07.462,3.87182,3.86845,1.5,1.5
16.08.2021 02:27:46.967,3.87187,3.86861,1.5,1
16.08.2021 02:27:47.068,3.87187,3.86861,1.5,1.5
16.08.2021 02:27:51.018,3.87186,3.86862,1.5,1.5
16.08.2021 02:28:27.081,3.87187,3.8687800000000006,1.5,1
16.08.2021 02:28:27.181,3.87186,3.86879,1.5,1.5
16.08.2021 02:28:44.277,3.87186,3.86879,1.5,1
16.08.2021 02:29:01.531,3.87187,3.8687800000000006,1.5,1.5
16.08.2021 02:29:37.620,3.87186,3.8689199999999997,1.5,1
16.08.2021 02:30:30.202,3.8719699999999997,3.8689199999999997,1.5,1
16.08.2021 02:30:37.386,3.87201,3.8689199999999997,1.5,1
16.08.2021 02:31:02.406,3.8725199999999997,3.86912,1.5,1
16.08.2021 02:31:02.603,3.8725800000000006,3.86911,1.5,1
16.08.2021 02:31:02.763,3.8725300000000007,3.86911,1.5,1
16.08.2021 02:31:20.022,3.87237,3.86911,1.5,1
16.08.2021 02:32:07.895,3.87211,3.8689199999999997,1.5,1
16.08.2021 02:32:08.034,3.87211,3.8689199999999997,1.5,1
16.08.2021 02:32:13.343,3.87212,3.86882,1.5,1
16.08.2021 02:32:14.777,3.87212,3.86882,1.5,1.5
16.08.2021 02:33:21.560,3.8726900000000004,3.86882,1.5,1
16.08.2021 02:33:54.693,3.87202,3.86882,1.5,1
16.08.2021 02:33:55.393,3.87192,3.8686300000000005,1.5,1.5
16.08.2021 02:33:55.493,3.87192,3.8686300000000005,1.5,1
16.08.2021 02:33:55.694,3.87191,3.8686400000000005,1.5,1
16.08.2021 02:34:00.009,3.87181,3.8686400000000005,1.5,1.5
16.08.2021 02:34:00.743,3.87181,3.8686400000000005,1.5,1
16.08.2021 02:34:01.302,3.87182,3.8686300000000005,1.5,1.5
16.08.2021 02:34:10.236,3.87182,3.8686300000000005,1.5,1
16.08.2021 02:36:07.511,3.87217,3.86879,1.5,1
16.08.2021 02:36:07.612,3.87212,3.86899,1.5,1
16.08.2021 02:36:07.662,3.87212,3.86899,1.5,1
16.08.2021 02:36:08.099,3.87216,3.869,1.5,1
16.08.2021 02:36:08.414,3.87217,3.86899,1.5,1
16.08.2021 02:36:12.811,3.87202,3.8688000000000002,1.5,1.5
16.08.2021 02:36:12.862,3.87202,3.8688000000000002,1.5,1
16.08.2021 02:36:24.477,3.87201,3.86881,1.5,1.5
16.08.2021 02:36:24.991,3.87212,3.8688000000000002,1.5,1.5
16.08.2021 02:36:25.092,3.87216,3.8690300000000004,1.5,1
16.08.2021 02:36:25.148,3.87217,3.86902,1.5,1.5
16.08.2021 02:36:25.664,3.87217,3.86902,1.5,1
16.08.2021 02:36:26.369,3.87217,3.86902,1.5,1
16.08.2021 02:36:26.616,3.87217,3.86902,1.5,1
16.08.2021 02:36:39.412,3.87202,3.86902,1.5,1
16.08.2021 02:37:00.646,3.87202,3.86882,1.5,1.5
16.08.2021 02:37:00.860,3.87202,3.86882,1.5,1
16.08.2021 02:37:10.056,3.87202,3.86882,1.5,1.5
16.08.2021 02:37:36.846,3.87201,3.8688300000000004,1.5,1
16.08.2021 02:38:24.700,3.87182,3.86882,1.5,1
16.08.2021 02:38:27.054,3.87181,3.86867,1.5,1
16.08.2021 02:38:51.879,3.87182,3.86866,1.5,1
16.08.2021 02:39:10.473,3.87182,3.86866,1.5,1
16.08.2021 02:39:10.643,3.8722800000000004,3.86866,1.5,1.5
16.08.2021 02:39:11.237,3.87202,3.86876,1.5,1
16.08.2021 02:39:11.406,3.87202,3.86876,1.5,1.5
16.08.2021 02:39:13.084,3.8719900000000003,3.86876,1.5,1
16.08.2021 02:39:14.555,3.87202,3.86876,1.5,1.5
16.08.2021 02:39:40.655,3.87202,3.86876,1.5,1
16.08.2021 02:40:00.288,3.87202,3.86876,1.5,1.5
16.08.2021 02:40:18.014,3.87202,3.86876,1.5,1
16.08.2021 02:41:16.426,3.87202,3.86876,1.5,1.5
16.08.2021 02:41:27.197,3.87202,3.86876,1.5,1.5
16.08.2021 02:41:27.349,3.87212,3.8689500000000003,1.5,1
16.08.2021 02:41:30.641,3.87212,3.8689500000000003,1.5,1
16.08.2021 02:41:30.873,3.87212,3.8689500000000003,1.5,1.12
16.08.2021 02:41:31.356,3.87211,3.86896,1.5,1
16.08.2021 02:41:31.605,3.87212,3.8689500000000003,1.5,1.12
16.08.2021 02:41:32.053,3.87211,3.86896,1.5,1
16.08.2021 02:41:58.804,3.87212,3.86882,1.5,1.5
16.08.2021 02:42:43.193,3.87212,3.86882,1.5,1.5
16.08.2021 02:42:50.973,3.87211,3.8688300000000004,1.5,1.5
16.08.2021 02:43:49.800,3.87212,3.8689,1.5,1
16.08.2021 02:44:16.999,3.87211,3.86891,1.5,1
16.08.2021 02:44:23.508,3.87212,3.8689,1.5,1.5
16.08.2021 02:44:24.445,3.87212,3.8690400000000005,1.5,1
16.08.2021 02:44:28.041,3.87211,3.86905,1.5,1.5
16.08.2021 02:45:08.487,3.87222,3.8690400000000005,1.5,1
16.08.2021 02:45:11.279,3.87212,3.8690400000000005,1.5,1.5
16.08.2021 02:45:33.001,3.87222,3.8690400000000005,1.5,1
16.08.2021 02:45:35.822,3.87212,3.8689400000000003,1.5,1
16.08.2021 02:45:47.764,3.87212,3.8690400000000005,1.5,1
16.08.2021 02:45:48.982,3.87212,3.8689400000000003,1.5,1
16.08.2021 02:45:54.487,3.87212,3.8689400000000003,1.5,1.5
16.08.2021 02:45:55.487,3.87212,3.8690400000000005,1.5,1
16.08.2021 02:46:01.281,3.87211,3.8689500000000003,1.5,1.5
16.08.2021 02:46:01.777,3.87212,3.8689400000000003,1.5,1
16.08.2021 02:46:09.280,3.87211,3.8689500000000003,1.5,1
16.08.2021 02:46:20.321,3.87212,3.8690400000000005,1.5,1
16.08.2021 02:46:20.566,3.87212,3.8689400000000003,1.5,1
16.08.2021 02:46:41.493,3.87171,3.8684400000000005,1.5,1.5
16.08.2021 02:46:48.477,3.8716500000000003,3.8683500000000004,1.5,1.5
16.08.2021 02:47:52.815,3.87166,3.8683400000000003,1.5,1.5
16.08.2021 02:47:53.234,3.8714300000000006,3.86811,1.5,1.5
16.08.2021 02:47:53.355,3.8714300000000006,3.86811,1.5,1.5
16.08.2021 02:47:56.167,3.8713,3.8679400000000004,1.5,1.5
16.08.2021 02:48:00.179,3.8713,3.8679400000000004,1.5,1.5
16.08.2021 02:48:36.560,3.8713900000000003,3.8680800000000004,1.5,1.5
16.08.2021 02:48:52.784,3.8714000000000004,3.86807,1.5,1.5
16.08.2021 02:49:04.991,3.8714000000000004,3.86807,1.5,1.5
16.08.2021 02:49:17.584,3.8713900000000003,3.8680800000000004,1.5,1.5
16.08.2021 02:51:09.638,3.8714000000000004,3.86807,1.5,1.5
16.08.2021 02:51:35.373,3.8714000000000004,3.86807,1.5,1.5
16.08.2021 02:51:59.633,3.87129,3.86796,1.5,1.5
16.08.2021 02:52:18.190,3.8711900000000004,3.86807,1.5,1.5
16.08.2021 02:52:25.053,3.8711900000000004,3.86807,1.5,1.5
16.08.2021 02:52:33.051,3.87116,3.86806,1.5,1
16.08.2021 02:52:36.899,3.87116,3.86806,1.5,1.5
16.08.2021 02:52:45.786,3.8712,3.86806,2,1.5
16.08.2021 02:52:45.972,3.8711900000000004,3.86807,2,1.5
16.08.2021 02:52:53.066,3.87116,3.8680300000000005,1.5,1.5
16.08.2021 02:52:57.353,3.87107,3.8680300000000005,1.5,1.5
16.08.2021 02:54:27.355,3.87116,3.8680300000000005,1.5,1.5
16.08.2021 02:56:06.673,3.87115,3.86804,1.5,1.5
16.08.2021 02:56:06.918,3.87126,3.86817,1.5,1.5
16.08.2021 02:56:07.152,3.87127,3.86816,1.5,1.5
16.08.2021 02:56:14.820,3.87146,3.86824,1.5,1.5
16.08.2021 02:56:37.639,3.87146,3.86824,1.5,1.5
16.08.2021 02:56:38.042,3.8716300000000006,3.86836,1.5,1.5
16.08.2021 02:56:38.645,3.87162,3.86837,1.5,1.5
16.08.2021 02:56:50.759,3.8716300000000006,3.86836,1.5,1.5
16.08.2021 02:56:55.807,3.87162,3.86837,1.5,1.5
16.08.2021 02:57:05.392,3.8716300000000006,3.86836,1.5,1.5
16.08.2021 02:58:53.980,3.8718000000000004,3.86859,1.5,1.5
16.08.2021 02:58:54.180,3.8717900000000003,3.8686000000000003,1.5,1.5
16.08.2021 02:59:09.291,3.8718000000000004,3.86859,1.5,1.5
16.08.2021 02:59:37.985,3.8717900000000003,3.8686000000000003,1.5,1.5
16.08.2021 02:59:48.275,3.8718000000000004,3.86859,1.5,1.5
16.08.2021 02:59:56.400,3.87186,3.86859,1.5,1.5
16.08.2021 02:59:59.783,3.87186,3.86859,1.5,1.5
16.08.2021 03:00:03.732,3.87186,3.86859,1.5,1.5
16.08.2021 03:00:06.251,3.87196,3.86877,1.5,1.5
16.08.2021 03:00:24.843,3.8719699999999997,3.86876,1.5,1.5
16.08.2021 03:00:25.056,3.8721300000000003,3.86886,2,1.5
16.08.2021 03:00:39.075,3.8721300000000003,3.86886,2,1.5
16.08.2021 03:00:39.493,3.8719800000000006,3.86882,1.5,1.5
16.08.2021 03:00:56.435,3.8719800000000006,3.86882,1.5,1.5
16.08.2021 03:00:56.644,3.8721300000000003,3.8689800000000005,1.5,1.5
16.08.2021 03:00:58.778,3.8722800000000004,3.86902,1.5,1.5
16.08.2021 03:01:04.264,3.87227,3.8690300000000004,1.5,1.5
16.08.2021 03:01:08.747,3.87227,3.8690300000000004,1.5,1.5
16.08.2021 03:01:09.211,3.87242,3.8692300000000004,1.5,1.5
16.08.2021 03:01:12.144,3.8724300000000005,3.86922,1.5,1.5
16.08.2021 03:01:14.278,3.8724300000000005,3.86922,1.5,1.5
16.08.2021 03:01:15.707,3.8724300000000005,3.86922,1.5,1.5
16.08.2021 03:01:15.890,3.8724300000000005,3.86922,1.5,1.5
16.08.2021 03:01:34.082,3.87242,3.8692300000000004,1.5,1.5
16.08.2021 03:02:10.478,3.8724400000000005,3.8692300000000004,1.5,1.5
16.08.2021 03:02:44.774,3.87245,3.86922,1.5,1.5
16.08.2021 03:02:57.968,3.87239,3.86931,1.5,1.5
16.08.2021 03:03:08.836,3.8724000000000003,3.8693000000000004,1.5,1.5
16.08.2021 03:03:41.214,3.8724000000000003,3.8693000000000004,1.5,1.5
16.08.2021 03:03:44.002,3.8724000000000003,3.8693000000000004,1.5,1.5
16.08.2021 03:04:05.775,3.87242,3.8693000000000004,1.5,1.5
16.08.2021 03:04:14.504,3.87241,3.86931,1.5,1.5
16.08.2021 03:04:37.279,3.87242,3.8693000000000004,1.5,1.5
16.08.2021 03:05:16.279,3.87242,3.8693000000000004,1.5,1.5
16.08.2021 03:05:48.381,3.87241,3.86931,1.5,1.5
16.08.2021 03:05:48.657,3.87241,3.86931,1.5,1.5
16.08.2021 03:05:49.262,3.87241,3.86931,1.5,1.5
16.08.2021 03:06:00.085,3.87242,3.8693000000000004,1.5,1.5
16.08.2021 03:06:44.817,3.87241,3.86931,1.5,1.5
16.08.2021 03:06:47.561,3.87257,3.8694800000000007,1.5,1.5
16.08.2021 03:06:59.545,3.8727500000000004,3.8696300000000003,1.5,1.5
16.08.2021 03:07:05.026,3.8727500000000004,3.8696300000000003,1.5,1.5
16.08.2021 03:07:05.327,3.8727500000000004,3.8696300000000003,1.5,1.5
16.08.2021 03:07:06.382,3.87279,3.86976,1.5,1.5
16.08.2021 03:07:08.730,3.8727800000000006,3.86977,1.5,1.5
16.08.2021 03:07:08.981,3.8729,3.86977,1.5,2
16.08.2021 03:07:28.777,3.87291,3.86976,1.5,2
16.08.2021 03:07:40.535,3.8729,3.86977,1.5,2
16.08.2021 03:07:40.649,3.87291,3.86976,1.5,2
16.08.2021 03:07:44.280,3.87281,3.86977,1.5,1.5
16.08.2021 03:07:58.863,3.8727800000000006,3.86965,1.5,1.5
16.08.2021 03:08:01.920,3.8727800000000006,3.86965,1.5,1.5
16.08.2021 03:08:34.626,3.87282,3.8698,1.5,1.5
16.08.2021 03:08:34.970,3.87282,3.8698,1.5,1.5
16.08.2021 03:08:53.363,3.8727800000000006,3.8696699999999997,1.5,1.5
16.08.2021 03:09:25.897,3.87265,3.8695300000000006,1.5,1.5
16.08.2021 03:09:26.100,3.87265,3.8695300000000006,1.5,1.5
16.08.2021 03:09:34.297,3.87265,3.8695300000000006,1.5,1.5
16.08.2021 03:09:35.878,3.87277,3.8696699999999997,1.5,1.5
16.08.2021 03:09:54.540,3.8728800000000003,3.86974,1.5,1.5
16.08.2021 03:10:18.223,3.8727300000000007,3.8697300000000006,1,1.5
16.08.2021 03:10:18.273,3.8727300000000007,3.86972,1.5,1.5
16.08.2021 03:10:51.383,3.8726400000000005,3.86972,2,1.5
16.08.2021 03:10:54.959,3.87257,3.8697000000000004,1.5,1.5
16.08.2021 03:12:21.672,3.87267,3.8697800000000004,1.5,1.5
16.08.2021 03:12:21.900,3.8727500000000004,3.8698699999999997,1.12,1.5
16.08.2021 03:12:50.966,3.87291,3.87014,1.5,1.5
16.08.2021 03:12:51.507,3.87291,3.87014,1,1.5
16.08.2021 03:12:55.726,3.873,3.8701900000000005,1.5,1.5
16.08.2021 03:12:57.963,3.8730400000000005,3.8702400000000003,1,1.5
16.08.2021 03:12:58.361,3.8730400000000005,3.8702400000000003,1.5,1.5
16.08.2021 03:13:12.367,3.87296,3.87011,1.5,1.5
16.08.2021 03:13:12.940,3.87297,3.8701000000000003,1.5,1.5
16.08.2021 03:13:16.138,3.87297,3.8701000000000003,1.5,1.5
16.08.2021 03:13:24.861,3.8729300000000006,3.87005,1.5,1.5
16.08.2021 03:13:41.600,3.8728400000000005,3.87001,1.5,1.5
16.08.2021 03:13:43.279,3.8727400000000003,3.86991,1.5,1.5
16.08.2021 03:16:18.525,3.8727300000000007,3.86974,1.5,1.5
16.08.2021 03:16:18.896,3.8727300000000007,3.86974,1,1.5
16.08.2021 03:16:24.199,3.8728300000000004,3.8698800000000007,1.5,1.5
16.08.2021 03:16:56.295,3.8729199999999997,3.87005,1.5,1.5
16.08.2021 03:16:58.929,3.8729300000000006,3.8700400000000004,1,1.5
16.08.2021 03:17:11.790,3.8729300000000006,3.8700699999999997,1,1.5
16.08.2021 03:17:19.574,3.8729,3.8700400000000004,1,1.5
16.08.2021 03:17:20.022,3.8728400000000005,3.8699900000000005,1.5,1.5
16.08.2021 03:17:20.771,3.8728400000000005,3.8699900000000005,1,1.5
16.08.2021 03:17:20.957,3.87299,3.8700400000000004,1.5,1.5
16.08.2021 03:17:31.556,3.87286,3.86992,1.5,1.5
16.08.2021 03:17:37.734,3.87287,3.86991,1.5,1.5
16.08.2021 03:17:44.780,3.87287,3.86991,1,1.5
16.08.2021 03:17:52.532,3.8730300000000004,3.87002,1.5,1.5
16.08.2021 03:17:52.806,3.8730300000000004,3.87002,1,1.5
16.08.2021 03:17:55.919,3.8730300000000004,3.87002,1.5,1.5
16.08.2021 03:18:05.645,3.8730300000000004,3.8700400000000004,1.5,1.5
16.08.2021 03:18:09.763,3.8730300000000004,3.8700400000000004,1.5,1.5
16.08.2021 03:18:15.552,3.87302,3.87005,1.5,1.5
16.08.2021 03:18:52.392,3.8730300000000004,3.86994,1.5,1.5
16.08.2021 03:19:02.780,3.8730300000000004,3.86994,1.5,1.5
16.08.2021 03:19:08.094,3.8729300000000006,3.8698800000000007,1.5,1.5
16.08.2021 03:19:23.214,3.8729300000000006,3.8698699999999997,1.5,1.5
16.08.2021 03:19:25.512,3.87279,3.86976,1.5,1.5
16.08.2021 03:19:25.854,3.8728000000000002,3.8697500000000002,1.5,1.5
16.08.2021 03:19:26.855,3.87279,3.86976,1.5,1.5
16.08.2021 03:19:28.109,3.87279,3.86976,1.5,1.5
16.08.2021 03:19:28.755,3.8728000000000002,3.86981,1.5,1.5
16.08.2021 03:19:29.158,3.87279,3.86982,1.5,1.5
16.08.2021 03:19:30.098,3.8728000000000002,3.86981,1.5,1.5
16.08.2021 03:19:30.454,3.87279,3.86982,1.5,1.5
16.08.2021 03:19:31.432,3.8728000000000002,3.86981,1.5,1.5
16.08.2021 03:19:39.813,3.8728000000000002,3.8698800000000007,1,1.5
16.08.2021 03:19:39.863,3.8729199999999997,3.8699500000000002,1.5,1.5
16.08.2021 03:19:40.211,3.8729300000000006,3.86994,1.5,1.5
16.08.2021 03:19:55.222,3.8729300000000006,3.86994,1.5,1.5
16.08.2021 03:19:56.223,3.8729300000000006,3.86994,1.5,1.5
16.08.2021 03:20:00.635,3.8729300000000006,3.86994,1.5,1.5
16.08.2021 03:20:02.446,3.8729300000000006,3.8699900000000005,1,1.5
16.08.2021 03:20:02.646,3.8729300000000006,3.8699900000000005,1,1.5
16.08.2021 03:20:11.541,3.8729300000000006,3.8699900000000005,1,1.5
16.08.2021 03:20:20.176,3.8729300000000006,3.8699900000000005,1,1.5
16.08.2021 03:20:26.439,3.8729300000000006,3.8699900000000005,1.5,1.5
16.08.2021 03:20:29.187,3.8729300000000006,3.86994,1.5,1.5
16.08.2021 03:20:52.280,3.8728400000000005,3.86991,1,1.5
16.08.2021 03:20:57.939,3.8728400000000005,3.86991,1,1.5
16.08.2021 03:20:59.605,3.8728400000000005,3.86991,1,1.5
16.08.2021 03:21:07.777,3.8728400000000005,3.8698400000000004,1.5,1.5
16.08.2021 03:21:51.871,3.8728400000000005,3.8698400000000004,1.5,1.5
16.08.2021 03:21:52.308,3.87277,3.8696800000000007,1.5,1.5
16.08.2021 03:22:41.724,3.87277,3.86976,1.5,1.5
16.08.2021 03:22:49.388,3.8728000000000002,3.8698900000000003,1.5,1.5
16.08.2021 03:22:54.965,3.8728000000000002,3.8698900000000003,1,1.5
16.08.2021 03:22:55.066,3.87297,3.87002,1.5,1.5
16.08.2021 03:23:07.048,3.87296,3.8700800000000006,1.5,1.5
16.08.2021 03:23:07.688,3.87297,3.8700699999999997,1.5,1.5
16.08.2021 03:23:10.515,3.87297,3.8700699999999997,1.5,1.5
16.08.2021 03:23:10.717,3.87296,3.8700800000000006,1.5,1.5
16.08.2021 03:23:13.982,3.87297,3.8700699999999997,1.5,1.5
16.08.2021 03:23:32.338,3.87297,3.8700699999999997,1.5,1.5
16.08.2021 03:23:32.502,3.87296,3.8700800000000006,1.5,1.5
16.08.2021 03:23:35.781,3.87297,3.8700699999999997,1.5,1.5
16.08.2021 03:25:32.778,3.8728900000000004,3.87017,1,1.5
16.08.2021 03:25:33.320,3.8728900000000004,3.87017,1.5,1.5
16.08.2021 03:25:56.281,3.8728900000000004,3.87017,1,1.5
16.08.2021 03:25:58.575,3.87286,3.87015,1,1.5
16.08.2021 03:26:42.938,3.87286,3.87015,1.5,1.5
16.08.2021 03:26:44.178,3.87277,3.87002,1,1.5
16.08.2021 03:26:44.279,3.87276,3.8700300000000003,1.5,1.5
16.08.2021 03:27:00.360,3.8726300000000005,3.8699800000000004,1,1.5
16.08.2021 03:27:00.459,3.8726300000000005,3.8699800000000004,1,1.5
16.08.2021 03:27:00.660,3.8726300000000005,3.86992,1.5,1.5
16.08.2021 03:27:02.960,3.8725,3.86981,1,1.5
16.08.2021 03:27:12.118,3.87257,3.86986,1.5,1.5
16.08.2021 03:27:12.228,3.87257,3.86986,1,1.5
16.08.2021 03:27:14.316,3.87257,3.86986,1,1.5
16.08.2021 03:27:19.893,3.8727300000000007,3.8699900000000005,1,1.5
16.08.2021 03:28:48.348,3.8727300000000007,3.8699900000000005,1.5,1.5
16.08.2021 03:29:11.233,3.8726000000000003,3.8699300000000005,1,1.5
16.08.2021 03:29:30.426,3.8726000000000003,3.8698900000000003,1,1.5
16.08.2021 03:29:40.424,3.8726000000000003,3.8698900000000003,1,1.5
16.08.2021 03:29:40.709,3.8726000000000003,3.8698900000000003,1.5,1.5
16.08.2021 03:29:53.373,3.8726000000000003,3.8698900000000003,1,1.5
16.08.2021 03:29:53.775,3.87259,3.8699000000000003,1,1.5
16.08.2021 03:29:54.685,3.87262,3.86997,1,1
16.08.2021 03:29:54.763,3.87262,3.86997,1,1.5
16.08.2021 03:29:54.963,3.8726300000000005,3.86996,1,1.5
16.08.2021 03:30:00.133,3.8726300000000005,3.86996,1,1.5
16.08.2021 03:30:00.335,3.87262,3.86997,1,1.5
16.08.2021 03:30:00.715,3.87262,3.86997,1,1.5
16.08.2021 03:30:01.056,3.8725300000000007,3.8699000000000003,1,1.5
16.08.2021 03:30:01.222,3.8725400000000003,3.8698900000000003,1,1.5
16.08.2021 03:30:07.616,3.8725300000000007,3.8699000000000003,1,1.5
16.08.2021 03:30:14.732,3.87266,3.86996,1,1.5
16.08.2021 03:30:14.881,3.87266,3.86996,1,1.5
16.08.2021 03:30:27.976,3.8727199999999997,3.8700300000000003,1,1.5
16.08.2021 03:30:28.166,3.8727500000000004,3.87016,1.12,1
16.08.2021 03:30:28.217,3.8728300000000004,3.87016,1,1.5
16.08.2021 03:30:31.761,3.8727199999999997,3.87011,1,1.5
16.08.2021 03:30:31.896,3.8727300000000007,3.87005,1.5,1.12
16.08.2021 03:30:31.965,3.87259,3.8699800000000004,1,1.5
16.08.2021 03:30:37.616,3.8726000000000003,3.86997,1,1.5
16.08.2021 03:30:40.882,3.87247,3.8699800000000004,1,1.5
16.08.2021 03:30:42.297,3.87261,3.86992,1,1.5
16.08.2021 03:30:42.497,3.87261,3.86992,1,1.5
16.08.2021 03:30:42.603,3.8727300000000007,3.8700800000000006,1,1.5
16.08.2021 03:30:47.595,3.8727400000000003,3.8700699999999997,1,1.5
16.08.2021 03:30:47.645,3.87257,3.87005,1,1.5
16.08.2021 03:31:38.594,3.8726400000000005,3.8700300000000003,1,1.5
16.08.2021 03:31:38.789,3.8726400000000005,3.8700300000000003,1,1.5
16.08.2021 03:31:59.291,3.87276,3.8701800000000004,1,1.5
16.08.2021 03:31:59.400,3.87276,3.8701800000000004,1,1.5
16.08.2021 03:32:07.776,3.87286,3.87025,1,1.5
16.08.2021 03:32:07.941,3.87287,3.8702900000000002,1,1.5
16.08.2021 03:32:08.241,3.87277,3.8702900000000002,1,1.5
16.08.2021 03:32:08.291,3.87277,3.8702900000000002,1,1.5
16.08.2021 03:32:12.887,3.87277,3.8702900000000002,1,1.5
16.08.2021 03:32:14.312,3.87291,3.8703000000000003,1,1.5
16.08.2021 03:34:01.576,3.873,3.8704500000000004,1,1.12
16.08.2021 03:34:07.853,3.87299,3.87046,1,1.5
16.08.2021 03:34:30.375,3.873,3.8704500000000004,1,1.12
16.08.2021 03:34:33.909,3.8731,3.8705000000000003,1,1
16.08.2021 03:34:33.960,3.8730900000000004,3.87051,1,1.5
16.08.2021 03:34:34.010,3.8732699999999998,3.87066,1.5,1
16.08.2021 03:34:34.061,3.8732699999999998,3.87066,1,1.5
16.08.2021 03:34:34.781,3.8732699999999998,3.8706800000000006,1,1.5
16.08.2021 03:34:44.056,3.87317,3.8706800000000006,1,1.5
16.08.2021 03:34:44.107,3.87316,3.87069,1,1.5
16.08.2021 03:34:46.783,3.87317,3.8706800000000006,1,1
16.08.2021 03:34:50.624,3.87317,3.8705900000000004,1,1.5
16.08.2021 03:34:51.060,3.87316,3.8705800000000004,1,1.5
16.08.2021 03:35:03.841,3.87317,3.87057,1,1.5
16.08.2021 03:35:23.459,3.8732300000000004,3.87057,1,1.5
16.08.2021 03:35:29.005,3.8732300000000004,3.87057,1.5,1
16.08.2021 03:35:29.240,3.8731300000000006,3.87047,1.5,1.5
16.08.2021 03:35:30.705,3.8731199999999997,3.8704800000000006,1.5,2
16.08.2021 03:35:32.172,3.8731199999999997,3.8704800000000006,1,2
16.08.2021 03:35:43.701,3.8731300000000006,3.87047,1.5,1.5
16.08.2021 03:35:44.263,3.8731199999999997,3.8704800000000006,1,2
16.08.2021 03:35:44.666,3.8731199999999997,3.8704800000000006,1,2
16.08.2021 03:35:54.037,3.8732699999999998,3.8705300000000005,1.5,1.5
16.08.2021 03:37:01.669,3.8732400000000005,3.8705300000000005,1,1.5
16.08.2021 03:37:12.522,3.8732400000000005,3.8705300000000005,1.5,1
16.08.2021 03:37:41.191,3.87325,3.87066,1.5,1
16.08.2021 03:37:41.241,3.87325,3.87066,1.5,1
16.08.2021 03:37:50.667,3.87325,3.87066,1.5,1
16.08.2021 03:37:56.432,3.87325,3.87066,1.5,1
16.08.2021 03:38:13.337,3.87325,3.87066,1.5,1
16.08.2021 03:38:13.387,3.8732400000000005,3.87061,1.5,1
16.08.2021 03:39:54.005,3.87317,3.87057,2,1
16.08.2021 03:42:36.997,3.8730300000000004,3.8704800000000006,1,1
16.08.2021 03:43:19.853,3.8730400000000005,3.87047,1,1.5
16.08.2021 03:43:46.749,3.8731400000000002,3.87057,1.5,1
16.08.2021 03:43:46.920,3.8731400000000002,3.87057,1,1
16.08.2021 03:44:22.751,3.8731400000000002,3.87057,1,1.5
16.08.2021 03:44:36.463,3.8731400000000002,3.87057,1,1
16.08.2021 03:44:43.851,3.8731400000000002,3.87057,1,1.5
16.08.2021 03:44:47.167,3.8731300000000006,3.8705800000000004,1,1
16.08.2021 03:44:48.532,3.8730400000000005,3.87047,1,1.5
16.08.2021 03:44:48.598,3.8730400000000005,3.87047,1,1
16.08.2021 03:44:52.208,3.8730300000000004,3.8704800000000006,1,1.5
16.08.2021 03:44:52.409,3.8730400000000005,3.87047,1,1
16.08.2021 03:45:55.251,3.8729,3.87035,1,1.5
16.08.2021 03:45:55.416,3.87291,3.87035,1.5,1
16.08.2021 03:45:57.892,3.87277,3.87035,1,1
16.08.2021 03:45:57.942,3.87277,3.8701900000000005,1,1.5
16.08.2021 03:45:57.993,3.87265,3.8701000000000003,1,2
16.08.2021 03:46:03.726,3.87265,3.8701000000000003,1.5,1.5
16.08.2021 03:46:05.413,3.87266,3.8700900000000003,1,1.5
16.08.2021 03:46:39.851,3.87257,3.8701000000000003,1,1
16.08.2021 03:46:43.658,3.8725800000000006,3.8699900000000005,1,1.5
16.08.2021 03:46:55.268,3.8724600000000002,3.8699300000000005,1,1.5
16.08.2021 03:46:55.619,3.8724600000000002,3.8699300000000005,1,1.5
16.08.2021 03:48:12.919,3.8724600000000002,3.8698900000000003,1,1.5
16.08.2021 03:48:25.836,3.8724600000000002,3.8698900000000003,1,1.5
16.08.2021 03:48:51.706,3.8724600000000002,3.8698900000000003,1,1.5
16.08.2021 03:48:51.765,3.8725800000000006,3.8699900000000005,1,1.5
16.08.2021 03:49:00.463,3.8725800000000006,3.8699900000000005,1,1.5
16.08.2021 03:49:32.902,3.8725800000000006,3.8700800000000006,1,1
16.08.2021 03:49:47.732,3.8724300000000005,3.8700800000000006,1,1
16.08.2021 03:49:47.783,3.8724300000000005,3.86997,1,1.5
16.08.2021 03:49:51.484,3.87242,3.8699800000000004,1,1
16.08.2021 03:49:53.226,3.8724300000000005,3.86997,1,1.5
16.08.2021 03:50:00.488,3.8724300000000005,3.86997,1,1
16.08.2021 03:50:01.546,3.8724300000000005,3.86997,1,1.5
16.08.2021 03:50:02.347,3.87242,3.8699800000000004,1,1
16.08.2021 03:50:08.220,3.8724300000000005,3.86997,1,1.5
16.08.2021 03:50:10.388,3.8724300000000005,3.86997,1,1
16.08.2021 03:50:10.880,3.8724300000000005,3.86997,1,1.5
16.08.2021 03:50:13.536,3.8724300000000005,3.86997,1,1
16.08.2021 03:50:48.513,3.8724300000000005,3.86986,1,1.5
16.08.2021 03:51:03.152,3.8724300000000005,3.86986,1,1.5
16.08.2021 03:51:06.325,3.8724300000000005,3.86986,1,1.5
16.08.2021 03:51:19.822,3.8725800000000006,3.8700300000000003,1,1.5
16.08.2021 03:51:19.922,3.8726900000000004,3.87011,1,1.5
16.08.2021 03:51:20.029,3.8726900000000004,3.87011,1,1.5
16.08.2021 03:53:06.014,3.8726900000000004,3.8702800000000006,1,1
16.08.2021 03:53:06.065,3.8727500000000004,3.8702800000000006,1,1
16.08.2021 03:53:06.150,3.8727500000000004,3.8702800000000006,1,1.5
16.08.2021 03:53:06.353,3.8727500000000004,3.8702800000000006,1,1
16.08.2021 03:53:10.256,3.8727500000000004,3.8702800000000006,1,1.5
16.08.2021 03:53:10.662,3.8727500000000004,3.8702800000000006,1,1
16.08.2021 03:53:27.690,3.8727500000000004,3.8701900000000005,1,1.5
16.08.2021 03:53:28.415,3.8727400000000003,3.8701900000000005,1,1
16.08.2021 03:53:28.618,3.8727500000000004,3.8701800000000004,1,1.5
16.08.2021 03:53:30.535,3.8727400000000003,3.8701900000000005,1.12,1
16.08.2021 03:53:30.585,3.87262,3.87014,1,1.5
16.08.2021 03:54:24.717,3.87271,3.8701300000000005,1,1.5
16.08.2021 03:54:24.851,3.87271,3.8701300000000005,1,1.5
16.08.2021 03:54:34.007,3.87282,3.8702199999999998,1,1.5
16.08.2021 03:54:34.138,3.87282,3.8702199999999998,1,1.5
16.08.2021 03:54:54.808,3.8729199999999997,3.87032,1,1.5
16.08.2021 03:55:07.485,3.87291,3.8703300000000005,1.5,1
16.08.2021 03:55:12.100,3.87291,3.8703300000000005,1,1.5
16.08.2021 03:55:25.562,3.8729199999999997,3.8703900000000004,1,1
16.08.2021 03:55:25.666,3.8731400000000002,3.87061,1,1.5
16.08.2021 03:55:49.063,3.87321,3.87061,1,1.5
16.08.2021 03:55:52.386,3.87321,3.87061,1.5,1
16.08.2021 03:56:22.412,3.8731199999999997,3.87051,1,1.5
16.08.2021 03:56:46.580,3.8730800000000003,3.87051,1,1.5
16.08.2021 03:56:47.211,3.8730800000000003,3.87051,1.5,1
16.08.2021 03:56:55.162,3.8730800000000003,3.87051,1,1.5
16.08.2021 03:57:51.368,3.8731199999999997,3.87051,1,1.5
16.08.2021 03:58:48.146,3.8731800000000005,3.8705800000000004,2,1
16.08.2021 03:58:49.349,3.8730800000000003,3.87051,1,1.5
16.08.2021 03:59:11.615,3.8731400000000002,3.8705800000000004,1,1
16.08.2021 03:59:11.778,3.8731400000000002,3.8705800000000004,1,1.5
16.08.2021 03:59:12.938,3.8731800000000005,3.8705800000000004,1,1.5
16.08.2021 03:59:48.955,3.8731800000000005,3.8705800000000004,1.5,1
16.08.2021 03:59:49.158,3.8731800000000005,3.8705800000000004,1,1.5
16.08.2021 04:00:35.593,3.87339,3.8708199999999997,1.5,1
16.08.2021 04:00:35.644,3.87339,3.8708199999999997,1,1.5
16.08.2021 04:03:09.160,3.87339,3.8708199999999997,1.5,1
16.08.2021 04:03:09.261,3.8732800000000003,3.87071,1,1.5
16.08.2021 04:03:10.301,3.8732699999999998,3.87072,1.5,1
16.08.2021 04:03:23.727,3.8732699999999998,3.87072,1,1.5
16.08.2021 04:04:00.495,3.8732800000000003,3.87071,1.5,1
16.08.2021 04:04:00.545,3.8731800000000005,3.87061,1,1.5
16.08.2021 04:04:00.666,3.8731800000000005,3.87061,1.5,1
16.08.2021 04:04:56.684,3.8730800000000003,3.8705400000000005,1,1.5
16.08.2021 04:07:35.557,3.87321,3.87061,1.5,1
16.08.2021 04:07:35.686,3.8732,3.8706199999999997,1,1.5
16.08.2021 04:07:38.311,3.8732300000000004,3.87072,1,1
16.08.2021 04:07:53.635,3.87331,3.87071,1.5,1
16.08.2021 04:08:17.114,3.8733500000000003,3.87071,1.12,1.5
16.08.2021 04:08:40.922,3.8733500000000003,3.87071,1.5,1
16.08.2021 04:09:06.722,3.8733500000000003,3.87071,1.12,1.5
16.08.2021 04:09:56.057,3.8733500000000003,3.87071,1.12,1
16.08.2021 04:10:01.208,3.8733500000000003,3.87071,1.12,1.5
16.08.2021 04:10:13.510,3.8733400000000002,3.87072,1.5,1
16.08.2021 04:10:23.016,3.8733500000000003,3.87071,1.12,1.5
16.08.2021 04:10:30.566,3.8733500000000003,3.87071,1.5,1
16.08.2021 04:10:57.121,3.8733500000000003,3.87071,1.12,1.5
16.08.2021 04:11:02.664,3.8733500000000003,3.87071,1.12,1
16.08.2021 04:11:10.235,3.8733400000000002,3.87072,1.12,1.5
16.08.2021 04:11:14.984,3.8733400000000002,3.87072,1.12,1
16.08.2021 04:11:23.025,3.8733500000000003,3.87071,1.5,1
16.08.2021 04:11:23.137,3.87331,3.8706800000000006,1.5,1
16.08.2021 04:11:23.272,3.87326,3.8706800000000006,1.5,1
16.08.2021 04:11:29.439,3.87325,3.87069,1.5,1
16.08.2021 04:12:26.025,3.87331,3.8706800000000006,1,1
16.08.2021 04:12:53.695,3.87331,3.8706800000000006,1.5,1
16.08.2021 04:13:26.340,3.8732400000000005,3.8706800000000006,1,1
16.08.2021 04:13:26.532,3.8732400000000005,3.8706800000000006,1.5,1
16.08.2021 04:13:27.016,3.8732,3.8706199999999997,1.5,1
16.08.2021 04:13:58.292,3.8731500000000003,3.8705800000000004,1.12,1
16.08.2021 04:15:04.498,3.8731500000000003,3.8705800000000004,1.5,1
16.08.2021 04:17:10.459,3.8731500000000003,3.8705800000000004,1.12,1
16.08.2021 04:20:03.650,3.8730400000000005,3.87046,1,1.5
16.08.2021 04:20:05.634,3.8731500000000003,3.8705800000000004,1.12,1
16.08.2021 04:20:09.210,3.8731500000000003,3.8705800000000004,1,1.5
16.08.2021 04:20:09.433,3.8732699999999998,3.87071,1.5,1
16.08.2021 04:20:09.609,3.8732800000000003,3.87071,1,1.5
16.08.2021 04:20:09.859,3.8732800000000003,3.87071,1.5,1
16.08.2021 04:20:10.060,3.8732800000000003,3.87071,1.5,1
16.08.2021 04:20:30.272,3.8731400000000002,3.8705600000000002,1.12,1.12
16.08.2021 04:22:12.502,3.87291,3.8703000000000003,1,1.5
16.08.2021 04:22:12.653,3.87279,3.8702400000000003,1,1.5
16.08.2021 04:27:23.633,3.8726900000000004,3.87006,1,1.62
16.08.2021 04:27:23.780,3.8726900000000004,3.87006,1,1.5
16.08.2021 04:28:17.509,3.8727199999999997,3.8701000000000003,1,1.5
16.08.2021 04:28:17.678,3.8727199999999997,3.8701000000000003,1,2
16.08.2021 04:28:27.056,3.8727300000000007,3.87016,1,1
16.08.2021 04:28:27.106,3.8728900000000004,3.8702199999999998,1,1.5
16.08.2021 04:28:27.265,3.8728800000000003,3.8702300000000003,1,1.5
16.08.2021 04:28:29.161,3.8728900000000004,3.8702199999999998,1,1.5
16.08.2021 04:28:35.646,3.8728800000000003,3.8702300000000003,1,1.5
16.08.2021 04:28:41.172,3.8728900000000004,3.8702199999999998,1,1.5
16.08.2021 04:28:47.266,3.8728900000000004,3.8702199999999998,1,1.5
16.08.2021 04:29:00.063,3.8728900000000004,3.8702199999999998,1,1.5
16.08.2021 04:29:00.203,3.87296,3.87035,1,1.5
16.08.2021 04:29:07.544,3.87296,3.87035,1,1.5
16.08.2021 04:29:08.705,3.87296,3.87035,1,1.5
16.08.2021 04:29:08.756,3.87285,3.8702400000000003,1,2
16.08.2021 04:29:10.356,3.87285,3.87027,1,1
16.08.2021 04:29:10.557,3.87285,3.87027,1,1
16.08.2021 04:29:36.450,3.87281,3.8702300000000003,1,1.5
16.08.2021 04:29:38.955,3.87282,3.8702199999999998,1,1.5
16.08.2021 04:29:44.231,3.8726800000000003,3.8701000000000003,1,1.5
16.08.2021 04:29:44.281,3.8726900000000004,3.8700900000000003,1,1.5
16.08.2021 04:29:46.457,3.8726900000000004,3.8700900000000003,1,1.5
16.08.2021 04:30:38.002,3.87256,3.8700699999999997,1,1.5
16.08.2021 04:30:38.081,3.87256,3.8700699999999997,1,1.5
16.08.2021 04:30:42.608,3.87256,3.8700699999999997,1,1.5
16.08.2021 04:30:42.752,3.8724000000000003,3.86997,1,1.5
16.08.2021 04:30:42.933,3.87239,3.8699800000000004,1,1.5
16.08.2021 04:30:56.666,3.8724000000000003,3.86997,1,1
16.08.2021 04:30:56.716,3.8724000000000003,3.8698300000000003,1,1.5
16.08.2021 04:31:01.509,3.8724000000000003,3.8698300000000003,1,1.5
16.08.2021 04:31:01.559,3.8723,3.86981,1,1.5
16.08.2021 04:31:07.548,3.8723,3.86981,1,1.5
16.08.2021 04:31:30.583,3.87242,3.8698300000000003,1,1.5
16.08.2021 04:31:55.274,3.87242,3.86996,1,1
16.08.2021 04:31:55.474,3.87242,3.86996,1,1.5
16.08.2021 04:32:25.367,3.87242,3.86996,1,1.5
16.08.2021 04:32:27.431,3.87241,3.86997,1,1.5
16.08.2021 04:32:27.976,3.87241,3.86997,1,1.5
16.08.2021 04:32:46.451,3.87242,3.8698300000000003,1,1.5
16.08.2021 04:32:56.998,3.8725,3.8699300000000005,1,1.5
16.08.2021 04:33:26.480,3.8725,3.8699800000000004,1,1
16.08.2021 04:33:26.530,3.87236,3.8698699999999997,1,1.5
16.08.2021 04:33:26.682,3.87236,3.8698699999999997,1,1
16.08.2021 04:33:37.848,3.8723500000000004,3.86981,1,1.5
16.08.2021 04:33:37.899,3.8722900000000005,3.8697900000000005,1,1.5
16.08.2021 04:33:39.899,3.8723,3.8697800000000004,1,1
16.08.2021 04:33:52.508,3.8723,3.8697000000000004,1,1.5
16.08.2021 04:33:52.558,3.8722000000000003,3.8696900000000003,1,1.5
16.08.2021 04:33:58.200,3.8721900000000002,3.8697000000000004,1,1
16.08.2021 04:33:58.250,3.8722000000000003,3.8696900000000003,1,1.5
16.08.2021 04:34:13.693,3.8722000000000003,3.8696900000000003,1,1
16.08.2021 04:34:15.767,3.8721900000000002,3.86962,1,1.5
16.08.2021 04:34:15.818,3.8720300000000005,3.86956,1,1.12
16.08.2021 04:34:33.112,3.8720000000000003,3.86946,1,1.5
16.08.2021 04:34:41.818,3.8720000000000003,3.86946,1,1
16.08.2021 04:34:42.020,3.8719900000000003,3.8694699999999997,1,1.5
16.08.2021 04:34:56.672,3.87222,3.8695800000000005,1.5,1
16.08.2021 04:34:56.722,3.87241,3.86985,1.5,1
16.08.2021 04:34:56.823,3.8724000000000003,3.86986,1,1
16.08.2021 04:35:06.545,3.8724000000000003,3.86986,1,1.5
16.08.2021 04:35:06.747,3.87241,3.86985,1,1
16.08.2021 04:35:07.486,3.8724000000000003,3.86986,1,1.5
16.08.2021 04:35:20.861,3.87241,3.86985,1,1.5
16.08.2021 04:35:25.425,3.87241,3.86985,1,1.5
16.08.2021 04:35:32.206,3.8724800000000004,3.8698800000000007,1,1.5
16.08.2021 04:35:33.558,3.8725300000000007,3.8699800000000004,1,1.5
16.08.2021 04:35:33.732,3.8725400000000003,3.86997,1,1.5
16.08.2021 04:38:01.463,3.8725400000000003,3.86994,1,1.5
16.08.2021 04:39:03.736,3.87241,3.86982,1,1.5
16.08.2021 04:41:21.488,3.8725,3.8699500000000002,1,1.5
16.08.2021 04:42:48.711,3.87251,3.86994,1,1.5
16.08.2021 04:42:50.876,3.8726400000000005,3.87005,1,1.5
16.08.2021 04:42:51.277,3.87271,3.8701000000000003,1,1.5
16.08.2021 04:42:51.328,3.87271,3.8701000000000003,1,1.5
16.08.2021 04:43:38.242,3.87271,3.8701000000000003,1,1.5
16.08.2021 04:43:38.384,3.8728000000000002,3.8702400000000003,1,1.5
16.08.2021 04:49:06.322,3.87267,3.8701000000000003,1,1.5
16.08.2021 04:49:06.491,3.87266,3.8702400000000003,1.5,1
16.08.2021 04:49:07.786,3.87266,3.8702400000000003,1.5,1
16.08.2021 04:49:16.285,3.87267,3.8702300000000003,1.5,1
16.08.2021 04:49:31.787,3.87267,3.8702300000000003,1.5,1
16.08.2021 04:49:55.343,3.87266,3.8702400000000003,1.5,1
16.08.2021 04:50:10.728,3.87266,3.87011,1.5,1
16.08.2021 04:50:57.468,3.87266,3.87011,1.5,1
16.08.2021 04:51:07.838,3.87267,3.87014,1.5,1
16.08.2021 04:51:07.889,3.87266,3.87011,1.5,1
16.08.2021 04:51:08.668,3.87257,3.8700699999999997,1.5,1
16.08.2021 04:51:20.919,3.8724400000000005,3.8699300000000005,1,1.5
16.08.2021 04:51:20.986,3.8724400000000005,3.8699300000000005,1,1
16.08.2021 04:52:20.987,3.8724300000000005,3.8698900000000003,1,1
16.08.2021 04:52:47.695,3.8724400000000005,3.8698800000000007,1.5,1
16.08.2021 04:52:48.051,3.8724300000000005,3.86994,1.5,1
16.08.2021 04:52:54.287,3.8723500000000004,3.8699300000000005,1.5,1
16.08.2021 04:53:09.050,3.8723400000000003,3.86985,1.5,1
16.08.2021 04:53:09.101,3.8723500000000004,3.8698,1.12,1
16.08.2021 04:53:12.041,3.87247,3.8698800000000007,1.5,1
16.08.2021 04:53:50.865,3.8724800000000004,3.8698800000000007,1.5,1
16.08.2021 04:54:00.111,3.8723800000000006,3.8698400000000004,1.5,1
16.08.2021 04:54:17.873,3.8723800000000006,3.8698400000000004,1,1.5
16.08.2021 04:54:21.262,3.8723800000000006,3.8697800000000004,1,1
16.08.2021 04:54:21.774,3.87224,3.8697000000000004,1,1.5
16.08.2021 04:54:28.318,3.87224,3.8697000000000004,1,1
16.08.2021 04:54:43.788,3.87224,3.8697000000000004,1,1.5
16.08.2021 04:55:20.747,3.87225,3.8696900000000003,1,1.5
16.08.2021 04:57:20.529,3.8721800000000006,3.86965,1,1.5
16.08.2021 04:58:57.670,3.87236,3.8698,1.5,1
16.08.2021 04:58:58.916,3.87236,3.8698699999999997,1.5,1
16.08.2021 04:58:59.380,3.8723500000000004,3.8698800000000007,1,1
16.08.2021 04:58:59.906,3.8723500000000004,3.8698800000000007,1.5,1
16.08.2021 04:59:45.065,3.8724300000000005,3.8698699999999997,1,1
16.08.2021 04:59:46.233,3.87242,3.8699800000000004,1,1
16.08.2021 05:00:00.007,3.8725199999999997,3.86997,1.5,1
16.08.2021 05:00:00.923,3.8726300000000005,3.86985,1,1.5
16.08.2021 05:03:52.529,3.87265,3.8698900000000003,1.5,1
16.08.2021 05:03:52.679,3.87271,3.8698800000000007,1.5,1.5
16.08.2021 05:03:54.818,3.87271,3.8698800000000007,1.5,1.5
16.08.2021 05:04:02.641,3.87281,3.8699800000000004,1.5,1
16.08.2021 05:04:05.284,3.8728000000000002,3.8699900000000005,1.5,1.5
16.08.2021 05:04:31.094,3.8729300000000006,3.8700699999999997,1.5,1
16.08.2021 05:04:31.188,3.8729199999999997,3.8700800000000006,1.5,1.5
16.08.2021 05:05:22.125,3.87296,3.87017,1.5,1
16.08.2021 05:05:22.176,3.8730400000000005,3.87017,1.5,1.5
16.08.2021 05:06:41.309,3.8730400000000005,3.87017,1.5,1.5
16.08.2021 05:06:50.732,3.87307,3.87027,1.5,1
16.08.2021 05:06:50.782,3.87307,3.87027,1.5,1.5
16.08.2021 05:06:51.436,3.87307,3.87027,1.5,1.5
16.08.2021 05:07:25.707,3.87307,3.87027,1.5,1.5
16.08.2021 05:07:27.375,3.87307,3.87027,1.5,1.5
16.08.2021 05:07:28.572,3.87277,3.87006,1,1.5
16.08.2021 05:07:28.623,3.87261,3.8699800000000004,1,1.5
16.08.2021 05:07:28.924,3.87261,3.8698300000000003,1,1.5
16.08.2021 05:07:29.082,3.87261,3.8698300000000003,1,1.5
16.08.2021 05:08:24.630,3.87267,3.8698300000000003,1.5,1.5
16.08.2021 05:09:13.653,3.87277,3.86996,2,1.62
16.08.2021 05:09:13.998,3.87277,3.86996,1.5,1.62
16.08.2021 05:09:15.284,3.87277,3.86996,2,1.5
16.08.2021 05:10:01.547,3.87277,3.86996,2,1.5
16.08.2021 05:12:16.788,3.8727400000000003,3.8699300000000005,1,1.5
16.08.2021 05:12:21.879,3.8727400000000003,3.8699300000000005,1.5,1.5
16.08.2021 05:12:28.123,3.8727300000000007,3.86994,1,1.5
16.08.2021 05:12:28.317,3.87276,3.8700400000000004,1,1.5
