Gmt time,Ask,Bid,AskVolume,BidVolume
30.08.2021 00:00:00.027,1.34575,1.34543,2.75,1
30.08.2021 00:00:00.128,1.3456700000000001,1.34539,1,1.5
30.08.2021 00:00:00.279,1.34573,1.34539,1.5,1
30.08.2021 00:00:00.407,1.34572,1.3454000000000002,1.5,1
30.08.2021 00:00:04.173,1.34572,1.34544,1.5,1
30.08.2021 00:00:05.207,1.34569,1.34543,1,1
30.08.2021 00:00:05.257,1.34572,1.3454000000000002,1.5,1.5
30.08.2021 00:00:05.358,1.34573,1.34539,1.5,1
30.08.2021 00:00:05.726,1.34573,1.34539,1.5,1
30.08.2021 00:00:06.035,1.34572,1.3454000000000002,1.5,1
30.08.2021 00:00:06.448,1.34573,1.34539,1.5,1
30.08.2021 00:00:07.123,1.34572,1.3454000000000002,1.5,1
30.08.2021 00:00:07.174,1.34572,1.34544,1.5,1
30.08.2021 00:00:07.330,1.34572,1.34544,1.5,1
30.08.2021 00:00:09.117,1.34573,1.34543,1.5,1
30.08.2021 00:00:10.555,1.34573,1.34543,1.5,1
30.08.2021 00:00:11.264,1.34572,1.34544,1.5,1
30.08.2021 00:00:12.229,1.34573,1.34543,1.5,1
30.08.2021 00:00:24.861,1.34574,1.34543,1.5,1
30.08.2021 00:00:25.456,1.34574,1.34543,1.5,1
30.08.2021 00:00:26.481,1.34573,1.34544,1.5,1
30.08.2021 00:00:26.582,1.34573,1.34543,1.5,1
30.08.2021 00:00:30.642,1.34572,1.34544,1.5,1
30.08.2021 00:00:34.251,1.34568,1.34544,1,1
30.08.2021 00:00:35.586,1.34575,1.34542,1.5,1
30.08.2021 00:00:35.879,1.34566,1.34542,1,1
30.08.2021 00:00:42.760,1.34569,1.34541,1.5,1
30.08.2021 00:00:42.861,1.3457000000000001,1.34538,1.5,1
30.08.2021 00:00:42.985,1.3457000000000001,1.3453600000000001,1.5,2.25
30.08.2021 00:00:43.756,1.34566,1.3454000000000002,1,1
30.08.2021 00:00:43.895,1.34566,1.3453600000000001,1,1
30.08.2021 00:00:44.012,1.34566,1.34535,1,1.5
30.08.2021 00:00:44.113,1.34566,1.3453600000000001,1,1
30.08.2021 00:00:44.214,1.34566,1.3453700000000002,1,1
30.08.2021 00:00:46.808,1.34566,1.3453600000000001,1,1.5
30.08.2021 00:00:47.075,1.34565,1.34535,1,1.5
30.08.2021 00:00:47.226,1.3456299999999999,1.34539,1,1
30.08.2021 00:00:47.535,1.34566,1.34533,1.5,1.5
30.08.2021 00:00:47.642,1.34562,1.34533,1,1.5
30.08.2021 00:00:48.167,1.3456100000000002,1.3453600000000001,1,1
30.08.2021 00:00:48.588,1.34562,1.34533,1,1
30.08.2021 00:00:49.796,1.3456100000000002,1.34532,1,1.5
30.08.2021 00:00:49.846,1.34559,1.34532,1,1
30.08.2021 00:00:50.070,1.3456100000000002,1.34532,1,1
30.08.2021 00:00:56.286,1.3456299999999999,1.34535,1.5,1
30.08.2021 00:00:56.337,1.34562,1.34531,1.5,1.5
30.08.2021 00:00:59.052,1.34562,1.34534,1.5,1
30.08.2021 00:01:00.625,1.34562,1.34533,1,1
30.08.2021 00:01:03.109,1.3456299999999999,1.34533,1.5,1
30.08.2021 00:01:04.945,1.3456000000000001,1.3453000000000002,1,1
30.08.2021 00:01:05.046,1.3456100000000002,1.3453000000000002,1.5,1
30.08.2021 00:01:05.340,1.3456100000000002,1.34533,1.5,1
30.08.2021 00:01:07.199,1.3456000000000001,1.34533,1,1
30.08.2021 00:01:07.300,1.3456299999999999,1.34533,1.5,1
30.08.2021 00:01:07.990,1.3456299999999999,1.34533,1.5,1
30.08.2021 00:01:11.011,1.34562,1.34532,1,1.5
30.08.2021 00:01:11.420,1.34562,1.34535,1.5,1
30.08.2021 00:01:11.571,1.34562,1.3453600000000001,1,1.5
30.08.2021 00:01:26.648,1.34562,1.34538,1,1
30.08.2021 00:01:31.310,1.34564,1.34538,1,1
30.08.2021 00:01:31.592,1.34565,1.34542,1.5,1
30.08.2021 00:01:31.746,1.3456700000000001,1.34541,1,1
30.08.2021 00:01:37.373,1.34566,1.34542,1,1
30.08.2021 00:01:42.660,1.34565,1.34544,1,1.5
30.08.2021 00:01:48.930,1.34565,1.34546,1,1
30.08.2021 00:01:53.321,1.3456700000000001,1.3454700000000002,1,1
30.08.2021 00:01:54.788,1.3456700000000001,1.34549,1.5,1
30.08.2021 00:01:54.889,1.3456700000000001,1.3455000000000001,1,1
30.08.2021 00:01:55.100,1.34568,1.3455000000000001,1,1.5
30.08.2021 00:01:55.366,1.3457000000000001,1.3455100000000002,1.5,1
30.08.2021 00:01:55.467,1.3457100000000002,1.3455100000000002,1.5,1
30.08.2021 00:01:55.894,1.3457100000000002,1.3455100000000002,2,1.12
30.08.2021 00:01:57.204,1.3457100000000002,1.3455100000000002,1.87,1.12
30.08.2021 00:01:58.775,1.34569,1.34549,1,2
30.08.2021 00:02:00.634,1.34569,1.34549,1,2
30.08.2021 00:02:01.112,1.34568,1.34549,1,1.5
30.08.2021 00:02:01.634,1.34568,1.34548,1,2
30.08.2021 00:02:11.655,1.34568,1.34548,1,1.87
30.08.2021 00:02:15.683,1.3456700000000001,1.34549,1,1.5
30.08.2021 00:02:21.249,1.34568,1.3455100000000002,1,1
30.08.2021 00:02:21.350,1.3457000000000001,1.34554,1.12,1
30.08.2021 00:02:21.501,1.3457100000000002,1.34554,1,1
30.08.2021 00:02:26.271,1.3457100000000002,1.34556,1,1
30.08.2021 00:02:26.454,1.34575,1.34556,1,1
30.08.2021 00:02:26.505,1.34579,1.34559,1.12,1.5
30.08.2021 00:02:28.101,1.34578,1.3456000000000001,1,3.5
30.08.2021 00:02:35.592,1.3458,1.3456100000000002,1.5,1
30.08.2021 00:02:35.693,1.34583,1.34565,1.5,1
30.08.2021 00:02:41.050,1.34584,1.34564,2,1
30.08.2021 00:02:45.299,1.34583,1.34564,2,1
30.08.2021 00:02:45.402,1.34584,1.34562,1.5,1.12
30.08.2021 00:03:01.859,1.34583,1.3456100000000002,1.12,1.12
30.08.2021 00:03:05.768,1.3458200000000002,1.34562,2,1
30.08.2021 00:03:27.157,1.3458200000000002,1.34562,1.87,1
30.08.2021 00:03:28.309,1.34583,1.3456100000000002,2,1
30.08.2021 00:03:29.195,1.34583,1.3456100000000002,1.87,1
30.08.2021 00:03:38.199,1.3458200000000002,1.3456100000000002,1,1
30.08.2021 00:03:44.369,1.34583,1.34562,1.5,1.5
30.08.2021 00:03:45.208,1.34583,1.34562,1,1.5
30.08.2021 00:03:45.309,1.34583,1.34564,1,1.5
30.08.2021 00:03:45.360,1.34585,1.34566,1.5,1
30.08.2021 00:03:45.524,1.34585,1.34566,1.87,2
30.08.2021 00:03:45.689,1.34589,1.34568,1.12,2
30.08.2021 00:03:45.890,1.34588,1.34569,1,1.5
30.08.2021 00:03:46.090,1.3459100000000002,1.34572,2,1
30.08.2021 00:03:46.141,1.34593,1.34572,1,1.5
30.08.2021 00:03:46.841,1.3459400000000001,1.34573,1.5,1
30.08.2021 00:03:48.852,1.34596,1.34575,1.5,1
30.08.2021 00:04:08.544,1.34598,1.34574,2.25,1.5
30.08.2021 00:04:10.649,1.34598,1.34576,1,1
30.08.2021 00:04:10.750,1.3460200000000002,1.34578,2.25,1
30.08.2021 00:04:11.144,1.3460200000000002,1.3458100000000002,1.5,1
30.08.2021 00:05:12.805,1.3460400000000001,1.34579,1.12,1
30.08.2021 00:05:18.938,1.3460400000000001,1.34579,1.5,1
30.08.2021 00:05:27.711,1.34607,1.34576,2.85,1.6
30.08.2021 00:05:31.098,1.34603,1.3458,1.5,1
30.08.2021 00:05:37.243,1.3460400000000001,1.34579,1,2.25
30.08.2021 00:05:37.344,1.34606,1.3458200000000002,2.25,1
30.08.2021 00:05:53.217,1.34606,1.34584,1,2.25
30.08.2021 00:05:53.318,1.34608,1.34586,2.25,2
30.08.2021 00:05:57.121,1.34609,1.34585,2.25,2
30.08.2021 00:05:58.121,1.34609,1.34585,2.25,2
30.08.2021 00:06:00.258,1.3461,1.34586,2.62,1.12
30.08.2021 00:06:01.253,1.3461,1.3458700000000001,1.12,1
30.08.2021 00:06:05.793,1.34609,1.34588,1,1
30.08.2021 00:06:06.320,1.34608,1.34589,1,1.5
30.08.2021 00:06:09.327,1.34608,1.34589,1,1.12
30.08.2021 00:06:25.557,1.3461100000000001,1.3459,2.75,1
30.08.2021 00:06:25.658,1.3461100000000001,1.3459200000000002,1,1.5
30.08.2021 00:07:25.659,1.34613,1.3459100000000002,1,1
30.08.2021 00:07:33.186,1.34615,1.34589,1.5,1.2
30.08.2021 00:07:35.615,1.3461200000000002,1.3459200000000002,1,1
30.08.2021 00:07:52.938,1.3461100000000001,1.3459200000000002,1,1.5
30.08.2021 00:07:53.089,1.3461200000000002,1.3459,1,1
30.08.2021 00:07:53.139,1.3461200000000002,1.34589,1.5,1.12
30.08.2021 00:07:53.293,1.3461400000000001,1.34588,1.5,1.12
30.08.2021 00:08:07.737,1.3461400000000001,1.34588,1,2.62
30.08.2021 00:08:09.006,1.34615,1.34588,1,1
30.08.2021 00:08:09.435,1.34616,1.34588,1,1.5
30.08.2021 00:08:09.536,1.34616,1.3459,1,1.5
30.08.2021 00:08:09.687,1.34616,1.3459100000000002,1,1
30.08.2021 00:08:09.805,1.34617,1.3459100000000002,2.25,1
30.08.2021 00:08:10.240,1.34619,1.3459100000000002,1.12,1.57
30.08.2021 00:08:10.342,1.34618,1.34593,1.12,1.5
30.08.2021 00:08:10.450,1.3462,1.3459200000000002,1,1.5
30.08.2021 00:08:10.550,1.3462200000000002,1.34598,1.5,1
30.08.2021 00:08:11.577,1.34623,1.34599,1.12,1
30.08.2021 00:08:12.502,1.3462200000000002,1.34599,1,1
30.08.2021 00:08:13.109,1.34623,1.34597,1.5,1
30.08.2021 00:08:13.509,1.34623,1.34596,2.25,1
30.08.2021 00:08:13.900,1.3462200000000002,1.34596,1,1
30.08.2021 00:08:13.951,1.34617,1.34597,1,1
30.08.2021 00:08:14.052,1.34616,1.34593,1.1,1.5
30.08.2021 00:08:14.102,1.34616,1.34593,2.07,1.5
30.08.2021 00:08:14.505,1.34615,1.34588,1.2,1.62
30.08.2021 00:08:14.605,1.34613,1.34588,1,1.12
30.08.2021 00:08:20.132,1.3461100000000001,1.34589,1,1.87
30.08.2021 00:08:20.346,1.3461100000000001,1.3459,1,1
30.08.2021 00:09:23.807,1.3461100000000001,1.3459,1.5,1
30.08.2021 00:09:28.785,1.3461200000000002,1.34588,1.5,4.12
30.08.2021 00:09:28.935,1.3461200000000002,1.3458700000000001,2.32,1
30.08.2021 00:09:29.082,1.3461100000000001,1.34586,2.25,1
30.08.2021 00:09:29.214,1.34609,1.34584,1,2.25
30.08.2021 00:09:29.499,1.34609,1.34585,1,1
30.08.2021 00:09:29.600,1.34608,1.34584,1,1.5
30.08.2021 00:09:29.962,1.34607,1.34585,1,1.12
30.08.2021 00:09:30.694,1.34606,1.34585,1,1
30.08.2021 00:09:31.796,1.3460400000000001,1.34585,1.12,1
30.08.2021 00:09:31.846,1.3460400000000001,1.3458200000000002,1,1.87
30.08.2021 00:09:32.895,1.3460400000000001,1.3458200000000002,1.5,1.5
30.08.2021 00:10:01.989,1.3460200000000002,1.34583,1.5,1.5
30.08.2021 00:10:03.982,1.3460100000000002,1.34583,1.5,1.5
30.08.2021 00:10:20.042,1.3460200000000002,1.3458200000000002,1.12,1
30.08.2021 00:10:26.064,1.3460200000000002,1.3458200000000002,1.5,1.5
30.08.2021 00:10:33.623,1.34603,1.3458100000000002,2,1.12
30.08.2021 00:10:34.127,1.3460400000000001,1.34579,2.75,1.12
30.08.2021 00:10:34.502,1.3460200000000002,1.34579,1.87,3.37
30.08.2021 00:10:35.089,1.34603,1.34578,2,1
30.08.2021 00:10:48.139,1.3460200000000002,1.34579,1.87,1
30.08.2021 00:10:49.140,1.34603,1.34578,2,1
30.08.2021 00:10:52.155,1.3460200000000002,1.34579,1.87,1.12
30.08.2021 00:10:54.169,1.3460200000000002,1.34579,2,1.87
30.08.2021 00:10:58.197,1.34603,1.34578,2.75,1.5
30.08.2021 00:11:00.176,1.3460200000000002,1.3458,2.75,1
30.08.2021 00:11:00.227,1.3460200000000002,1.3458200000000002,2,1.5
30.08.2021 00:11:00.392,1.3460400000000001,1.3458100000000002,1.12,2.75
30.08.2021 00:11:05.205,1.3460400000000001,1.34583,1,1.87
30.08.2021 00:11:05.256,1.3460400000000001,1.34583,2,2
30.08.2021 00:11:06.747,1.3460400000000001,1.34583,2,2
30.08.2021 00:11:16.237,1.3460400000000001,1.34583,1.5,2
30.08.2021 00:11:25.257,1.3460400000000001,1.34583,1.5,2
30.08.2021 00:11:30.127,1.34605,1.3458200000000002,2.07,1.5
30.08.2021 00:11:30.228,1.3460400000000001,1.3458100000000002,2,2
30.08.2021 00:11:31.800,1.3460400000000001,1.3458100000000002,1.5,2.75
30.08.2021 00:11:36.810,1.34605,1.3458200000000002,2,2
30.08.2021 00:11:43.976,1.34598,1.34583,1.5,1
30.08.2021 00:11:44.127,1.34597,1.34574,3.57,2.25
30.08.2021 00:11:44.329,1.3459400000000001,1.34573,2,2
30.08.2021 00:11:44.807,1.34593,1.34572,1.12,1
30.08.2021 00:11:44.966,1.3459400000000001,1.3457000000000001,1,1.12
30.08.2021 00:11:46.558,1.3459400000000001,1.34573,1.5,1
30.08.2021 00:11:47.038,1.34595,1.34573,1.5,1
30.08.2021 00:12:00.057,1.34595,1.34574,1,1
30.08.2021 00:12:00.158,1.34596,1.34576,1,1
30.08.2021 00:12:01.112,1.34596,1.34576,1,2
30.08.2021 00:12:10.258,1.34596,1.34576,1,1.12
30.08.2021 00:12:10.549,1.34597,1.34576,1,1.12
30.08.2021 00:12:10.657,1.34597,1.34575,1.12,2.75
30.08.2021 00:12:11.603,1.34595,1.3457700000000001,1,1.12
30.08.2021 00:12:12.109,1.34595,1.3457700000000001,2.25,1.5
30.08.2021 00:12:13.557,1.34595,1.3457700000000001,3.5,1.5
30.08.2021 00:12:14.598,1.34596,1.34576,4.25,1.12
30.08.2021 00:12:16.601,1.34596,1.34576,4.25,1.12
30.08.2021 00:12:18.586,1.34593,1.34575,1.12,1.5
30.08.2021 00:12:18.637,1.34593,1.34575,1.5,2
30.08.2021 00:12:19.672,1.34593,1.34575,1.5,2
30.08.2021 00:12:21.667,1.34595,1.34574,1.5,1.5
30.08.2021 00:12:31.070,1.34596,1.34574,2.1,1
30.08.2021 00:12:32.072,1.34595,1.34574,1.6,1
30.08.2021 00:12:54.263,1.3459400000000001,1.34573,1.5,1.5
30.08.2021 00:12:54.364,1.34593,1.34572,1.87,2.25
30.08.2021 00:12:55.319,1.34593,1.34572,2.75,1
30.08.2021 00:12:56.270,1.34593,1.3457100000000002,3.5,1
30.08.2021 00:12:58.858,1.34593,1.34572,2.75,1
30.08.2021 00:12:59.311,1.34595,1.3457100000000002,1.5,1.5
30.08.2021 00:13:01.435,1.34593,1.34575,1.12,1
30.08.2021 00:13:02.355,1.3459400000000001,1.34574,1.5,1.5
30.08.2021 00:13:05.357,1.34595,1.34574,1.5,1
30.08.2021 00:13:52.183,1.34595,1.34576,2,1
30.08.2021 00:13:52.491,1.34596,1.34575,2,1
30.08.2021 00:14:06.735,1.34595,1.34575,2,1
30.08.2021 00:14:07.542,1.34595,1.34575,2,1.12
30.08.2021 00:14:11.021,1.34596,1.34575,2,1
30.08.2021 00:14:11.122,1.34595,1.3457700000000001,2,1
30.08.2021 00:14:15.676,1.34595,1.34576,2,1
30.08.2021 00:14:16.571,1.34595,1.34576,2,1
30.08.2021 00:14:18.321,1.34596,1.34574,2,1
30.08.2021 00:14:22.276,1.34595,1.34574,1.5,3.07
30.08.2021 00:14:22.598,1.34597,1.34572,1.2,1.6
30.08.2021 00:14:24.593,1.34597,1.34579,1,1
30.08.2021 00:14:24.694,1.34596,1.34583,1,1.1
30.08.2021 00:14:24.795,1.34596,1.34584,1,1.6
30.08.2021 00:14:24.896,1.34603,1.34588,2.25,1.1
30.08.2021 00:14:24.997,1.34613,1.34589,1.1,1.95
30.08.2021 00:14:25.148,1.34615,1.34589,1.6,1.97
30.08.2021 00:14:25.249,1.34615,1.34589,1.1,3.1
30.08.2021 00:14:25.350,1.34617,1.3459,1.22,1.1
30.08.2021 00:14:25.501,1.34617,1.3459400000000001,1.22,1
30.08.2021 00:14:26.425,1.34617,1.34595,3.1,1
30.08.2021 00:14:26.648,1.34615,1.34595,1.1,1
30.08.2021 00:14:27.198,1.34616,1.3459,1.1,1.22
30.08.2021 00:14:30.600,1.34615,1.34588,1.1,1.6
30.08.2021 00:14:30.701,1.3461400000000001,1.34589,1.1,1.1
30.08.2021 00:14:30.852,1.3461400000000001,1.34589,1.1,1.1
30.08.2021 00:14:30.953,1.3461400000000001,1.34589,1.1,1.1
30.08.2021 00:14:31.054,1.3461400000000001,1.3458700000000001,1.72,1.97
30.08.2021 00:14:31.155,1.34613,1.3458700000000001,1.6,1.1
30.08.2021 00:14:31.256,1.3461400000000001,1.34586,1.6,1.1
30.08.2021 00:14:31.508,1.34613,1.34585,1.6,1.72
30.08.2021 00:14:32.226,1.34613,1.34585,2.85,1.72
30.08.2021 00:14:34.285,1.3461,1.3459,1.51,1
30.08.2021 00:14:34.386,1.3461100000000001,1.34588,1.12,1.2
30.08.2021 00:14:34.487,1.3461200000000002,1.34588,1.85,1.12
30.08.2021 00:14:35.751,1.3461200000000002,1.34585,1.6,1.72
30.08.2021 00:14:35.908,1.34613,1.34586,1.6,1.6
30.08.2021 00:14:37.093,1.3461200000000002,1.34588,1.6,1.1
30.08.2021 00:14:37.194,1.3461400000000001,1.3458700000000001,1.1,1.1
30.08.2021 00:14:37.357,1.34615,1.34586,3.41,1.97
30.08.2021 00:14:37.731,1.3461400000000001,1.3459100000000002,2.66,1
30.08.2021 00:14:37.781,1.34613,1.3459200000000002,1.75,1.85
30.08.2021 00:14:37.832,1.34615,1.3459400000000001,1,1
30.08.2021 00:14:38.053,1.34615,1.34595,1.12,1
30.08.2021 00:14:41.183,1.34616,1.3459400000000001,1,1
30.08.2021 00:14:44.844,1.34617,1.3459400000000001,1.31,1.1
30.08.2021 00:14:44.895,1.34616,1.346,1.31,1
30.08.2021 00:14:44.945,1.3462,1.346,1,1.1
30.08.2021 00:14:45.152,1.3462100000000001,1.346,1,1.6
30.08.2021 00:14:45.253,1.34623,1.3460200000000002,1,1.1
30.08.2021 00:14:45.507,1.34623,1.34603,1,1
30.08.2021 00:14:47.172,1.34624,1.346,1.1,2.47
30.08.2021 00:14:47.273,1.34624,1.34599,1.1,1.6
30.08.2021 00:14:47.374,1.34623,1.34599,1.1,2.1
30.08.2021 00:14:47.475,1.34624,1.34597,1.1,1.1
30.08.2021 00:14:47.953,1.3462200000000002,1.34597,1.1,1.22
30.08.2021 00:14:48.054,1.3462200000000002,1.34597,1.1,1.22
30.08.2021 00:14:51.115,1.3462200000000002,1.34596,1.1,1.1
30.08.2021 00:14:55.034,1.3462,1.34597,1.5,1.2
30.08.2021 00:14:57.341,1.3462,1.34596,1.62,1.6
30.08.2021 00:14:57.442,1.34618,1.34593,1,1.97
30.08.2021 00:14:57.543,1.3462,1.3459400000000001,2.85,1.97
30.08.2021 00:15:00.654,1.3462,1.34595,1.6,1.5
30.08.2021 00:15:00.805,1.3462,1.34596,2.1,1.57
30.08.2021 00:15:00.911,1.3462,1.34596,2.1,1.57
30.08.2021 00:15:01.636,1.3462,1.34598,2.47,1
30.08.2021 00:15:01.751,1.34618,1.34598,1,1.12
30.08.2021 00:15:01.852,1.34619,1.34597,1,1.12
30.08.2021 00:15:03.240,1.3462,1.34598,1,1.2
30.08.2021 00:15:03.341,1.3462,1.34598,1,1.2
30.08.2021 00:15:03.526,1.3462,1.346,1,1
30.08.2021 00:15:03.898,1.3462,1.346,1,1
30.08.2021 00:15:04.004,1.3462100000000001,1.34599,1,1
30.08.2021 00:15:04.114,1.3462,1.346,1,1
30.08.2021 00:15:04.747,1.3462,1.3460100000000002,1,1
30.08.2021 00:15:05.191,1.3462,1.346,1,1
30.08.2021 00:15:05.299,1.3462,1.34599,1,2.62
30.08.2021 00:15:11.246,1.3462,1.34599,1,2.62
30.08.2021 00:15:17.871,1.3462100000000001,1.34598,1,1.87
30.08.2021 00:15:18.514,1.3462,1.34599,1,1.87
30.08.2021 00:15:20.563,1.3462100000000001,1.34598,1,1.87
30.08.2021 00:15:33.474,1.3462,1.346,1,1
30.08.2021 00:15:35.952,1.3462,1.346,1,1.12
30.08.2021 00:15:58.551,1.3462100000000001,1.3460100000000002,1,1
30.08.2021 00:15:58.652,1.34623,1.3460200000000002,1.12,2.1
30.08.2021 00:15:58.767,1.3462200000000002,1.34606,1.12,1.12
30.08.2021 00:15:59.694,1.34623,1.34605,1,1.5
30.08.2021 00:16:05.254,1.3462500000000002,1.34609,1,1
30.08.2021 00:16:05.305,1.3463,1.3461,2,1
30.08.2021 00:16:05.455,1.3463,1.3461,1,1.12
30.08.2021 00:16:06.621,1.3463,1.3461100000000001,1,1
30.08.2021 00:16:07.576,1.3463100000000001,1.3461,1,1
30.08.2021 00:16:08.405,1.34629,1.34609,1,1.2
30.08.2021 00:16:09.056,1.3463,1.3461,1.5,1
30.08.2021 00:16:09.207,1.3463,1.34608,1,1.12
30.08.2021 00:16:09.358,1.34629,1.34608,1,1.12
30.08.2021 00:16:09.509,1.34628,1.34607,1.5,1.6
30.08.2021 00:16:09.934,1.34629,1.34606,1.62,1.2
30.08.2021 00:16:10.116,1.34628,1.34607,1.7,1.12
30.08.2021 00:16:19.108,1.34626,1.34608,1,1
30.08.2021 00:16:29.517,1.34628,1.34608,1.12,1
30.08.2021 00:16:34.886,1.34629,1.34605,1,2.07
30.08.2021 00:16:35.271,1.34628,1.34606,1,2.07
30.08.2021 00:16:35.518,1.34629,1.34606,1,2.07
30.08.2021 00:16:35.826,1.34629,1.34606,1,2.07
30.08.2021 00:16:37.309,1.34629,1.34606,1,2.07
30.08.2021 00:16:50.201,1.3463,1.34605,1,1.6
30.08.2021 00:16:50.310,1.34629,1.34606,1,1.6
30.08.2021 00:16:50.883,1.34629,1.34606,1,1.6
30.08.2021 00:16:51.077,1.34629,1.34606,1,1.6
30.08.2021 00:16:51.981,1.3463,1.34605,1,1.6
30.08.2021 00:16:52.546,1.34629,1.34606,1,1.6
30.08.2021 00:16:52.865,1.34629,1.34605,1,1.2
30.08.2021 00:16:53.356,1.34629,1.34606,1.5,1.2
30.08.2021 00:16:53.407,1.3463200000000002,1.3461,4.25,1.1
30.08.2021 00:16:53.458,1.34634,1.3461100000000001,1.5,1
30.08.2021 00:16:53.609,1.34633,1.3461200000000002,1,1
30.08.2021 00:16:53.710,1.34633,1.3461,1.22,1.5
30.08.2021 00:16:53.760,1.34634,1.3461200000000002,1.5,1.1
30.08.2021 00:16:53.811,1.34638,1.34616,2.37,1.1
30.08.2021 00:16:53.861,1.34639,1.3462200000000002,2,1.1
30.08.2021 00:16:53.962,1.3464500000000001,1.34634,1.5,1
30.08.2021 00:16:54.063,1.34649,1.3463100000000001,1,1
30.08.2021 00:16:54.163,1.34661,1.3462,1.96,1.25
30.08.2021 00:16:54.214,1.3465799999999999,1.34647,1,1
30.08.2021 00:16:54.365,1.3467200000000001,1.34626,1,1
30.08.2021 00:16:54.415,1.34671,1.34649,1,1
30.08.2021 00:16:54.466,1.34671,1.34627,1,1
30.08.2021 00:16:54.516,1.3467200000000001,1.3463200000000002,1,1
30.08.2021 00:16:54.567,1.3467200000000001,1.34628,1,1.5
30.08.2021 00:16:54.720,1.3467200000000001,1.3462200000000002,1,1.5
30.08.2021 00:16:54.821,1.34671,1.3462100000000001,1,1
30.08.2021 00:16:54.922,1.3467,1.3462100000000001,1,1
30.08.2021 00:16:54.972,1.34674,1.34623,1.5,1
30.08.2021 00:16:55.073,1.3465200000000002,1.34619,1,1.5
30.08.2021 00:16:55.174,1.3465600000000002,1.34617,1.5,1.5
30.08.2021 00:16:55.324,1.34654,1.3461200000000002,1.5,2
30.08.2021 00:16:55.425,1.34651,1.34605,1.5,2
30.08.2021 00:16:56.124,1.34651,1.34607,1.5,1.5
30.08.2021 00:16:57.506,1.3465200000000002,1.34616,1.5,2.1
30.08.2021 00:16:57.607,1.3465200000000002,1.34616,1.5,2.85
30.08.2021 00:16:57.714,1.3465200000000002,1.34617,1.5,1.6
30.08.2021 00:16:58.215,1.34651,1.34617,1.6,2
30.08.2021 00:16:58.347,1.34651,1.34617,1.57,2.75
30.08.2021 00:16:58.585,1.3465200000000002,1.34616,1.6,2.75
30.08.2021 00:16:59.331,1.34651,1.34617,1.57,2
30.08.2021 00:17:01.336,1.3465200000000002,1.34618,1.57,1.5
30.08.2021 00:17:01.815,1.3465200000000002,1.34617,1.6,2.85
30.08.2021 00:17:02.331,1.3465,1.34617,1.1,2.1
30.08.2021 00:17:02.432,1.34647,1.34618,1.6,2.1
30.08.2021 00:17:02.482,1.34646,1.34616,2.85,1.1
30.08.2021 00:17:02.533,1.34644,1.34617,1.6,1.1
30.08.2021 00:17:02.684,1.34644,1.34613,3.6,1.6
30.08.2021 00:17:02.784,1.34641,1.3461400000000001,1.6,1.6
30.08.2021 00:17:02.986,1.3464200000000002,1.3461,1.6,2.1
30.08.2021 00:17:03.331,1.3464200000000002,1.34607,2.1,4.35
30.08.2021 00:17:03.382,1.3464200000000002,1.34607,2.1,4.32
30.08.2021 00:17:04.224,1.3464,1.34608,1.1,4.32
30.08.2021 00:17:04.739,1.3464,1.34608,1.1,4.32
30.08.2021 00:17:05.066,1.3464,1.34607,1.1,2.85
30.08.2021 00:17:05.117,1.34638,1.34606,1,2.85
30.08.2021 00:17:05.218,1.34638,1.34606,1.1,1.6
30.08.2021 00:17:05.368,1.34636,1.34605,1,2.82
30.08.2021 00:17:05.469,1.3463500000000002,1.34606,1,2.82
30.08.2021 00:17:05.570,1.34636,1.34606,1.1,1.5
30.08.2021 00:17:05.671,1.34636,1.34606,1.1,2.75
30.08.2021 00:17:06.526,1.34636,1.34603,1.5,3.22
30.08.2021 00:17:06.677,1.3463500000000002,1.3460400000000001,2.85,1.6
30.08.2021 00:17:08.167,1.3463200000000002,1.3460400000000001,1,1
30.08.2021 00:17:09.400,1.3463200000000002,1.34603,1.1,2.07
30.08.2021 00:17:09.771,1.34634,1.3460400000000001,2.1,1
30.08.2021 00:17:10.018,1.34634,1.3460400000000001,2.85,1
30.08.2021 00:17:10.119,1.3463500000000002,1.34603,2.85,1
30.08.2021 00:17:11.980,1.3463200000000002,1.34603,1.1,1.95
30.08.2021 00:17:12.301,1.34633,1.3460100000000002,1.72,1.6
30.08.2021 00:17:12.490,1.34633,1.3460100000000002,1.6,1.1
30.08.2021 00:17:13.826,1.34629,1.3460100000000002,1,1.1
30.08.2021 00:17:13.927,1.3463200000000002,1.3460400000000001,1.1,2.85
30.08.2021 00:17:14.130,1.3463200000000002,1.34603,1.1,2.1
30.08.2021 00:17:14.610,1.34633,1.3460200000000002,1.1,1.6
30.08.2021 00:17:14.711,1.34633,1.34603,1.1,1.1
30.08.2021 00:17:14.912,1.34637,1.3460400000000001,1.22,1.85
30.08.2021 00:17:14.962,1.34638,1.3460400000000001,1.85,1.85
30.08.2021 00:17:15.072,1.34637,1.34607,1.01,1.35
30.08.2021 00:17:15.425,1.3464,1.34606,1.35,1.35
30.08.2021 00:17:15.526,1.34641,1.34607,1.76,1.97
30.08.2021 00:17:15.642,1.3464200000000002,1.34607,1.57,1.6
30.08.2021 00:17:15.793,1.3464200000000002,1.34607,1.69,1.85
30.08.2021 00:17:22.110,1.3464200000000002,1.3461100000000001,1,1.72
30.08.2021 00:17:22.211,1.34641,1.3462,1,1.1
30.08.2021 00:17:22.424,1.3464200000000002,1.34617,1,1.6
30.08.2021 00:17:22.525,1.34641,1.34623,1,1.6
30.08.2021 00:17:22.631,1.3465200000000002,1.3462200000000002,1.6,1.6
30.08.2021 00:17:22.731,1.34651,1.34624,1.12,1.1
30.08.2021 00:17:22.877,1.34651,1.34624,1.22,1.72
30.08.2021 00:17:22.981,1.3465200000000002,1.34624,2.1,3.22
30.08.2021 00:17:23.032,1.34653,1.34623,2,3.22
30.08.2021 00:17:23.195,1.34653,1.34623,2,1.72
30.08.2021 00:17:23.714,1.34653,1.34624,1.87,1.1
30.08.2021 00:17:28.236,1.34654,1.34626,1.1,1.85
30.08.2021 00:17:28.286,1.3465500000000001,1.3463,1.1,2.1
30.08.2021 00:17:28.437,1.3465500000000001,1.3463,1.1,2.1
30.08.2021 00:17:28.660,1.3465600000000002,1.34629,1,2.1
30.08.2021 00:17:28.795,1.3465600000000002,1.34629,1,2.1
30.08.2021 00:17:29.015,1.3465500000000001,1.3463,1,2.1
30.08.2021 00:17:29.160,1.3465500000000001,1.34629,1,2.1
30.08.2021 00:17:29.261,1.34654,1.3463,1.57,1.6
30.08.2021 00:17:29.365,1.3465500000000001,1.34628,1.57,1.1
30.08.2021 00:17:29.972,1.3465200000000002,1.34629,1,1.1
30.08.2021 00:17:30.075,1.34653,1.34628,1,1
30.08.2021 00:17:30.346,1.34653,1.34628,1,1
30.08.2021 00:17:30.952,1.3465200000000002,1.3462500000000002,1,1
30.08.2021 00:17:31.103,1.3465200000000002,1.3462500000000002,1.5,1
30.08.2021 00:17:31.225,1.3465,1.34626,1,1
30.08.2021 00:17:32.388,1.3465,1.34626,1,1
30.08.2021 00:17:33.097,1.34651,1.3462500000000002,1,1
30.08.2021 00:17:33.198,1.3465,1.34626,1,1
30.08.2021 00:17:33.399,1.34651,1.3462500000000002,1,1
30.08.2021 00:17:37.899,1.3465,1.3462500000000002,1.5,1.1
30.08.2021 00:17:46.050,1.34649,1.34627,1,1
30.08.2021 00:17:46.239,1.34649,1.34627,1,1
30.08.2021 00:17:47.421,1.34649,1.3462500000000002,1,1.1
30.08.2021 00:17:49.010,1.34649,1.3462500000000002,1,1.72
30.08.2021 00:17:49.111,1.34648,1.3462200000000002,1.1,1.72
30.08.2021 00:17:49.212,1.34648,1.34626,1.1,1
30.08.2021 00:17:49.313,1.34649,1.3462100000000001,1.1,1.72
30.08.2021 00:17:49.414,1.34648,1.3462100000000001,1,1.72
30.08.2021 00:17:49.565,1.3464500000000001,1.3462,1,1.6
30.08.2021 00:17:49.716,1.3464500000000001,1.3462100000000001,1,1.1
30.08.2021 00:17:49.914,1.34644,1.3462100000000001,1,1.1
30.08.2021 00:17:50.065,1.34643,1.34619,1,1.1
30.08.2021 00:17:50.467,1.3464200000000002,1.3462,1,1
30.08.2021 00:17:50.568,1.34641,1.34616,1,1.72
30.08.2021 00:17:51.542,1.34643,1.3461400000000001,1.12,2.1
30.08.2021 00:17:52.591,1.3464200000000002,1.34615,1.22,2.47
30.08.2021 00:17:53.138,1.34643,1.3461400000000001,1.22,1.72
30.08.2021 00:17:53.747,1.3464200000000002,1.34615,1.1,1.6
30.08.2021 00:17:59.643,1.3464200000000002,1.34615,1.1,1.72
30.08.2021 00:17:59.694,1.34643,1.3461400000000001,1.1,1.1
30.08.2021 00:17:59.795,1.34638,1.34616,1,1
30.08.2021 00:17:59.946,1.3463500000000002,1.34617,1,1
30.08.2021 00:18:00.047,1.3463200000000002,1.3461200000000002,1,1.5
30.08.2021 00:18:00.148,1.3463200000000002,1.3461200000000002,1,1
30.08.2021 00:18:00.249,1.34633,1.34609,1.1,1
30.08.2021 00:18:00.350,1.3463100000000001,1.3461,1,1
30.08.2021 00:18:00.741,1.3463200000000002,1.34608,1.1,1
30.08.2021 00:18:02.035,1.3463100000000001,1.34608,1,1
30.08.2021 00:18:03.129,1.3463,1.34607,1,1.7
30.08.2021 00:18:03.280,1.34629,1.34608,1,1.12
30.08.2021 00:18:03.389,1.34629,1.34608,1,1.1
30.08.2021 00:18:03.553,1.34629,1.34608,1,1.1
30.08.2021 00:18:03.654,1.3463100000000001,1.34607,1,1.1
30.08.2021 00:18:05.162,1.3463,1.34608,1,1.1
30.08.2021 00:18:10.206,1.3463200000000002,1.34606,1,1
30.08.2021 00:18:12.167,1.3463100000000001,1.34607,1.1,1.22
30.08.2021 00:18:13.314,1.3463100000000001,1.34607,1,1.22
30.08.2021 00:18:13.902,1.34633,1.34606,1,1.97
30.08.2021 00:18:14.049,1.3463100000000001,1.34607,1,1.97
30.08.2021 00:18:14.473,1.3463200000000002,1.34606,1,1.97
30.08.2021 00:18:19.210,1.3463,1.34608,1,1.2
30.08.2021 00:18:19.270,1.3463100000000001,1.34607,1,1.22
30.08.2021 00:18:19.371,1.3463200000000002,1.34607,1,1.1
30.08.2021 00:18:19.766,1.3463100000000001,1.34608,1.57,1.1
30.08.2021 00:18:19.866,1.34628,1.34608,1,1.6
30.08.2021 00:18:23.968,1.34629,1.34606,1,1.7
30.08.2021 00:18:24.018,1.3463100000000001,1.34608,1.12,1.12
30.08.2021 00:18:24.128,1.3463,1.34607,1,1.5
30.08.2021 00:18:24.282,1.34628,1.34607,1,1.7
30.08.2021 00:18:24.772,1.34628,1.34605,1,2.07
30.08.2021 00:18:25.422,1.34628,1.34605,1,2
30.08.2021 00:18:38.806,1.34628,1.34605,1.95,1.5
30.08.2021 00:18:39.665,1.34628,1.3460400000000001,1.1,1.6
30.08.2021 00:18:40.820,1.34628,1.34603,1,1.6
30.08.2021 00:18:40.870,1.34628,1.34603,2,1.6
30.08.2021 00:18:40.921,1.34628,1.34603,2.07,1.5
30.08.2021 00:18:43.677,1.34627,1.34603,1.6,1.5
30.08.2021 00:18:44.853,1.3462500000000002,1.3460200000000002,1,2.1
30.08.2021 00:18:44.996,1.3462500000000002,1.3460200000000002,1,2.1
30.08.2021 00:18:45.047,1.3462500000000002,1.3460200000000002,1.12,2.1
30.08.2021 00:18:45.997,1.34624,1.3460100000000002,1,2.07
30.08.2021 00:18:46.872,1.34624,1.3460100000000002,1,2.07
30.08.2021 00:18:53.122,1.3462500000000002,1.3460100000000002,1,2.07
30.08.2021 00:18:55.146,1.3462500000000002,1.3460100000000002,1,2.07
30.08.2021 00:19:06.154,1.34624,1.3460200000000002,1.5,2
30.08.2021 00:19:14.591,1.34623,1.34603,1,1.5
30.08.2021 00:19:14.692,1.34624,1.3460200000000002,1.6,1
30.08.2021 00:19:14.843,1.34616,1.34598,1,1.5
30.08.2021 00:19:14.943,1.34615,1.3459400000000001,1.5,1.5
30.08.2021 00:19:14.994,1.34615,1.3459200000000002,1.5,1.95
30.08.2021 00:19:15.195,1.34613,1.34593,1,1.5
30.08.2021 00:19:15.296,1.34607,1.3459,1,1.5
30.08.2021 00:19:15.396,1.3461100000000001,1.34589,1.5,1.5
30.08.2021 00:19:16.069,1.3461200000000002,1.3459,1.5,1
30.08.2021 00:19:17.192,1.3461200000000002,1.34589,1,1.5
30.08.2021 00:19:17.452,1.3461,1.34589,1.5,1
30.08.2021 00:19:19.324,1.3461,1.34588,1,1.5
30.08.2021 00:19:41.999,1.34609,1.3459,1,1
30.08.2021 00:19:42.808,1.34609,1.3459,1,2.75
30.08.2021 00:19:43.317,1.3461100000000001,1.34589,1.12,2.75
30.08.2021 00:19:56.884,1.3461,1.3459,1.12,1.87
30.08.2021 00:19:57.885,1.3461,1.3459,1.12,2
30.08.2021 00:20:00.888,1.3461,1.3459,1.12,1.87
30.08.2021 00:20:01.894,1.3461,1.3459,1.12,2
30.08.2021 00:20:03.897,1.3461100000000001,1.34589,1,2.62
30.08.2021 00:20:04.001,1.34609,1.34589,1,1.12
30.08.2021 00:20:04.102,1.34608,1.34586,1.5,1.5
30.08.2021 00:20:05.107,1.34606,1.34586,2,1.5
30.08.2021 00:20:06.479,1.34606,1.34586,1.5,1.6
30.08.2021 00:20:06.530,1.34608,1.3458700000000001,3,2.82
30.08.2021 00:20:07.375,1.34609,1.34588,1,1
30.08.2021 00:20:07.476,1.3461,1.3459,2.75,1.5
30.08.2021 00:20:08.443,1.3461100000000001,1.34589,2.62,1.87
30.08.2021 00:20:08.868,1.3461,1.3459200000000002,1.12,1
30.08.2021 00:20:18.221,1.34609,1.3459,1,1.5
30.08.2021 00:20:18.322,1.3461,1.34589,1,1.12
30.08.2021 00:20:18.915,1.34606,1.34585,3.1,2
30.08.2021 00:20:18.966,1.34599,1.34585,1.75,1
30.08.2021 00:20:19.067,1.34598,1.34578,1.5,2.06
30.08.2021 00:20:19.187,1.34597,1.3457700000000001,1.12,1.87
30.08.2021 00:20:19.288,1.34596,1.34575,1,1.5
30.08.2021 00:20:19.900,1.34595,1.34576,1,1
30.08.2021 00:20:23.791,1.34599,1.34578,1.05,1
30.08.2021 00:20:23.993,1.346,1.3458100000000002,1.12,1
30.08.2021 00:20:24.094,1.3460200000000002,1.3458100000000002,1,1
30.08.2021 00:20:24.241,1.3460200000000002,1.34583,1,1
30.08.2021 00:20:24.392,1.3460400000000001,1.34583,1,1.5
30.08.2021 00:20:24.745,1.34605,1.34583,1.5,1.5
30.08.2021 00:20:26.728,1.34605,1.3458100000000002,1,1.6
30.08.2021 00:20:26.829,1.34605,1.3458200000000002,1,1.6
30.08.2021 00:20:29.253,1.34606,1.3458100000000002,1.6,1
30.08.2021 00:20:29.304,1.3460400000000001,1.34579,1.6,1.6
30.08.2021 00:20:29.455,1.34605,1.34578,2.35,1.1
30.08.2021 00:20:29.652,1.3460400000000001,1.34576,1.1,2.1
30.08.2021 00:20:29.938,1.3460400000000001,1.34576,3.1,1.6
30.08.2021 00:20:30.727,1.3460100000000002,1.3457700000000001,1,1.6
30.08.2021 00:20:33.106,1.3460100000000002,1.3457700000000001,1.1,1.57
30.08.2021 00:20:33.395,1.3460200000000002,1.3457700000000001,1,1.1
30.08.2021 00:20:34.115,1.3460200000000002,1.34578,1.1,1.1
30.08.2021 00:20:39.787,1.34606,1.34585,1.5,1
30.08.2021 00:20:39.838,1.34606,1.34585,3.45,1
30.08.2021 00:20:39.889,1.34605,1.3458200000000002,1,1
30.08.2021 00:20:43.694,1.34606,1.3458200000000002,1.2,1
30.08.2021 00:20:46.058,1.34606,1.3458,1.95,3.57
30.08.2021 00:20:46.159,1.3460200000000002,1.34579,1,3.2
30.08.2021 00:20:46.260,1.3460200000000002,1.34579,1,1.95
30.08.2021 00:20:46.784,1.3460200000000002,1.34578,1.1,1.2
30.08.2021 00:20:48.330,1.34603,1.3457700000000001,1.1,1
30.08.2021 00:20:48.537,1.3460200000000002,1.34578,1.1,1
30.08.2021 00:20:49.491,1.3460200000000002,1.3458,1.1,1
30.08.2021 00:20:49.981,1.3460100000000002,1.34575,1.1,1.97
30.08.2021 00:20:52.916,1.3460100000000002,1.34575,1.22,2.32
30.08.2021 00:20:53.025,1.3460200000000002,1.34578,1.22,1
30.08.2021 00:20:53.126,1.3460400000000001,1.3458200000000002,1,1
30.08.2021 00:20:53.227,1.34605,1.3458200000000002,3.57,1.5
30.08.2021 00:20:54.133,1.34606,1.3458200000000002,1.7,1
30.08.2021 00:20:57.141,1.34605,1.34583,2.07,1
30.08.2021 00:21:03.243,1.3460400000000001,1.3458200000000002,1,1.5
30.08.2021 00:21:03.294,1.3460400000000001,1.3458,1.72,1
30.08.2021 00:21:03.444,1.3460400000000001,1.34578,1.6,1.87
30.08.2021 00:21:03.596,1.3460200000000002,1.34579,1.6,1.5
30.08.2021 00:21:03.762,1.3460200000000002,1.34578,1.6,1
30.08.2021 00:21:04.133,1.3460100000000002,1.34578,1.1,1
30.08.2021 00:21:04.234,1.346,1.3457700000000001,1.57,1.5
30.08.2021 00:21:04.284,1.34598,1.34574,1,2.47
30.08.2021 00:21:04.385,1.34597,1.34574,1,1.62
30.08.2021 00:21:04.536,1.34598,1.34572,1.1,1.7
30.08.2021 00:21:05.330,1.34597,1.34573,2.07,1.7
30.08.2021 00:21:05.628,1.34596,1.3457000000000001,1.1,3.07
30.08.2021 00:21:05.729,1.34595,1.3457100000000002,1.6,1.5
30.08.2021 00:21:06.094,1.34595,1.34568,1.1,1.1
30.08.2021 00:21:06.963,1.34595,1.3456700000000001,2.72,3.52
30.08.2021 00:21:08.211,1.3459400000000001,1.3457000000000001,2.72,1
30.08.2021 00:21:08.262,1.34596,1.34572,1,1.12
30.08.2021 00:21:09.541,1.34598,1.34572,2.07,1.7
30.08.2021 00:21:19.584,1.34595,1.34573,1,1.62
30.08.2021 00:21:25.618,1.34595,1.34573,1,1
30.08.2021 00:21:26.609,1.34595,1.34573,1,1
30.08.2021 00:21:39.627,1.3459400000000001,1.34573,1,1.5
30.08.2021 00:21:55.922,1.3458700000000001,1.34569,1,1.5
30.08.2021 00:21:56.024,1.34586,1.34568,1.5,1
30.08.2021 00:21:56.978,1.34586,1.3456299999999999,1,1.5
30.08.2021 00:21:57.079,1.34585,1.3456299999999999,1,1.5
30.08.2021 00:21:58.072,1.34584,1.34564,1,1
30.08.2021 00:22:09.248,1.34586,1.34562,1.12,1.5
30.08.2021 00:22:10.118,1.34584,1.3456299999999999,1,1.5
30.08.2021 00:22:10.219,1.3458700000000001,1.34562,1.6,1.5
30.08.2021 00:22:11.243,1.3458700000000001,1.34564,1,1.1
30.08.2021 00:22:11.344,1.34589,1.34565,2.82,1.6
30.08.2021 00:22:11.445,1.3459,1.34564,2.75,2.85
30.08.2021 00:22:11.799,1.34589,1.34566,1.5,1.1
30.08.2021 00:22:11.907,1.34593,1.34566,3.47,1.1
30.08.2021 00:22:12.109,1.34593,1.34566,2.72,1.1
30.08.2021 00:22:12.620,1.34593,1.34569,3.47,1
30.08.2021 00:22:12.671,1.3459200000000002,1.3457100000000002,1,2.06
30.08.2021 00:22:12.721,1.34595,1.34572,3.57,1.95
30.08.2021 00:22:12.822,1.34595,1.34572,2.07,1.7
30.08.2021 00:22:13.996,1.34596,1.34572,1,1.1
30.08.2021 00:22:16.961,1.34595,1.34574,1,1.75
30.08.2021 00:22:27.126,1.34595,1.34574,1,1.51
30.08.2021 00:22:34.141,1.34595,1.34574,1.5,1.6
30.08.2021 00:22:37.146,1.34596,1.34573,1,1.51
30.08.2021 00:22:45.049,1.34596,1.34573,1,1.5
30.08.2021 00:22:48.068,1.34595,1.34574,1.5,1.62
30.08.2021 00:22:54.081,1.34595,1.34574,1.5,1.62
30.08.2021 00:22:54.357,1.34598,1.3457700000000001,1,1
30.08.2021 00:22:54.458,1.34599,1.34578,1.87,1.2
30.08.2021 00:22:54.803,1.346,1.34578,1.57,1.1
30.08.2021 00:22:55.294,1.3460200000000002,1.3457700000000001,1.1,1.72
30.08.2021 00:23:06.764,1.346,1.34576,1,2.47
30.08.2021 00:23:08.096,1.3460100000000002,1.34575,2.35,3.1
30.08.2021 00:23:19.842,1.346,1.34575,1.22,1.95
30.08.2021 00:23:19.943,1.3460100000000002,1.34574,1.6,1.95
30.08.2021 00:23:21.100,1.3460100000000002,1.34573,2.85,1.57
30.08.2021 00:23:21.683,1.3460100000000002,1.34575,3.22,1
30.08.2021 00:23:40.524,1.34599,1.34576,1.1,1
30.08.2021 00:23:42.228,1.34598,1.34575,1.85,1.01
30.08.2021 00:23:42.378,1.34597,1.34575,1.97,1
30.08.2021 00:23:42.479,1.34598,1.34574,1.97,1
30.08.2021 00:23:42.580,1.34595,1.3457700000000001,1,1
30.08.2021 00:23:43.622,1.34596,1.34576,1,1
30.08.2021 00:23:44.609,1.34596,1.34576,1,1
30.08.2021 00:23:45.902,1.34596,1.34576,1,1
30.08.2021 00:24:18.446,1.34596,1.34576,1.6,1
30.08.2021 00:24:29.361,1.34595,1.3457700000000001,2.07,1
30.08.2021 00:24:31.380,1.34596,1.34576,1.6,1
30.08.2021 00:24:52.484,1.34596,1.34576,1.5,1
30.08.2021 00:25:00.497,1.34595,1.34575,1.5,1
30.08.2021 00:25:02.503,1.34595,1.34575,1.62,1
30.08.2021 00:25:06.510,1.34595,1.34575,1.5,1
30.08.2021 00:25:07.514,1.34595,1.34575,1.62,1
30.08.2021 00:25:17.546,1.34595,1.34575,1.62,1.5
30.08.2021 00:25:29.597,1.3459400000000001,1.3457700000000001,2.75,1
30.08.2021 00:25:32.024,1.3459200000000002,1.3457700000000001,1,1
30.08.2021 00:25:32.657,1.3459100000000002,1.3457700000000001,1,1
30.08.2021 00:25:33.783,1.3459200000000002,1.34575,1,1.12
30.08.2021 00:25:37.846,1.3459100000000002,1.34575,1,1.12
30.08.2021 00:25:48.892,1.3459100000000002,1.34576,1.5,1.12
30.08.2021 00:25:50.847,1.3459200000000002,1.34575,1,1.5
30.08.2021 00:25:54.830,1.34593,1.34575,1.5,1.5
30.08.2021 00:26:02.849,1.3459100000000002,1.34576,1,1.5
30.08.2021 00:26:02.963,1.3459200000000002,1.34575,1,1.12
30.08.2021 00:26:03.890,1.3459200000000002,1.34575,1,1.5
30.08.2021 00:26:04.028,1.3459200000000002,1.34576,1.87,1.5
30.08.2021 00:26:05.567,1.34595,1.34576,1.5,1
30.08.2021 00:26:06.572,1.3459400000000001,1.3457700000000001,1.31,1
30.08.2021 00:26:09.681,1.3459400000000001,1.34573,1.5,3.22
30.08.2021 00:26:09.792,1.3459400000000001,1.3457700000000001,1.62,1
30.08.2021 00:26:11.580,1.34595,1.34575,1,1
30.08.2021 00:26:13.588,1.3459400000000001,1.34576,1.5,1
30.08.2021 00:26:14.590,1.3459400000000001,1.34576,1.62,1
30.08.2021 00:26:20.601,1.3459400000000001,1.34576,1,1
30.08.2021 00:26:28.279,1.34595,1.34576,1.6,1
30.08.2021 00:26:28.763,1.34596,1.34576,1.6,1
30.08.2021 00:26:35.646,1.34596,1.34576,1.6,1
30.08.2021 00:26:35.754,1.3459400000000001,1.3457700000000001,1.5,1
30.08.2021 00:26:39.422,1.3459400000000001,1.3457700000000001,1.5,1
30.08.2021 00:26:39.523,1.3459400000000001,1.3457700000000001,1.5,1
30.08.2021 00:26:41.563,1.34599,1.34576,3.4,1.1
30.08.2021 00:26:41.663,1.34598,1.3457700000000001,1.95,1.72
30.08.2021 00:26:41.764,1.346,1.34576,2.07,1.72
30.08.2021 00:26:41.865,1.346,1.3458,1.2,1.1
30.08.2021 00:26:41.997,1.346,1.3458,1.2,1.1
30.08.2021 00:26:50.296,1.3460200000000002,1.3458,2.47,1
30.08.2021 00:26:50.397,1.3460100000000002,1.34579,2.35,3.22
30.08.2021 00:26:50.723,1.3460200000000002,1.34578,1.1,1.72
30.08.2021 00:26:51.065,1.3460200000000002,1.34578,1.1,1.72
30.08.2021 00:26:51.217,1.3460100000000002,1.3458100000000002,1.1,1
30.08.2021 00:27:00.356,1.34598,1.34578,1.85,1.2
30.08.2021 00:27:00.457,1.34598,1.34576,1.35,1.39
30.08.2021 00:27:01.412,1.34596,1.34576,1.1,2.14
30.08.2021 00:27:02.463,1.34597,1.34573,1.1,2.29
30.08.2021 00:27:03.475,1.34596,1.34573,1.6,2.85
30.08.2021 00:27:07.485,1.34597,1.34572,1.6,2.1
30.08.2021 00:27:10.499,1.34597,1.34572,1.6,2.1
30.08.2021 00:27:10.829,1.34595,1.34574,1.1,1
30.08.2021 00:27:10.880,1.34596,1.3457100000000002,1.1,2.81
30.08.2021 00:27:10.993,1.34595,1.3457000000000001,3.1,3.35
30.08.2021 00:27:13.094,1.3459400000000001,1.3457000000000001,1.72,1.25
30.08.2021 00:27:19.512,1.34593,1.34568,3.22,2.87
30.08.2021 00:27:20.069,1.34588,1.3456700000000001,1.1,2.1
30.08.2021 00:27:20.170,1.34585,1.34566,1,1.1
30.08.2021 00:27:20.271,1.34585,1.34566,1.1,2.32
30.08.2021 00:28:00.809,1.34584,1.34565,1,1.1
30.08.2021 00:28:05.121,1.34588,1.34566,2.66,1.22
30.08.2021 00:28:05.222,1.34588,1.34566,1.1,1.22
30.08.2021 00:28:14.763,1.34585,1.34568,1,1
30.08.2021 00:28:19.703,1.3459,1.3456700000000001,2.1,1.1
30.08.2021 00:28:19.804,1.3459,1.3456700000000001,1.1,1.1
30.08.2021 00:28:59.311,1.34588,1.3457000000000001,1.1,1
30.08.2021 00:28:59.412,1.3459200000000002,1.3457000000000001,1.1,1
30.08.2021 00:29:00.284,1.34593,1.34569,1.1,1.1
30.08.2021 00:29:10.899,1.3459400000000001,1.34569,1.7,1.57
30.08.2021 00:29:12.951,1.34593,1.3457000000000001,1.57,1.57
30.08.2021 00:29:16.106,1.3459,1.3457000000000001,1,1.57
30.08.2021 00:29:16.207,1.3459400000000001,1.3457000000000001,1.6,1
30.08.2021 00:29:16.797,1.3459400000000001,1.3457000000000001,1.72,1
30.08.2021 00:29:22.191,1.3459400000000001,1.3457100000000002,2.1,1
30.08.2021 00:29:22.292,1.3459400000000001,1.34574,1.72,1
30.08.2021 00:29:22.342,1.3459400000000001,1.34572,1.72,3.07
30.08.2021 00:29:22.496,1.3459400000000001,1.34572,1.6,3.85
30.08.2021 00:29:23.219,1.3459400000000001,1.34572,1.6,4.35
30.08.2021 00:29:24.222,1.3459400000000001,1.34572,1.6,4.35
30.08.2021 00:29:25.916,1.34595,1.3457100000000002,1.6,4.32
30.08.2021 00:29:43.476,1.34588,1.3457000000000001,1,1.12
30.08.2021 00:29:43.577,1.34588,1.34566,2.1,1.12
30.08.2021 00:29:44.011,1.34585,1.3456299999999999,1,2.1
30.08.2021 00:29:45.031,1.34586,1.3456299999999999,1.1,1.2
30.08.2021 00:29:47.433,1.34585,1.3456299999999999,1.1,1.12
30.08.2021 00:29:48.313,1.34583,1.3456299999999999,1.1,2.75
30.08.2021 00:29:49.023,1.34583,1.3456299999999999,1.1,1.87
30.08.2021 00:29:51.783,1.3458200000000002,1.34566,3.6,1
30.08.2021 00:29:51.833,1.34579,1.34559,1.1,1.5
30.08.2021 00:29:51.884,1.3457700000000001,1.3455700000000002,1.57,1.2
30.08.2021 00:29:52.035,1.3457700000000001,1.3455700000000002,3.85,1
30.08.2021 00:29:52.187,1.34578,1.34556,3.85,1
30.08.2021 00:29:52.352,1.34576,1.34556,1.1,1.5
30.08.2021 00:29:52.453,1.34575,1.34556,1.1,1
30.08.2021 00:29:52.806,1.34575,1.34554,1.1,1
30.08.2021 00:29:52.907,1.34575,1.34553,1.6,3
30.08.2021 00:29:55.297,1.34574,1.34555,1,1.1
30.08.2021 00:29:55.347,1.34576,1.34556,1.87,1.1
30.08.2021 00:30:00.151,1.34579,1.34559,1.97,1
30.08.2021 00:30:00.302,1.34579,1.34559,2.7,1.1
30.08.2021 00:30:00.626,1.3458,1.3456000000000001,1.57,1.57
30.08.2021 00:30:04.283,1.3458100000000002,1.34559,1.5,1.6
30.08.2021 00:30:04.384,1.34584,1.34562,1.5,1.6
30.08.2021 00:30:04.434,1.34583,1.3456299999999999,1,1.6
30.08.2021 00:30:04.877,1.34584,1.34564,1.57,1.57
30.08.2021 00:30:07.271,1.34584,1.34564,2.1,3
30.08.2021 00:30:07.372,1.34584,1.34564,2.1,3
30.08.2021 00:30:08.001,1.34583,1.3456299999999999,1.97,1.12
30.08.2021 00:30:18.311,1.34583,1.34564,1.5,1.1
30.08.2021 00:30:19.312,1.34583,1.34564,1.12,1.1
30.08.2021 00:30:20.313,1.34584,1.3456299999999999,1.5,1.1
30.08.2021 00:30:27.317,1.34584,1.3456299999999999,1.6,1.5
30.08.2021 00:30:29.317,1.34584,1.34562,2.07,1.6
30.08.2021 00:30:31.314,1.34583,1.3456299999999999,2.07,2.07
30.08.2021 00:30:32.319,1.34584,1.34564,2.07,1.5
30.08.2021 00:30:40.359,1.34584,1.34564,1.5,1.5
30.08.2021 00:30:42.362,1.34584,1.34564,2,2
30.08.2021 00:30:45.370,1.34584,1.34564,1.5,1.5
30.08.2021 00:31:10.157,1.34584,1.34566,2.07,1.5
30.08.2021 00:31:18.489,1.34583,1.34566,1.5,1.5
30.08.2021 00:31:19.524,1.34583,1.34566,1.6,1.5
30.08.2021 00:31:20.500,1.34583,1.34566,1.6,1.12
30.08.2021 00:31:24.218,1.34584,1.34565,1.6,1.5
30.08.2021 00:31:26.223,1.34584,1.34566,2.1,1.12
30.08.2021 00:31:28.226,1.34584,1.34566,1.6,1.5
30.08.2021 00:32:03.669,1.34586,1.34566,2.1,1.5
30.08.2021 00:32:05.105,1.34584,1.34565,1.12,1
30.08.2021 00:32:05.206,1.3458200000000002,1.34566,1.22,1
30.08.2021 00:32:05.256,1.34583,1.34559,1.72,2.45
30.08.2021 00:32:05.510,1.3458,1.34559,1,1.1
30.08.2021 00:32:05.561,1.34579,1.34558,1.72,1
30.08.2021 00:32:05.611,1.34578,1.3455700000000002,1.1,1.12
30.08.2021 00:32:06.637,1.3457700000000001,1.34556,1.1,1.6
30.08.2021 00:32:07.601,1.34578,1.34555,1.1,1.2
30.08.2021 00:32:09.573,1.3457700000000001,1.3455700000000002,1.1,1
30.08.2021 00:32:09.674,1.3457700000000001,1.3455700000000002,1.22,1
30.08.2021 00:32:09.775,1.3457700000000001,1.34556,1.22,1.2
30.08.2021 00:32:20.644,1.3457700000000001,1.34556,1.6,1.6
30.08.2021 00:32:21.647,1.3457700000000001,1.34556,1.6,1.6
30.08.2021 00:32:26.667,1.3457700000000001,1.34556,1.6,1.1
30.08.2021 00:32:30.676,1.34578,1.34555,1.1,1.1
30.08.2021 00:32:31.681,1.34578,1.34555,1.1,1.1
30.08.2021 00:32:38.709,1.3457700000000001,1.34556,1.1,1.89
30.08.2021 00:32:42.189,1.34575,1.34555,1,1.7
30.08.2021 00:32:45.230,1.34578,1.34555,2.29,1.1
30.08.2021 00:32:48.551,1.3457700000000001,1.34554,1.22,1
30.08.2021 00:32:48.652,1.34573,1.34552,1.2,1.6
30.08.2021 00:32:49.071,1.34574,1.3455100000000002,1.2,1.6
30.08.2021 00:32:49.172,1.34573,1.3455100000000002,1.97,1.72
30.08.2021 00:32:49.423,1.34572,1.3455100000000002,2.35,1.1
30.08.2021 00:32:54.538,1.34573,1.3455000000000001,2.1,1.6
30.08.2021 00:32:58.817,1.34574,1.3455100000000002,2.1,2.85
30.08.2021 00:33:00.371,1.34574,1.3455100000000002,1.6,2.85
30.08.2021 00:33:01.415,1.34574,1.3455100000000002,1.2,2.85
30.08.2021 00:33:22.985,1.34576,1.3455000000000001,3.2,3.22
30.08.2021 00:33:27.489,1.34576,1.34552,3.5,1.5
30.08.2021 00:33:30.607,1.34575,1.34555,2.07,1.1
30.08.2021 00:33:30.732,1.34578,1.34554,2.85,1.22
30.08.2021 00:33:31.274,1.34578,1.34555,2.85,1.1
30.08.2021 00:33:33.009,1.3457700000000001,1.34562,1.87,2.25
30.08.2021 00:33:33.060,1.3458,1.3456299999999999,1.62,3.07
30.08.2021 00:33:33.110,1.3458200000000002,1.34564,1.5,1.5
30.08.2021 00:33:33.211,1.34583,1.34565,1.12,2
30.08.2021 00:33:33.876,1.34586,1.3456700000000001,2.7,1
30.08.2021 00:33:35.096,1.34586,1.34566,1,1
30.08.2021 00:33:36.121,1.34586,1.3456700000000001,1.57,1
30.08.2021 00:33:36.222,1.34586,1.34566,1,1
30.08.2021 00:33:38.395,1.34586,1.34568,1,1
30.08.2021 00:33:38.496,1.34588,1.3457100000000002,1.6,1
30.08.2021 00:33:38.597,1.34586,1.34568,1.5,2.25
30.08.2021 00:33:38.880,1.3458700000000001,1.34566,1.5,1
30.08.2021 00:33:48.528,1.3458700000000001,1.34566,2,1.12
30.08.2021 00:33:51.132,1.34586,1.34568,1.5,1
30.08.2021 00:33:51.232,1.3458700000000001,1.34569,1.12,1
30.08.2021 00:33:51.333,1.3458700000000001,1.34568,1.12,1.95
30.08.2021 00:33:52.204,1.3458700000000001,1.34568,1,2.07
30.08.2021 00:33:56.518,1.34589,1.34569,1.1,1.12
30.08.2021 00:33:56.619,1.3459,1.3457100000000002,1.5,1.57
30.08.2021 00:33:56.720,1.3459100000000002,1.34573,1.12,1
30.08.2021 00:33:57.730,1.34593,1.34572,1.87,1
30.08.2021 00:34:11.847,1.3459400000000001,1.34573,1.5,1.5
30.08.2021 00:34:12.764,1.34593,1.34574,1.12,1.5
30.08.2021 00:34:13.732,1.3459400000000001,1.34573,1.5,1.5
30.08.2021 00:34:14.736,1.34593,1.34574,1.12,1.5
30.08.2021 00:34:26.804,1.3459400000000001,1.34573,1.5,1.5
30.08.2021 00:34:39.320,1.34595,1.34576,2,1.87
30.08.2021 00:34:39.371,1.34597,1.34579,1.87,1
30.08.2021 00:34:39.537,1.34597,1.34579,1,1.5
30.08.2021 00:34:39.640,1.34597,1.34579,1,2
30.08.2021 00:34:39.741,1.34597,1.34579,1,1.57
30.08.2021 00:34:41.211,1.34599,1.34579,1.5,1.87
30.08.2021 00:34:41.262,1.34598,1.3457700000000001,1.1,1.5
30.08.2021 00:34:53.023,1.34598,1.3458100000000002,3.2,1
30.08.2021 00:34:53.124,1.346,1.3458200000000002,1,1
30.08.2021 00:34:53.275,1.3460200000000002,1.34583,1,1.57
30.08.2021 00:34:53.325,1.34603,1.34585,1.87,1
30.08.2021 00:34:53.527,1.34605,1.34584,2.25,1
30.08.2021 00:34:58.185,1.3460400000000001,1.34585,3.1,1
30.08.2021 00:35:09.194,1.3460400000000001,1.34585,2.1,1
30.08.2021 00:35:10.652,1.3460200000000002,1.3458200000000002,1,1.12
30.08.2021 00:35:14.366,1.3460100000000002,1.3458200000000002,1.12,2.62
30.08.2021 00:35:14.692,1.3460200000000002,1.3458100000000002,2,1.12
30.08.2021 00:35:24.863,1.34603,1.3458100000000002,2.75,2.72
30.08.2021 00:35:27.894,1.3460200000000002,1.3458100000000002,1.5,2.72
30.08.2021 00:35:35.892,1.3460100000000002,1.3458100000000002,1.12,1.95
30.08.2021 00:35:37.066,1.346,1.3458,1,1.5
30.08.2021 00:35:38.098,1.346,1.34578,2.62,1.95
30.08.2021 00:35:41.331,1.34599,1.3457700000000001,1,1.12
30.08.2021 00:36:05.112,1.34597,1.3457700000000001,1.5,1.5
30.08.2021 00:36:05.328,1.34595,1.3457700000000001,1,1.5
30.08.2021 00:36:06.117,1.34595,1.3457700000000001,1.12,1.12
30.08.2021 00:36:08.128,1.34596,1.34576,1.5,1.12
30.08.2021 00:36:09.086,1.34595,1.3457700000000001,1.12,1.12
30.08.2021 00:36:22.136,1.34596,1.34575,1.5,2
30.08.2021 00:36:36.240,1.34597,1.34575,1.5,2
30.08.2021 00:36:41.214,1.34597,1.34576,1.5,2.07
30.08.2021 00:36:43.225,1.34597,1.34576,1.5,1.6
30.08.2021 00:36:48.239,1.34596,1.34576,1.5,1.12
30.08.2021 00:36:56.266,1.34595,1.3457700000000001,1.12,1.12
30.08.2021 00:36:56.610,1.34595,1.34575,1,1.5
30.08.2021 00:36:57.267,1.34595,1.34574,1.5,1.5
30.08.2021 00:37:11.325,1.34595,1.34573,1.5,1.5
30.08.2021 00:37:12.330,1.3459400000000001,1.34574,1.5,1.5
30.08.2021 00:37:16.350,1.34595,1.34573,1.5,1.5
30.08.2021 00:37:24.384,1.34597,1.34576,3.5,1.6
30.08.2021 00:37:36.429,1.34598,1.34575,1,1.85
30.08.2021 00:37:40.441,1.34597,1.34576,1,1.2
30.08.2021 00:37:42.759,1.3459400000000001,1.34575,1,1.1
30.08.2021 00:37:43.457,1.3459400000000001,1.34576,1.5,1.5
30.08.2021 00:37:50.021,1.34595,1.34573,1.5,2.82
30.08.2021 00:38:04.550,1.34596,1.34575,1.5,1.7
30.08.2021 00:38:12.427,1.34598,1.3457700000000001,1.5,1
30.08.2021 00:38:17.583,1.3459400000000001,1.34578,1.5,1
30.08.2021 00:38:29.625,1.34598,1.3457700000000001,1.5,1
30.08.2021 00:38:43.129,1.34595,1.3457700000000001,1.5,1
30.08.2021 00:39:23.192,1.34598,1.3457700000000001,2,1.12
30.08.2021 00:39:27.898,1.34593,1.34578,1.5,1.12
30.08.2021 00:39:28.729,1.34593,1.34578,2,1
30.08.2021 00:39:54.256,1.34597,1.34578,1.62,1.5
30.08.2021 00:39:56.285,1.34597,1.34578,1,2.07
30.08.2021 00:40:03.311,1.34597,1.34576,1,2.85
30.08.2021 00:40:15.298,1.34597,1.34576,1,3.6
30.08.2021 00:40:17.306,1.34597,1.34576,1,3.6
30.08.2021 00:40:18.811,1.34595,1.34575,1.5,1
30.08.2021 00:40:20.307,1.34595,1.34574,1.5,1.1
30.08.2021 00:40:25.317,1.34595,1.34575,2,1.5
30.08.2021 00:40:44.382,1.34597,1.3457700000000001,2,1.6
30.08.2021 00:40:45.361,1.34597,1.3457700000000001,1.5,1.6
30.08.2021 00:40:52.731,1.3459400000000001,1.34576,1.5,1.5
30.08.2021 00:40:57.746,1.3459400000000001,1.34575,1.5,1.5
30.08.2021 00:41:00.393,1.34589,1.34572,1,1
30.08.2021 00:41:00.494,1.3458700000000001,1.3457100000000002,1.5,1
30.08.2021 00:41:00.595,1.3458700000000001,1.3457000000000001,1.5,1
30.08.2021 00:41:00.645,1.3458700000000001,1.34572,1.5,1
30.08.2021 00:41:00.746,1.3459,1.3457000000000001,1.35,1.31
30.08.2021 00:41:00.847,1.34588,1.34566,2.07,1.5
30.08.2021 00:41:00.999,1.34584,1.34566,1,1.5
30.08.2021 00:41:01.393,1.34585,1.34565,1,1.12
30.08.2021 00:41:16.923,1.34585,1.34565,1.6,1.5
30.08.2021 00:41:20.938,1.34585,1.34565,1.12,1.6
30.08.2021 00:41:29.993,1.34585,1.34566,1.6,1.5
30.08.2021 00:41:30.972,1.34585,1.34566,1.6,1.5
30.08.2021 00:41:32.465,1.3458700000000001,1.34565,1.5,1.5
30.08.2021 00:41:32.790,1.34588,1.34566,1.5,2.07
30.08.2021 00:41:33.522,1.34588,1.34569,1,1.12
30.08.2021 00:41:33.573,1.3459100000000002,1.3457100000000002,1.5,1.1
30.08.2021 00:41:33.623,1.3459100000000002,1.3457100000000002,1,1.1
30.08.2021 00:41:33.759,1.34596,1.34572,2.85,1
30.08.2021 00:41:33.910,1.34595,1.34573,1.57,1.1
30.08.2021 00:41:36.201,1.3459400000000001,1.34573,1.1,1.1
30.08.2021 00:41:44.217,1.34593,1.34573,1.6,1.57
30.08.2021 00:41:46.481,1.34593,1.34573,1.2,1.1
30.08.2021 00:42:10.657,1.3459400000000001,1.34574,1.12,1
30.08.2021 00:42:33.862,1.3459400000000001,1.34572,1,2.7
30.08.2021 00:42:34.346,1.3459400000000001,1.34572,1.5,2.25
30.08.2021 00:42:37.714,1.34593,1.34573,2,2.75
30.08.2021 00:42:37.764,1.34593,1.34573,2,2.85
30.08.2021 00:42:40.592,1.34595,1.34572,1.6,2.85
30.08.2021 00:42:42.428,1.34597,1.3457700000000001,1.6,1.5
30.08.2021 00:42:42.629,1.34598,1.34575,1.6,2.85
30.08.2021 00:42:43.597,1.34597,1.34576,1.1,2.85
30.08.2021 00:42:49.611,1.34597,1.34576,1.1,2.85
30.08.2021 00:42:52.615,1.34598,1.34575,1.6,2.1
30.08.2021 00:42:58.078,1.34595,1.34573,1.5,1.6
30.08.2021 00:43:01.093,1.34596,1.34576,1.6,1.5
30.08.2021 00:43:02.132,1.34596,1.34576,2.07,1.5
30.08.2021 00:43:13.661,1.34597,1.34574,1.6,1.6
30.08.2021 00:43:32.239,1.3459400000000001,1.34574,1.5,1.6
30.08.2021 00:44:16.505,1.34593,1.34572,1,2
30.08.2021 00:44:16.672,1.3459100000000002,1.34573,1,2
30.08.2021 00:44:16.723,1.34588,1.34572,1.5,1
30.08.2021 00:44:16.823,1.34586,1.34564,1,1.6
30.08.2021 00:44:16.924,1.34586,1.34564,1,2.1
30.08.2021 00:44:17.040,1.34586,1.34564,1.1,2.32
30.08.2021 00:44:31.818,1.34585,1.34565,1.6,2.07
30.08.2021 00:44:36.846,1.34586,1.34565,1.6,1.5
30.08.2021 00:44:41.856,1.34585,1.34566,1.6,1.5
30.08.2021 00:44:49.873,1.34585,1.34565,1.6,1.6
30.08.2021 00:44:51.398,1.3458100000000002,1.34565,1.25,1.5
30.08.2021 00:44:51.857,1.3458200000000002,1.34564,1.25,1.5
30.08.2021 00:44:58.383,1.3457700000000001,1.3456100000000002,1.5,1
30.08.2021 00:44:58.484,1.34575,1.34559,1.97,1
30.08.2021 00:44:58.535,1.34575,1.34556,2.1,1
30.08.2021 00:44:58.636,1.3457100000000002,1.3455100000000002,1.5,4.35
30.08.2021 00:44:58.687,1.3457000000000001,1.3455100000000002,1,1.6
30.08.2021 00:44:58.788,1.3457100000000002,1.3455100000000002,1.12,1
30.08.2021 00:44:58.888,1.3457000000000001,1.3455100000000002,1,2.32
30.08.2021 00:45:01.530,1.3457100000000002,1.34549,1,1.1
30.08.2021 00:45:06.491,1.3457000000000001,1.34549,1.1,1.6
30.08.2021 00:45:06.592,1.3457000000000001,1.3455000000000001,1.1,1
30.08.2021 00:45:08.613,1.34572,1.3455000000000001,1,1.1
30.08.2021 00:45:22.736,1.3457100000000002,1.3455000000000001,1.5,1.1
30.08.2021 00:45:23.313,1.34572,1.34548,1.5,3.22
30.08.2021 00:45:23.414,1.3457100000000002,1.34549,1.5,3.22
30.08.2021 00:45:34.413,1.3457100000000002,1.34548,1,1.1
30.08.2021 00:45:40.061,1.3457000000000001,1.3455100000000002,1,1
30.08.2021 00:45:40.163,1.3457100000000002,1.3455100000000002,1.12,1
30.08.2021 00:45:40.583,1.34572,1.34552,1.5,2.32
30.08.2021 00:45:40.633,1.34569,1.34554,1,1
30.08.2021 00:45:40.926,1.34569,1.34553,1,1
30.08.2021 00:45:49.865,1.3457000000000001,1.3455000000000001,1,1.1
30.08.2021 00:45:49.916,1.34572,1.3455100000000002,1,1
30.08.2021 00:45:50.586,1.34572,1.34549,1.5,2.07
30.08.2021 00:45:50.637,1.3457100000000002,1.3455000000000001,2.7,1.12
30.08.2021 00:46:02.800,1.34572,1.3455000000000001,1.6,1.7
30.08.2021 00:46:11.541,1.34573,1.3455000000000001,4.35,2.7
30.08.2021 00:46:13.006,1.34573,1.3455000000000001,4.35,1.1
30.08.2021 00:46:14.739,1.34573,1.34553,3.5,1
30.08.2021 00:46:15.778,1.34572,1.34553,1.12,1.5
30.08.2021 00:46:16.666,1.34572,1.34552,1.12,1.95
30.08.2021 00:46:23.022,1.34574,1.3455000000000001,1.6,4.2
30.08.2021 00:46:24.774,1.34574,1.3455000000000001,2.82,1.57
30.08.2021 00:46:33.813,1.34574,1.3455000000000001,2.07,1.57
30.08.2021 00:46:36.070,1.34573,1.3455100000000002,2.07,1.57
30.08.2021 00:46:45.851,1.34572,1.3455100000000002,1.2,1.5
30.08.2021 00:46:47.854,1.34572,1.3455100000000002,2.07,1.5
30.08.2021 00:46:52.915,1.34573,1.3455000000000001,1.2,1.5
30.08.2021 00:46:55.096,1.3457100000000002,1.3455000000000001,1,1.2
30.08.2021 00:47:14.016,1.3457100000000002,1.3455100000000002,1.87,1
30.08.2021 00:47:14.117,1.34568,1.34553,1,1.5
30.08.2021 00:47:18.915,1.34569,1.3455100000000002,1,1
30.08.2021 00:47:19.756,1.34573,1.3455100000000002,1.12,1
30.08.2021 00:47:28.003,1.34572,1.34552,2,1
30.08.2021 00:47:30.028,1.34572,1.34552,3.45,1
30.08.2021 00:47:30.478,1.3457100000000002,1.3455000000000001,1,1.95
30.08.2021 00:47:35.034,1.34572,1.34549,1.5,1.95
30.08.2021 00:47:37.043,1.3457100000000002,1.3455000000000001,1.12,1.95
30.08.2021 00:47:41.926,1.3457100000000002,1.34549,1,1
30.08.2021 00:47:51.533,1.34569,1.3455000000000001,1,1.5
30.08.2021 00:47:54.226,1.3457000000000001,1.3455000000000001,3.45,1.5
30.08.2021 00:47:54.908,1.3457100000000002,1.34552,1.5,1
30.08.2021 00:47:55.045,1.34568,1.34552,1,1
30.08.2021 00:47:58.795,1.34568,1.34553,1,1.5
30.08.2021 00:48:00.851,1.34569,1.3455100000000002,1,1.2
30.08.2021 00:48:08.454,1.34573,1.34552,1,1.57
30.08.2021 00:48:08.555,1.34575,1.34552,1.1,2.25
30.08.2021 00:48:18.052,1.34574,1.34552,1,1.5
30.08.2021 00:48:18.153,1.34573,1.34552,1,1.57
30.08.2021 00:48:24.664,1.34574,1.34553,1,1.6
30.08.2021 00:48:24.765,1.34575,1.34554,1,1
30.08.2021 00:48:24.866,1.34576,1.34555,4.2,1.1
30.08.2021 00:48:24.917,1.34575,1.34554,1,3.07
30.08.2021 00:48:25.814,1.34575,1.34554,1,3.57
30.08.2021 00:48:26.041,1.34575,1.34554,1.57,1.1
30.08.2021 00:48:26.092,1.3457100000000002,1.34552,1,2.07
30.08.2021 00:48:26.259,1.34572,1.3455100000000002,1,1.87
30.08.2021 00:48:26.849,1.34574,1.34552,4.35,1.87
30.08.2021 00:48:27.316,1.34573,1.3455000000000001,1.6,1.87
30.08.2021 00:48:58.719,1.3457100000000002,1.34549,1,1.1
30.08.2021 00:48:59.054,1.3457000000000001,1.34549,1,1.95
30.08.2021 00:48:59.417,1.34568,1.34549,1,1.57
30.08.2021 00:48:59.518,1.34568,1.3454700000000002,1.5,1
30.08.2021 00:48:59.622,1.34566,1.3454700000000002,1.5,1
30.08.2021 00:49:00.612,1.3456700000000001,1.34544,1.57,4.25
30.08.2021 00:49:13.720,1.34565,1.34545,1,3.5
30.08.2021 00:49:13.821,1.34564,1.34546,1,1
30.08.2021 00:49:13.971,1.3456299999999999,1.34545,1.5,1.62
30.08.2021 00:49:16.412,1.3456299999999999,1.34545,1.5,1.62
30.08.2021 00:49:19.828,1.34566,1.34544,1.57,1.62
30.08.2021 00:49:22.620,1.34565,1.34545,1.57,1.5
30.08.2021 00:49:30.824,1.34564,1.34545,1,1.5
30.08.2021 00:49:30.925,1.3456299999999999,1.34545,1.5,1.5
30.08.2021 00:49:35.710,1.34564,1.34544,1,1.5
30.08.2021 00:49:52.490,1.34564,1.34544,1.5,1.5
30.08.2021 00:49:56.499,1.34564,1.34544,1.5,1.5
30.08.2021 00:50:05.068,1.34564,1.34545,1,2
30.08.2021 00:50:05.219,1.34566,1.34546,2.07,1.12
30.08.2021 00:50:05.793,1.3456700000000001,1.34545,3.57,2
30.08.2021 00:50:07.919,1.34566,1.34546,3.5,1.5
30.08.2021 00:50:08.924,1.34566,1.34546,1,2.07
30.08.2021 00:50:23.557,1.34566,1.34546,1,1.6
30.08.2021 00:50:24.539,1.3456700000000001,1.34545,1,1.6
30.08.2021 00:50:39.570,1.3456700000000001,1.34545,1,2.07
30.08.2021 00:50:41.361,1.34568,1.34546,1,2
30.08.2021 00:51:03.078,1.34568,1.34546,1,2.07
30.08.2021 00:51:09.737,1.34564,1.3454700000000002,1,1.5
30.08.2021 00:51:09.838,1.34565,1.34544,1.5,1
30.08.2021 00:51:11.642,1.34564,1.34544,1.5,2.82
30.08.2021 00:51:24.779,1.34566,1.34543,2.07,1.5
30.08.2021 00:51:31.810,1.34566,1.34543,2.07,1.5
30.08.2021 00:51:37.830,1.34565,1.34544,1.5,1.6
30.08.2021 00:51:53.894,1.34566,1.34543,1.5,1.6
30.08.2021 00:52:03.937,1.34564,1.34544,1.5,1.6
30.08.2021 00:52:11.971,1.34566,1.34543,1.5,1.6
30.08.2021 00:52:12.968,1.34565,1.34543,1.5,1.1
30.08.2021 00:52:13.973,1.34565,1.34544,2,1.1
30.08.2021 00:52:14.978,1.34564,1.34544,1.5,1.1
30.08.2021 00:52:18.772,1.34564,1.34542,1.5,2.47
30.08.2021 00:52:27.050,1.3456299999999999,1.34543,1.5,3.6
30.08.2021 00:52:29.028,1.34564,1.34542,1.5,3.6
30.08.2021 00:52:35.079,1.3456700000000001,1.34545,3.5,1.5
30.08.2021 00:52:35.130,1.3456700000000001,1.3454700000000002,4.25,1.1
30.08.2021 00:52:35.180,1.3456700000000001,1.3454700000000002,1.12,1.1
30.08.2021 00:52:35.281,1.34572,1.34549,1.87,1.1
30.08.2021 00:52:35.382,1.34574,1.34549,4.12,1.1
30.08.2021 00:52:38.814,1.34574,1.34549,2.37,1.1
30.08.2021 00:52:40.451,1.34573,1.34549,1.12,1.1
30.08.2021 00:52:40.602,1.3457100000000002,1.34549,1,1.1
30.08.2021 00:52:40.753,1.3457100000000002,1.34549,1,1.1
30.08.2021 00:52:42.406,1.34573,1.34548,4.25,1.1
30.08.2021 00:52:43.195,1.34572,1.34548,2,1.1
30.08.2021 00:52:44.037,1.34572,1.34548,2.75,1.1
30.08.2021 00:53:00.742,1.34569,1.3454700000000002,1,1.1
30.08.2021 00:53:01.100,1.3457000000000001,1.34546,1,1.1
30.08.2021 00:53:02.349,1.34569,1.34546,1,1.1
30.08.2021 00:53:24.696,1.3456700000000001,1.34546,1,1.1
30.08.2021 00:53:26.321,1.34568,1.34545,1,1.1
30.08.2021 00:53:29.563,1.34568,1.34546,1.87,1.1
30.08.2021 00:53:29.664,1.34569,1.34545,1.12,1.1
30.08.2021 00:53:33.327,1.34569,1.34545,1.12,1.1
30.08.2021 00:53:34.333,1.34569,1.34545,1.12,1.1
30.08.2021 00:53:53.185,1.3456700000000001,1.3454700000000002,1,1.1
30.08.2021 00:53:58.687,1.3456700000000001,1.3454700000000002,1.5,1.1
30.08.2021 00:53:59.076,1.34566,1.3454700000000002,1,1.1
30.08.2021 00:54:08.970,1.34564,1.34546,1,1.1
30.08.2021 00:54:09.267,1.34566,1.34544,1.5,1.1
30.08.2021 00:54:09.519,1.34564,1.34544,1,1.6
30.08.2021 00:54:09.951,1.34562,1.34544,1,1.6
30.08.2021 00:54:10.509,1.34562,1.34544,1,1.2
30.08.2021 00:54:10.772,1.34565,1.34543,3.37,1.2
30.08.2021 00:54:23.557,1.34565,1.34543,2.25,1.6
30.08.2021 00:54:25.566,1.34565,1.34543,2.25,1.2
30.08.2021 00:54:26.185,1.34564,1.34544,2.75,1.6
30.08.2021 00:54:27.205,1.34564,1.34544,4.25,1.6
30.08.2021 00:54:31.553,1.34566,1.34546,2,1.97
30.08.2021 00:54:32.046,1.3456700000000001,1.34546,2,1.2
30.08.2021 00:54:39.567,1.3456700000000001,1.34545,2,1.97
30.08.2021 00:54:41.574,1.34566,1.34546,2,2.1
30.08.2021 00:54:52.482,1.34568,1.34548,1.5,1.1
30.08.2021 00:54:52.583,1.34569,1.34549,2.75,1.1
30.08.2021 00:54:52.684,1.3457000000000001,1.34552,2,1
30.08.2021 00:54:52.734,1.34573,1.3455000000000001,1.5,1.22
30.08.2021 00:54:52.785,1.34574,1.3455100000000002,2.25,1.1
30.08.2021 00:54:52.936,1.34574,1.34553,1.87,2.35
30.08.2021 00:54:53.087,1.3457700000000001,1.34552,2,1.6
30.08.2021 00:54:53.187,1.3457700000000001,1.34552,1.5,1.6
30.08.2021 00:54:53.238,1.3457700000000001,1.34553,1,1.6
30.08.2021 00:54:53.339,1.3457700000000001,1.34556,1.87,1.6
30.08.2021 00:54:53.490,1.34579,1.34555,1,2.85
30.08.2021 00:54:53.619,1.3457700000000001,1.34556,1,1.6
30.08.2021 00:54:53.720,1.3457700000000001,1.3455700000000002,1,1.1
30.08.2021 00:54:53.820,1.3458100000000002,1.3455700000000002,1,1.72
30.08.2021 00:54:53.927,1.3458100000000002,1.3455700000000002,1,1.72
30.08.2021 00:54:54.129,1.3458100000000002,1.34559,1.12,1.6
30.08.2021 00:54:54.865,1.34583,1.34559,3.37,2.1
30.08.2021 00:54:55.319,1.34584,1.34559,1.87,1.6
30.08.2021 00:55:06.775,1.34583,1.3456299999999999,1,1.1
30.08.2021 00:55:06.976,1.34584,1.3456100000000002,1,2.85
30.08.2021 00:55:08.069,1.34583,1.34565,1,1.1
30.08.2021 00:55:30.021,1.34586,1.34565,2,1.1
30.08.2021 00:55:30.288,1.34583,1.34564,1,1.1
30.08.2021 00:55:39.765,1.34584,1.3456299999999999,1,1.1
30.08.2021 00:55:41.030,1.34585,1.34564,2,1.1
30.08.2021 00:55:42.035,1.34585,1.34564,1.87,1.1
30.08.2021 00:55:43.246,1.34586,1.34564,2.75,1.1
30.08.2021 00:55:43.459,1.34588,1.34565,1.62,1.1
30.08.2021 00:55:44.209,1.34588,1.34565,1.5,1.1
30.08.2021 00:55:47.334,1.3458700000000001,1.3456299999999999,1.12,1.1
30.08.2021 00:55:48.274,1.34586,1.34564,1.87,1.1
30.08.2021 00:55:48.478,1.3458700000000001,1.3456100000000002,2.75,2.1
30.08.2021 00:55:50.584,1.34586,1.3456100000000002,1.12,1.1
30.08.2021 00:55:50.689,1.34584,1.34562,1,1.1
30.08.2021 00:55:51.348,1.34584,1.34562,1,1.1
30.08.2021 00:55:52.610,1.34584,1.3456000000000001,1.5,3.22
30.08.2021 00:55:54.209,1.34584,1.3456000000000001,1.12,3.22
30.08.2021 00:55:55.214,1.34584,1.3456000000000001,1.5,3.22
30.08.2021 00:56:00.495,1.34586,1.34559,2,3.22
30.08.2021 00:56:04.661,1.34586,1.34559,2.75,2.47
30.08.2021 00:56:06.668,1.34585,1.3456100000000002,2.75,1.1
30.08.2021 00:56:06.973,1.34584,1.3456000000000001,1.5,1.72
30.08.2021 00:56:12.643,1.34583,1.34559,1,2.72
30.08.2021 00:56:13.772,1.3458200000000002,1.3456100000000002,1.5,1.1
30.08.2021 00:56:14.253,1.34583,1.3456000000000001,2,1.1
30.08.2021 00:56:16.256,1.34583,1.3456000000000001,1.87,1.1
30.08.2021 00:56:16.558,1.34583,1.34562,1.5,1.6
30.08.2021 00:56:16.709,1.34584,1.3456100000000002,1.5,2.35
30.08.2021 00:56:17.595,1.34584,1.3456299999999999,1.5,3.1
30.08.2021 00:56:18.265,1.34583,1.34564,1.12,2.35
30.08.2021 00:56:18.979,1.34583,1.34564,1.12,1.5
30.08.2021 00:56:20.429,1.34583,1.3456299999999999,1.1,1
30.08.2021 00:56:23.971,1.34583,1.34562,1.1,1.62
30.08.2021 00:56:38.004,1.3458700000000001,1.3456100000000002,1.1,2
30.08.2021 00:56:38.055,1.34588,1.34566,3.6,1
30.08.2021 00:56:38.105,1.34589,1.34568,2.32,1
30.08.2021 00:56:38.307,1.3459100000000002,1.34569,1.1,2.25
30.08.2021 00:56:38.458,1.3459200000000002,1.3457000000000001,1,1.57
30.08.2021 00:56:38.513,1.34595,1.3457000000000001,1.1,1.57
30.08.2021 00:56:38.564,1.34596,1.3457000000000001,1.1,2.1
30.08.2021 00:56:43.021,1.34596,1.3457000000000001,1.1,2.47
30.08.2021 00:56:43.447,1.34595,1.3457100000000002,1.1,1
30.08.2021 00:56:43.839,1.3459400000000001,1.3457100000000002,1.6,1.57
30.08.2021 00:56:45.061,1.34593,1.3457000000000001,1.97,1
30.08.2021 00:56:45.212,1.3459100000000002,1.3457000000000001,1.6,1
30.08.2021 00:56:45.313,1.3459100000000002,1.34569,1.6,1.95
30.08.2021 00:56:45.652,1.34589,1.3456700000000001,1.22,1
30.08.2021 00:56:45.755,1.34589,1.34566,2.35,1
30.08.2021 00:56:45.806,1.34589,1.3456299999999999,2.35,1.1
30.08.2021 00:56:45.957,1.34588,1.34564,2.35,1
30.08.2021 00:56:46.192,1.34588,1.34564,2.35,1
30.08.2021 00:56:46.474,1.34589,1.3456299999999999,2.35,1
30.08.2021 00:56:49.916,1.34588,1.3456299999999999,4.72,1.72
30.08.2021 00:56:50.847,1.34586,1.3456299999999999,1.6,1.1
30.08.2021 00:56:50.948,1.34585,1.34564,1.57,1
30.08.2021 00:56:51.049,1.34586,1.3456299999999999,2.07,1
30.08.2021 00:56:51.898,1.34583,1.34564,1,1
30.08.2021 00:56:55.901,1.34583,1.3456299999999999,1.95,1.12
30.08.2021 00:57:14.405,1.34584,1.3456299999999999,1.87,1
30.08.2021 00:57:20.034,1.34584,1.34564,1.1,1
30.08.2021 00:57:20.206,1.34584,1.3456100000000002,1.1,1.22
30.08.2021 00:57:24.287,1.34583,1.3456100000000002,1,1.97
30.08.2021 00:57:29.596,1.34583,1.34565,1,1
30.08.2021 00:57:29.697,1.34586,1.34564,1.6,1
30.08.2021 00:57:42.413,1.34588,1.3457100000000002,1,1
30.08.2021 00:57:42.514,1.3459400000000001,1.34574,1,1
30.08.2021 00:57:42.615,1.34595,1.34575,1.5,1
30.08.2021 00:57:42.766,1.34598,1.34574,2.07,1.57
30.08.2021 00:57:42.867,1.34597,1.34575,2,1.6
30.08.2021 00:57:42.921,1.34599,1.34575,1.95,1.1
30.08.2021 00:57:43.072,1.34599,1.34576,1.1,1.6
30.08.2021 00:57:52.952,1.34597,1.3457700000000001,1,1
30.08.2021 00:57:53.255,1.34597,1.34575,1.5,1
30.08.2021 00:57:53.614,1.34597,1.34574,1.5,1.57
30.08.2021 00:57:55.363,1.34596,1.34573,1,1
30.08.2021 00:58:00.155,1.34596,1.34573,1,1.1
30.08.2021 00:58:01.571,1.34596,1.34574,1,1.1
30.08.2021 00:58:01.673,1.34598,1.34573,2.25,1.1
30.08.2021 00:58:01.816,1.34599,1.34574,3.5,1.1
30.08.2021 00:58:01.990,1.346,1.34573,3.75,1.1
30.08.2021 00:58:07.804,1.34599,1.34574,3,1.22
30.08.2021 00:58:09.004,1.3460100000000002,1.34576,3,1.1
30.08.2021 00:58:09.107,1.346,1.34578,1,1.1
30.08.2021 00:58:11.762,1.3460200000000002,1.34579,1.5,1.22
30.08.2021 00:58:13.206,1.3460400000000001,1.3458200000000002,1,1.2
30.08.2021 00:58:13.357,1.34606,1.34585,1.5,1.1
30.08.2021 00:58:13.508,1.34607,1.34584,1.5,1.72
30.08.2021 00:58:16.983,1.34606,1.34585,2,1.6
30.08.2021 00:58:20.201,1.34606,1.34585,1,2.35
30.08.2021 00:58:21.511,1.34606,1.34586,1,1.22
30.08.2021 00:58:23.248,1.34606,1.34585,1,2.1
30.08.2021 00:58:24.535,1.34606,1.34585,1,2.1
30.08.2021 00:58:25.286,1.3461,1.3458700000000001,1.5,1.72
30.08.2021 00:58:25.437,1.3461100000000001,1.3458700000000001,1.12,1.1
30.08.2021 00:58:25.538,1.3461,1.3458700000000001,1,3.22
30.08.2021 00:58:30.125,1.3461,1.34586,1,1.1
30.08.2021 00:58:30.622,1.3461,1.34586,1,1.1
30.08.2021 00:58:31.889,1.34617,1.3460100000000002,1.5,1.25
30.08.2021 00:58:31.940,1.34619,1.3460100000000002,1.35,1.25
30.08.2021 00:58:32.040,1.3462100000000001,1.3460100000000002,1.25,1.76
30.08.2021 00:58:32.091,1.3462100000000001,1.3460100000000002,1.12,1.57
30.08.2021 00:58:32.246,1.3462100000000001,1.3460100000000002,1.12,2.07
30.08.2021 00:58:32.545,1.3462100000000001,1.3460200000000002,1.5,3.57
30.08.2021 00:58:32.950,1.3462200000000002,1.3460200000000002,1,3.6
30.08.2021 00:58:33.184,1.34623,1.3460200000000002,1,1.1
30.08.2021 00:58:34.992,1.34624,1.3460200000000002,1.12,1.22
30.08.2021 00:58:36.051,1.34627,1.34605,1.75,1.1
30.08.2021 00:58:39.292,1.34628,1.3460400000000001,1,1.72
30.08.2021 00:58:39.399,1.34629,1.34605,2.7,1.1
30.08.2021 00:58:39.711,1.34628,1.34609,1.57,1
30.08.2021 00:58:39.812,1.34628,1.3461,1,1
30.08.2021 00:58:39.913,1.34629,1.34606,1,1.1
30.08.2021 00:58:40.064,1.34629,1.34606,1,1.1
30.08.2021 00:58:41.806,1.34628,1.34605,1,1.1
30.08.2021 00:58:41.987,1.34629,1.3460400000000001,1.5,1.1
30.08.2021 00:58:45.818,1.34628,1.3460400000000001,3.19,1.35
30.08.2021 00:58:47.566,1.34628,1.34605,3.69,1.1
30.08.2021 00:58:48.696,1.34629,1.34603,1,3.6
30.08.2021 00:58:48.797,1.34628,1.34606,1.5,1.1
30.08.2021 00:58:49.451,1.34628,1.34606,2,1.1
30.08.2021 00:58:50.274,1.34628,1.34606,2.75,1.1
30.08.2021 00:58:51.046,1.34628,1.34605,1,1.6
30.08.2021 00:58:51.147,1.3463,1.34606,2,2.47
30.08.2021 00:58:51.248,1.3463200000000002,1.34609,3.5,1.1
30.08.2021 00:58:51.349,1.3463200000000002,1.34609,2.62,1.1
30.08.2021 00:58:51.449,1.34629,1.34606,1,1.6
30.08.2021 00:58:51.550,1.34629,1.34606,1,1.22
30.08.2021 00:58:51.651,1.34628,1.34607,1,1.1
30.08.2021 00:58:52.534,1.34628,1.34606,1.5,1.1
30.08.2021 00:58:52.717,1.34628,1.34606,2,1.1
30.08.2021 00:58:59.177,1.34629,1.34607,2,1.1
30.08.2021 00:58:59.278,1.34629,1.34605,2,1.1
30.08.2021 00:59:00.305,1.34628,1.34605,2.75,1.1
30.08.2021 00:59:06.782,1.34628,1.34603,2.62,1.1
30.08.2021 00:59:06.933,1.34626,1.3460400000000001,2.25,1.1
30.08.2021 00:59:07.706,1.3462200000000002,1.34603,1,1.1
30.08.2021 00:59:07.807,1.34624,1.34599,1.5,1.1
30.08.2021 00:59:08.018,1.3462100000000001,1.346,1,1.1
30.08.2021 00:59:08.119,1.34624,1.34599,2,1.1
30.08.2021 00:59:08.327,1.34624,1.346,4.25,1.22
30.08.2021 00:59:08.626,1.34626,1.34597,1,1.72
30.08.2021 00:59:08.727,1.3462500000000002,1.34599,1,1.6
30.08.2021 00:59:08.945,1.34626,1.34598,1.87,2.47
30.08.2021 00:59:11.386,1.3462500000000002,1.3460100000000002,1.5,1.6
30.08.2021 00:59:11.616,1.34626,1.346,2,1.6
30.08.2021 00:59:12.618,1.34624,1.346,1,1.1
30.08.2021 00:59:15.129,1.34623,1.346,1,1.1
30.08.2021 00:59:19.315,1.3462200000000002,1.3460100000000002,1,1.1
30.08.2021 00:59:22.171,1.34623,1.346,1,1.1
30.08.2021 00:59:25.462,1.34623,1.346,1,1.1
30.08.2021 00:59:28.186,1.3462200000000002,1.3460100000000002,1,1.1
30.08.2021 00:59:31.764,1.3462200000000002,1.3460100000000002,1,1.1
30.08.2021 00:59:31.865,1.3462500000000002,1.3460200000000002,2,2.35
30.08.2021 00:59:32.264,1.3462500000000002,1.3460200000000002,2,2.1
30.08.2021 00:59:32.959,1.3462500000000002,1.34603,1.12,1.6
30.08.2021 00:59:34.033,1.34628,1.3460400000000001,1,1.22
30.08.2021 00:59:34.084,1.34628,1.34613,1.5,1
30.08.2021 00:59:34.185,1.3463200000000002,1.3461200000000002,2.75,1.57
30.08.2021 00:59:34.286,1.34636,1.34615,2.75,1
30.08.2021 00:59:34.540,1.34636,1.34615,2,1.2
30.08.2021 00:59:34.677,1.34636,1.34615,1.5,1.1
30.08.2021 00:59:34.849,1.34636,1.34615,1,1.1
30.08.2021 00:59:46.260,1.34637,1.3461400000000001,1.5,1.6
30.08.2021 00:59:49.689,1.3463500000000002,1.34615,1,1.91
30.08.2021 00:59:51.892,1.34637,1.34615,1.5,1.1
30.08.2021 00:59:52.948,1.34634,1.34616,1,1.1
30.08.2021 00:59:59.805,1.3463500000000002,1.3461400000000001,1.5,1.1
30.08.2021 01:00:00.158,1.34637,1.3461400000000001,2,1.1
30.08.2021 01:00:01.100,1.34634,1.3461400000000001,1,1.1
30.08.2021 01:00:11.272,1.34633,1.34613,1,1.1
30.08.2021 01:00:12.795,1.34633,1.3461400000000001,2,1
30.08.2021 01:00:13.172,1.3463200000000002,1.34613,1,1
30.08.2021 01:00:13.273,1.3463100000000001,1.3461400000000001,1,1.12
30.08.2021 01:00:13.537,1.3463100000000001,1.3461200000000002,1,1.7
30.08.2021 01:00:13.901,1.3463200000000002,1.3461100000000001,1,1.95
30.08.2021 01:00:14.019,1.3463100000000001,1.3461200000000002,1,1.7
30.08.2021 01:00:16.510,1.3463100000000001,1.3461200000000002,1.5,1.62
30.08.2021 01:00:35.108,1.34629,1.3461,1,1.5
30.08.2021 01:00:35.159,1.34628,1.3461100000000001,1,1
30.08.2021 01:00:35.310,1.34628,1.34609,1,1.62
30.08.2021 01:00:35.452,1.34627,1.3461,1,1
30.08.2021 01:00:36.224,1.34626,1.34609,1.5,1
30.08.2021 01:00:37.788,1.34626,1.34607,1.5,1.5
30.08.2021 01:00:39.991,1.34627,1.34606,1.5,1
30.08.2021 01:00:42.973,1.34626,1.34607,1.87,1.5
30.08.2021 01:00:52.982,1.34626,1.34608,1.87,1
30.08.2021 01:00:53.243,1.34627,1.3461,1,1
30.08.2021 01:00:53.344,1.34628,1.3461,1.12,3.12
30.08.2021 01:00:53.394,1.34629,1.34613,1.5,1
30.08.2021 01:00:53.444,1.3463200000000002,1.3461200000000002,1.87,1
30.08.2021 01:00:53.625,1.3463200000000002,1.34613,1.5,1.5
30.08.2021 01:00:53.959,1.3463200000000002,1.34613,1.5,1.5
30.08.2021 01:00:54.059,1.34634,1.34616,1.5,1.12
30.08.2021 01:00:54.110,1.34637,1.34616,1.87,1
30.08.2021 01:00:54.235,1.34638,1.34617,1,2
30.08.2021 01:00:54.405,1.34638,1.3462,1.2,1
30.08.2021 01:00:54.506,1.3464,1.3462100000000001,1.12,1
30.08.2021 01:00:54.606,1.3464200000000002,1.3462200000000002,1,1
30.08.2021 01:00:54.707,1.3464200000000002,1.34624,1,1
30.08.2021 01:00:54.941,1.34643,1.3462500000000002,1.5,1
30.08.2021 01:01:15.898,1.34644,1.3462100000000001,1,1.7
30.08.2021 01:01:15.999,1.3464500000000001,1.34623,1.5,2.75
30.08.2021 01:01:16.211,1.3464500000000001,1.34629,1.5,1
30.08.2021 01:01:16.261,1.3464500000000001,1.34628,1,1.5
30.08.2021 01:01:16.312,1.34649,1.34628,1.5,1
30.08.2021 01:01:16.362,1.34647,1.3462500000000002,1.5,1.62
30.08.2021 01:01:16.463,1.34647,1.34626,1.5,1
30.08.2021 01:01:16.564,1.3464500000000001,1.3462500000000002,1,1.62
30.08.2021 01:01:16.665,1.34644,1.34626,1,1
30.08.2021 01:01:17.155,1.3464500000000001,1.34626,1,1
30.08.2021 01:01:17.205,1.34649,1.34627,2,1
30.08.2021 01:01:17.256,1.34649,1.3463,2,1
30.08.2021 01:01:17.306,1.34651,1.3463200000000002,1.87,1
30.08.2021 01:01:17.357,1.34654,1.34633,2,1
30.08.2021 01:01:17.408,1.34653,1.34634,1.5,1
30.08.2021 01:01:27.601,1.34654,1.3463200000000002,1,1
30.08.2021 01:01:27.723,1.34654,1.3463500000000002,1.12,1
30.08.2021 01:01:28.526,1.3465500000000001,1.34633,1.12,1.6
30.08.2021 01:01:28.821,1.3465500000000001,1.34634,1,1
30.08.2021 01:01:32.900,1.3465500000000001,1.34634,1.5,2
30.08.2021 01:01:34.822,1.3465500000000001,1.34636,1.5,1
30.08.2021 01:01:36.906,1.3465500000000001,1.34636,1.12,1.5
30.08.2021 01:02:00.070,1.34657,1.34633,1.5,2
30.08.2021 01:02:00.684,1.3465600000000002,1.34634,1.12,1.87
30.08.2021 01:02:03.550,1.3465500000000001,1.34634,2.25,1.87
30.08.2021 01:02:03.651,1.3465500000000001,1.3463100000000001,1,1.6
30.08.2021 01:02:04.587,1.34654,1.3463200000000002,1.1,1
30.08.2021 01:02:04.825,1.34653,1.3463200000000002,1,1
30.08.2021 01:02:05.262,1.34654,1.3463,1,1.95
30.08.2021 01:02:05.614,1.34654,1.34629,1.57,2.32
30.08.2021 01:02:05.746,1.34653,1.3463100000000001,1.57,1
30.08.2021 01:02:06.180,1.34654,1.34629,1.57,1.95
30.08.2021 01:02:12.865,1.34654,1.3463,1.1,1.1
30.08.2021 01:02:12.991,1.3465500000000001,1.34629,1.22,1.95
30.08.2021 01:02:15.916,1.34653,1.3463200000000002,1.12,1
30.08.2021 01:02:19.556,1.34651,1.3463100000000001,1,1
30.08.2021 01:02:19.607,1.34649,1.34627,1.57,1.12
30.08.2021 01:02:19.708,1.34646,1.34626,1,1
30.08.2021 01:02:19.859,1.34646,1.34624,1,3.6
30.08.2021 01:02:20.307,1.34646,1.34623,1.1,1.7
30.08.2021 01:02:20.465,1.34646,1.34623,2.35,1.1
30.08.2021 01:02:24.631,1.34646,1.34624,1.22,1
30.08.2021 01:02:30.213,1.3464500000000001,1.34623,1,1
30.08.2021 01:02:35.480,1.3464200000000002,1.34624,1,1
30.08.2021 01:02:39.601,1.34644,1.34623,1.5,1
30.08.2021 01:02:39.702,1.34638,1.34618,1.5,1.5
30.08.2021 01:02:39.752,1.34639,1.34617,1.87,1
30.08.2021 01:02:41.017,1.34639,1.34617,2.07,1
30.08.2021 01:02:45.005,1.34638,1.34618,2,1
30.08.2021 01:02:45.675,1.34637,1.34618,1.1,1
30.08.2021 01:02:45.837,1.34637,1.3461200000000002,1.1,2.35
30.08.2021 01:02:45.957,1.34637,1.3461200000000002,1.1,1.57
30.08.2021 01:02:46.545,1.34637,1.34613,1.12,1.6
30.08.2021 01:02:46.789,1.34636,1.34613,1,1.1
30.08.2021 01:02:53.268,1.34638,1.3461400000000001,2.19,1.57
30.08.2021 01:02:53.318,1.34638,1.34613,1.81,1.35
30.08.2021 01:02:54.065,1.34638,1.34616,1.62,1.1
30.08.2021 01:02:57.075,1.34638,1.34616,1.62,1.22
30.08.2021 01:03:11.388,1.34641,1.34616,2.25,1.1
30.08.2021 01:03:11.438,1.34641,1.34623,1,1
30.08.2021 01:03:11.489,1.34641,1.3462,1,1.1
30.08.2021 01:03:11.590,1.34644,1.3462,1,2.7
30.08.2021 01:03:12.393,1.3464500000000001,1.3462,1.5,4.22
30.08.2021 01:03:12.668,1.34644,1.3462100000000001,1,4.35
30.08.2021 01:03:19.404,1.34644,1.3462100000000001,1.5,4.35
30.08.2021 01:03:19.540,1.3464500000000001,1.3462,1.5,4.35
30.08.2021 01:03:22.636,1.34646,1.3462,1.12,2.85
30.08.2021 01:03:22.686,1.34646,1.34624,1.12,1.1
30.08.2021 01:03:22.787,1.34647,1.34623,1.12,1.1
30.08.2021 01:03:23.741,1.34647,1.3462500000000002,1.5,1.1
30.08.2021 01:03:26.981,1.34649,1.34624,2,1.72
30.08.2021 01:03:29.627,1.34648,1.3462500000000002,2,1.72
30.08.2021 01:03:31.767,1.34651,1.34628,2.25,1
30.08.2021 01:03:31.818,1.34651,1.3463,1,1.1
30.08.2021 01:03:31.969,1.34657,1.34636,2.06,2.16
30.08.2021 01:03:32.069,1.34659,1.34638,1,1.1
30.08.2021 01:03:32.170,1.34661,1.3464,1.5,1
30.08.2021 01:03:32.271,1.34661,1.3464,1.5,1
30.08.2021 01:03:32.902,1.3466200000000002,1.34636,1,1.22
30.08.2021 01:03:33.003,1.34663,1.34636,2.02,1.1
30.08.2021 01:03:33.104,1.3466200000000002,1.34637,2.02,1.1
30.08.2021 01:03:33.388,1.34664,1.34637,2.95,1.72
30.08.2021 01:03:41.329,1.34664,1.34638,1.2,1.1
30.08.2021 01:03:56.920,1.34661,1.34637,1,1.1
30.08.2021 01:03:57.027,1.3466,1.34637,1,1.6
30.08.2021 01:04:02.222,1.34661,1.34637,1,1.6
30.08.2021 01:04:02.423,1.3466200000000002,1.34637,1.2,1.85
30.08.2021 01:04:05.047,1.3466200000000002,1.34638,1.2,1.1
30.08.2021 01:04:05.507,1.34663,1.34639,1,1.6
30.08.2021 01:04:05.659,1.34663,1.34639,1,1.72
30.08.2021 01:04:11.311,1.3466500000000001,1.34638,1.5,3.1
30.08.2021 01:04:15.768,1.34663,1.34639,1.5,1.6
30.08.2021 01:04:15.967,1.34663,1.34638,1,1.6
30.08.2021 01:04:21.549,1.34663,1.34638,1,1.72
30.08.2021 01:04:21.650,1.34663,1.34638,1,2.35
30.08.2021 01:04:24.135,1.34664,1.34639,1.5,1.1
30.08.2021 01:04:24.237,1.34664,1.34638,1.5,3.6
30.08.2021 01:04:26.123,1.34663,1.34639,1.5,3.6
30.08.2021 01:04:26.970,1.34663,1.34639,1.5,1.6
30.08.2021 01:04:27.289,1.3466200000000002,1.34639,1,1.1
30.08.2021 01:04:27.598,1.3466500000000001,1.34638,3.37,1.72
30.08.2021 01:04:27.699,1.34664,1.34639,1.12,3.22
30.08.2021 01:04:30.441,1.3466500000000001,1.3464200000000002,1.12,1.72
30.08.2021 01:04:30.541,1.34669,1.3464500000000001,1.5,1
30.08.2021 01:04:30.642,1.3467,1.3464200000000002,1.87,1.6
30.08.2021 01:04:30.743,1.34671,1.3464500000000001,2,1.6
30.08.2021 01:04:30.844,1.3467200000000001,1.3464500000000001,1.5,1.6
30.08.2021 01:04:30.944,1.34674,1.3464500000000001,2.62,1.6
30.08.2021 01:04:31.413,1.34673,1.34646,4.12,1.6
30.08.2021 01:04:32.306,1.34674,1.3464500000000001,1.5,1.6
30.08.2021 01:04:35.626,1.3467500000000001,1.34651,1.12,1.5
30.08.2021 01:04:36.207,1.3467600000000002,1.34646,1,2.85
30.08.2021 01:04:36.308,1.3467500000000001,1.34647,1,2.85
30.08.2021 01:04:44.375,1.3467600000000002,1.34648,1,1.6
30.08.2021 01:04:46.036,1.3467700000000002,1.34648,2.75,1.6
30.08.2021 01:04:46.353,1.3467600000000002,1.34647,1.5,1.6
30.08.2021 01:04:46.605,1.3467700000000002,1.34647,2.25,2.1
30.08.2021 01:04:47.025,1.3467700000000002,1.34646,1,1.6
30.08.2021 01:04:48.450,1.34678,1.34646,1.5,2.85
30.08.2021 01:05:00.925,1.34678,1.34647,1.5,1.6
30.08.2021 01:05:01.127,1.34678,1.34648,1,1.6
30.08.2021 01:05:01.429,1.3468,1.3465,2,2.1
30.08.2021 01:05:01.532,1.3468200000000001,1.3465200000000002,2.25,1.1
30.08.2021 01:05:01.683,1.3468200000000001,1.34659,1.12,1
30.08.2021 01:05:01.733,1.34685,1.34657,1.5,1.6
30.08.2021 01:05:01.834,1.34684,1.34657,1.12,1.6
30.08.2021 01:05:02.010,1.3468600000000002,1.3465600000000002,1.5,1.6
30.08.2021 01:05:02.242,1.3468600000000002,1.34657,1.5,1.1
30.08.2021 01:05:02.343,1.3468600000000002,1.3465799999999999,1.62,1.1
30.08.2021 01:05:02.712,1.3468700000000002,1.34657,1.87,1.1
30.08.2021 01:05:02.947,1.3468700000000002,1.3465799999999999,1.5,1.1
30.08.2021 01:05:03.098,1.34688,1.34657,1.62,1.72
30.08.2021 01:05:03.349,1.34684,1.3465799999999999,1,1.72
30.08.2021 01:05:04.666,1.34688,1.3466,4.12,1.1
30.08.2021 01:05:04.716,1.34688,1.34657,1,1.6
30.08.2021 01:05:04.817,1.34685,1.3465600000000002,1,3.22
30.08.2021 01:05:04.918,1.34685,1.3466,1,1.1
30.08.2021 01:05:11.741,1.3468200000000001,1.3466,1.5,1.1
30.08.2021 01:05:11.842,1.34683,1.3465500000000001,1.5,3.22
30.08.2021 01:05:15.761,1.34684,1.3465799999999999,1.25,1.1
30.08.2021 01:05:16.035,1.34684,1.34659,2,3.22
30.08.2021 01:05:16.321,1.34685,1.3465799999999999,2,3.22
30.08.2021 01:05:16.495,1.34685,1.34661,2,1.1
30.08.2021 01:05:17.037,1.34685,1.34661,1.87,1.1
30.08.2021 01:05:20.942,1.3468700000000002,1.3466,3.5,2.1
30.08.2021 01:05:21.632,1.3468700000000002,1.3466,1.5,1.1
30.08.2021 01:05:23.729,1.3468600000000002,1.34661,1.5,1.1
30.08.2021 01:05:27.228,1.34684,1.3466,1.12,1.72
30.08.2021 01:05:27.664,1.34679,1.34657,1,1
30.08.2021 01:05:29.386,1.34678,1.34657,1.5,1
30.08.2021 01:05:30.389,1.34679,1.3465600000000002,1.5,1
30.08.2021 01:05:36.403,1.34679,1.3465600000000002,1.5,1
30.08.2021 01:05:48.428,1.34678,1.34657,1.5,1
30.08.2021 01:05:49.429,1.34678,1.34657,1.5,1
30.08.2021 01:05:52.498,1.34678,1.34657,1.12,1
30.08.2021 01:05:54.872,1.3468,1.3465600000000002,1.12,1
30.08.2021 01:05:55.304,1.34679,1.3465600000000002,1,1
30.08.2021 01:05:59.638,1.34679,1.3465500000000001,1,1.6
30.08.2021 01:05:59.738,1.34681,1.34659,1.5,1.6
30.08.2021 01:05:59.839,1.34685,1.34661,2,1.6
30.08.2021 01:05:59.940,1.3468600000000002,1.34661,4.25,1.7
30.08.2021 01:06:00.041,1.3468600000000002,1.34661,4.25,1.72
30.08.2021 01:06:00.252,1.3468700000000002,1.3466,3.5,2.47
30.08.2021 01:06:00.738,1.3468600000000002,1.3466200000000002,4.25,1.6
30.08.2021 01:06:01.225,1.3468600000000002,1.3466200000000002,2.75,1.6
30.08.2021 01:06:01.496,1.3468600000000002,1.3466200000000002,2.75,1.6
30.08.2021 01:06:05.180,1.34685,1.34664,1,1.1
30.08.2021 01:06:05.395,1.34685,1.34664,1.62,1.1
30.08.2021 01:06:05.644,1.3468700000000002,1.34663,3.12,1.1
30.08.2021 01:06:06.130,1.3468700000000002,1.34663,2.37,1.1
30.08.2021 01:06:07.952,1.34685,1.34664,1,1
30.08.2021 01:06:30.258,1.34684,1.34664,1,1
30.08.2021 01:06:51.061,1.3468600000000002,1.34663,1,1
30.08.2021 01:06:53.949,1.34685,1.34663,1,1
30.08.2021 01:06:54.081,1.34685,1.34663,1,1
30.08.2021 01:06:54.248,1.34685,1.34663,1,1
30.08.2021 01:07:15.585,1.3468600000000002,1.34663,1.12,1
30.08.2021 01:07:23.737,1.34685,1.34663,1,1
30.08.2021 01:07:23.917,1.34685,1.34664,1.12,1
30.08.2021 01:07:25.799,1.34684,1.34664,1,1
30.08.2021 01:07:27.351,1.34685,1.34664,1.87,1
30.08.2021 01:07:35.790,1.34684,1.34664,1,1
30.08.2021 01:07:35.983,1.3468600000000002,1.34663,1.87,1
30.08.2021 01:07:37.777,1.34685,1.34663,1,1
30.08.2021 01:07:39.216,1.3468,1.34664,1,1
30.08.2021 01:07:39.317,1.3467600000000002,1.3465500000000001,1,2.37
30.08.2021 01:07:39.417,1.34674,1.3465600000000002,1,1
30.08.2021 01:07:39.637,1.3467500000000001,1.3465200000000002,1,1
30.08.2021 01:07:39.738,1.3467500000000001,1.3465,1.5,1.85
30.08.2021 01:07:40.181,1.3467500000000001,1.3465,1.5,1.12
30.08.2021 01:07:40.282,1.3467500000000001,1.3465,2.62,1
30.08.2021 01:07:40.474,1.34674,1.3465,1.25,1
30.08.2021 01:07:41.870,1.34667,1.3464500000000001,1,1.6
30.08.2021 01:07:41.971,1.34667,1.34643,1.75,2.75
30.08.2021 01:07:42.122,1.3466500000000001,1.34641,1.5,2.45
30.08.2021 01:07:42.242,1.3465799999999999,1.34638,1.5,1
30.08.2021 01:07:42.343,1.34659,1.34637,1.62,1
30.08.2021 01:07:42.916,1.34659,1.3463500000000002,1.5,1.57
30.08.2021 01:07:43.407,1.34659,1.34633,1.75,1.35
30.08.2021 01:07:44.859,1.3465799999999999,1.34634,1.75,1.35
30.08.2021 01:07:46.145,1.3465799999999999,1.34637,1.75,1.25
30.08.2021 01:07:46.295,1.34659,1.34636,1.5,1
30.08.2021 01:07:50.348,1.3465799999999999,1.34637,1.5,1
30.08.2021 01:07:52.006,1.3465799999999999,1.34636,1.5,1.2
30.08.2021 01:07:52.131,1.3465799999999999,1.3463500000000002,1.5,1
30.08.2021 01:07:52.235,1.34657,1.34636,1.5,1
30.08.2021 01:07:52.651,1.34657,1.34634,1.5,1.95
30.08.2021 01:07:54.021,1.34657,1.34634,2.75,1.95
30.08.2021 01:07:54.071,1.34657,1.34636,1.5,1
30.08.2021 01:07:54.172,1.34659,1.34638,1.5,1
30.08.2021 01:07:54.833,1.3466,1.34637,1.5,1
30.08.2021 01:07:55.119,1.34659,1.34637,1.5,1
30.08.2021 01:07:56.120,1.34659,1.34638,1.5,1.95
30.08.2021 01:07:56.171,1.3466500000000001,1.3464,1.5,1
30.08.2021 01:07:56.272,1.3466500000000001,1.3464200000000002,1,1
30.08.2021 01:07:56.422,1.3466600000000002,1.34643,1,1
30.08.2021 01:07:56.661,1.3466600000000002,1.34643,1,1
30.08.2021 01:07:56.762,1.3466500000000001,1.34644,1,1
30.08.2021 01:07:57.630,1.3466600000000002,1.34644,1.5,1
30.08.2021 01:07:57.796,1.3466600000000002,1.3464200000000002,1,1.1
30.08.2021 01:07:58.249,1.3466600000000002,1.34643,1,1
30.08.2021 01:07:58.408,1.34668,1.34644,1,1.57
30.08.2021 01:07:58.509,1.34669,1.34644,1.62,1.57
30.08.2021 01:08:01.647,1.3466500000000001,1.34643,1,1.1
30.08.2021 01:08:01.697,1.3466500000000001,1.34641,1,2.35
30.08.2021 01:08:01.798,1.3466600000000002,1.3464,1.62,1.1
30.08.2021 01:08:01.899,1.34664,1.34641,1.5,1.1
30.08.2021 01:08:02.036,1.3466500000000001,1.3464,1.5,1.1
30.08.2021 01:08:02.137,1.34664,1.34641,1.75,1
30.08.2021 01:08:02.489,1.3466500000000001,1.3464,1.5,1
30.08.2021 01:08:02.817,1.3466500000000001,1.34638,2.37,1.22
30.08.2021 01:08:16.718,1.34663,1.34641,1.5,1
30.08.2021 01:08:17.811,1.34661,1.3464200000000002,1,1
30.08.2021 01:08:38.298,1.34661,1.34641,1,1
30.08.2021 01:08:40.244,1.34659,1.3464200000000002,1,1
30.08.2021 01:08:46.096,1.34659,1.34639,1,1.5
30.08.2021 01:08:46.206,1.34657,1.3464,1,1.5
30.08.2021 01:08:46.357,1.3465799999999999,1.34636,1.5,1.62
30.08.2021 01:08:46.457,1.3465500000000001,1.34636,1.5,1
30.08.2021 01:08:46.558,1.34654,1.3463500000000002,1,1
30.08.2021 01:08:46.659,1.3465500000000001,1.34633,1.5,1
30.08.2021 01:08:49.623,1.34654,1.34634,1.5,1
30.08.2021 01:09:00.379,1.3465500000000001,1.34633,4.25,1
30.08.2021 01:09:00.531,1.3465500000000001,1.3463200000000002,3.5,1.2
30.08.2021 01:09:00.674,1.3465500000000001,1.3463200000000002,3.5,1.1
30.08.2021 01:09:31.571,1.34648,1.3463100000000001,1,1
30.08.2021 01:09:31.672,1.34647,1.3462500000000002,1,1.5
30.08.2021 01:09:31.723,1.34649,1.34624,1,1
30.08.2021 01:09:31.874,1.34651,1.34626,2.37,1.1
30.08.2021 01:09:32.024,1.34649,1.34628,1.62,1
30.08.2021 01:09:32.151,1.34649,1.34628,1.62,1
30.08.2021 01:09:32.535,1.34649,1.34624,2.07,1.7
30.08.2021 01:09:33.625,1.34648,1.34624,1.95,1
30.08.2021 01:09:37.914,1.34648,1.3462200000000002,1,1.6
30.08.2021 01:09:47.010,1.34647,1.34624,1,2
30.08.2021 01:09:51.825,1.34647,1.34623,1,1.7
30.08.2021 01:09:51.926,1.34647,1.34623,1,1.7
30.08.2021 01:09:57.670,1.34649,1.3462200000000002,2.62,2.47
30.08.2021 01:10:00.321,1.34648,1.34627,1,1
30.08.2021 01:10:00.422,1.34649,1.34626,1,1
30.08.2021 01:10:00.543,1.34648,1.34627,1,1
30.08.2021 01:10:02.726,1.3465,1.34627,3.12,1
30.08.2021 01:10:15.148,1.3465,1.34627,2.45,1
30.08.2021 01:10:18.669,1.34647,1.34623,1,1.7
30.08.2021 01:10:19.234,1.34647,1.34624,1,1.5
30.08.2021 01:10:19.336,1.3464500000000001,1.3462500000000002,1.5,1.62
30.08.2021 01:10:19.448,1.34646,1.34624,1.5,1.62
30.08.2021 01:10:20.304,1.3464500000000001,1.3462500000000002,2,1.5
30.08.2021 01:10:23.310,1.3464500000000001,1.3462500000000002,2,1.5
30.08.2021 01:10:23.585,1.3464500000000001,1.3462500000000002,2,1.5
30.08.2021 01:11:02.065,1.3464500000000001,1.34624,1.5,1
30.08.2021 01:11:03.064,1.3464500000000001,1.34624,1.5,1
30.08.2021 01:11:09.076,1.3464500000000001,1.34624,1.5,1.12
30.08.2021 01:11:10.077,1.34644,1.3462500000000002,1.5,1.12
30.08.2021 01:11:12.505,1.34646,1.34623,1.5,1
30.08.2021 01:11:16.071,1.3464500000000001,1.3462100000000001,1.5,1.55
30.08.2021 01:11:16.573,1.3464500000000001,1.3462,2.75,1.9
30.08.2021 01:11:16.674,1.3464500000000001,1.3462,4.25,1.3
30.08.2021 01:11:16.874,1.34638,1.3462100000000001,1,1.2
30.08.2021 01:11:16.976,1.34637,1.34617,1,1.62
30.08.2021 01:11:17.076,1.3464,1.34617,1.6,1.5
30.08.2021 01:11:17.178,1.3464200000000002,1.3461400000000001,1.22,3.22
30.08.2021 01:11:17.379,1.3464200000000002,1.3462200000000002,5.1,1.5
30.08.2021 01:11:17.480,1.34643,1.3462,1,1
30.08.2021 01:11:17.530,1.34643,1.3462,1.5,1
30.08.2021 01:11:17.682,1.3464,1.3462100000000001,1,1.62
30.08.2021 01:11:17.833,1.3464500000000001,1.3462200000000002,1.6,1.62
30.08.2021 01:11:18.706,1.3464500000000001,1.3462200000000002,3.6,1.62
30.08.2021 01:11:19.145,1.34639,1.3462100000000001,1,1.5
30.08.2021 01:11:19.348,1.34639,1.3462,1,1
30.08.2021 01:11:19.449,1.34636,1.3461400000000001,1,1
30.08.2021 01:11:19.550,1.34639,1.34617,4.2,1
30.08.2021 01:11:20.017,1.34639,1.34617,3.45,1
30.08.2021 01:11:20.594,1.34638,1.34617,1,1
30.08.2021 01:11:20.645,1.34639,1.34615,3.85,1.62
30.08.2021 01:11:20.745,1.34633,1.34613,1,2.7
30.08.2021 01:11:20.796,1.3463500000000002,1.34613,1,2.7
30.08.2021 01:11:21.072,1.3463500000000002,1.3461200000000002,1,1.87
30.08.2021 01:11:23.847,1.34634,1.3461100000000001,1,1.1
30.08.2021 01:11:23.960,1.34633,1.3461100000000001,1.5,1.2
30.08.2021 01:11:24.111,1.34633,1.3461,1,1.2
30.08.2021 01:11:24.212,1.3463100000000001,1.3461100000000001,1,1.2
30.08.2021 01:11:24.426,1.3463200000000002,1.3461100000000001,1,1.12
30.08.2021 01:11:24.623,1.3463200000000002,1.3461100000000001,1,1.5
30.08.2021 01:11:25.623,1.3463200000000002,1.3461100000000001,1,1
30.08.2021 01:11:25.809,1.34626,1.3461100000000001,1,1
30.08.2021 01:11:25.860,1.34627,1.34607,1,1
30.08.2021 01:11:26.010,1.34627,1.34608,1,1
30.08.2021 01:11:26.161,1.3463100000000001,1.34608,1.12,1
30.08.2021 01:11:27.537,1.3463100000000001,1.34608,1,1.1
30.08.2021 01:11:27.588,1.34633,1.3461,1,1.5
30.08.2021 01:11:27.689,1.34633,1.3461100000000001,1,1
30.08.2021 01:11:27.819,1.34634,1.3461200000000002,2.62,1
30.08.2021 01:11:28.866,1.34633,1.3461,1.5,1.12
30.08.2021 01:11:29.140,1.3463100000000001,1.3461100000000001,1,1.5
30.08.2021 01:11:29.241,1.3463100000000001,1.3461,1,1
30.08.2021 01:11:29.342,1.3463100000000001,1.3461,1.5,1
30.08.2021 01:11:29.392,1.34626,1.3461100000000001,1,1
30.08.2021 01:11:29.443,1.34627,1.34608,1,1
30.08.2021 01:11:29.544,1.34628,1.34608,1,1
30.08.2021 01:11:29.701,1.34628,1.34607,1,1
30.08.2021 01:11:30.125,1.34627,1.34607,1,1
30.08.2021 01:11:30.226,1.34626,1.34606,1,1
30.08.2021 01:11:32.194,1.34627,1.34607,1,1
30.08.2021 01:11:32.295,1.34628,1.34605,1.1,1
30.08.2021 01:11:32.396,1.34627,1.3460400000000001,1,1.5
30.08.2021 01:11:32.497,1.34627,1.34605,1.1,1.5
30.08.2021 01:11:35.006,1.34628,1.3460200000000002,3.29,1.85
30.08.2021 01:11:35.186,1.34628,1.3460200000000002,3.41,1.95
30.08.2021 01:11:36.200,1.3462500000000002,1.3460400000000001,1.75,1.25
30.08.2021 01:11:47.595,1.3462500000000002,1.34606,1.75,1
30.08.2021 01:11:48.645,1.34628,1.34605,3.5,1.5
30.08.2021 01:11:54.178,1.34627,1.34605,1.6,1.12
30.08.2021 01:11:55.171,1.34626,1.34606,1.6,1.12
30.08.2021 01:12:01.701,1.34624,1.34606,1.12,1.12
30.08.2021 01:12:05.558,1.34626,1.3460400000000001,1.6,1.5
30.08.2021 01:12:06.701,1.34626,1.3460400000000001,1.6,1.5
30.08.2021 01:12:06.866,1.3462500000000002,1.3460100000000002,1.5,1.6
30.08.2021 01:12:06.917,1.3462500000000002,1.3460100000000002,2,1.1
30.08.2021 01:12:07.028,1.3462200000000002,1.3460200000000002,1,1
30.08.2021 01:12:07.129,1.34624,1.34603,2,1
30.08.2021 01:12:07.931,1.34624,1.34603,2.75,1
30.08.2021 01:12:11.343,1.34624,1.346,1.5,1.5
30.08.2021 01:12:11.393,1.3462,1.346,2.44,3.12
30.08.2021 01:12:11.494,1.3462200000000002,1.34599,1.5,2.37
30.08.2021 01:12:11.847,1.3462100000000001,1.34598,1.57,1
30.08.2021 01:12:12.528,1.3462200000000002,1.34596,2.32,1.6
30.08.2021 01:12:12.896,1.3462100000000001,1.34597,1.57,2.32
30.08.2021 01:12:13.008,1.3462200000000002,1.34597,1.57,1
30.08.2021 01:12:13.058,1.3462100000000001,1.34598,2.82,2.07
30.08.2021 01:12:13.159,1.3462100000000001,1.346,1.6,1
30.08.2021 01:12:13.310,1.34623,1.34599,1.95,1
30.08.2021 01:12:13.866,1.34623,1.3460200000000002,1.5,1
30.08.2021 01:12:14.268,1.34623,1.3460200000000002,1.12,1
30.08.2021 01:12:16.328,1.34626,1.34603,2.82,1.57
30.08.2021 01:12:16.429,1.34627,1.3460400000000001,2.82,1.12
30.08.2021 01:12:22.366,1.34627,1.3460400000000001,1.5,1.12
30.08.2021 01:12:25.337,1.34627,1.34605,4.32,1.5
30.08.2021 01:12:28.362,1.34627,1.3460400000000001,4.32,2.45
30.08.2021 01:12:30.359,1.34628,1.34606,4.25,1.12
30.08.2021 01:12:37.387,1.34628,1.34605,2,1.5
30.08.2021 01:12:41.408,1.34626,1.34606,1.5,1.12
30.08.2021 01:12:45.424,1.34624,1.34606,1.5,1.12
30.08.2021 01:12:46.404,1.34628,1.34606,3.5,1.5
30.08.2021 01:12:46.546,1.34628,1.34606,3.5,2
30.08.2021 01:12:46.652,1.3463,1.34607,2.92,2.7
30.08.2021 01:12:46.702,1.3463100000000001,1.34609,2,1.1
30.08.2021 01:12:46.753,1.3463,1.3461200000000002,1,1.1
30.08.2021 01:12:46.853,1.34637,1.34613,2.47,1
30.08.2021 01:12:46.904,1.34636,1.3461200000000002,2.47,1.2
30.08.2021 01:12:47.005,1.3463500000000002,1.3461200000000002,1.12,1.6
30.08.2021 01:12:47.763,1.34638,1.34613,3.22,1.5
30.08.2021 01:12:47.864,1.34638,1.34615,4.35,1
30.08.2021 01:12:48.274,1.34638,1.34615,2.72,1
30.08.2021 01:12:49.038,1.34639,1.3461400000000001,1.2,2.7
30.08.2021 01:12:49.088,1.3463500000000002,1.3461400000000001,1,1
30.08.2021 01:12:49.239,1.3463500000000002,1.34617,1,1.5
30.08.2021 01:12:50.280,1.34636,1.34616,1.5,1.5
30.08.2021 01:12:50.749,1.34636,1.34613,1.75,1.5
30.08.2021 01:12:53.784,1.34636,1.3461400000000001,2.82,1.12
30.08.2021 01:13:02.794,1.34637,1.3461200000000002,1.6,1.18
30.08.2021 01:13:03.631,1.3463500000000002,1.3461100000000001,1.6,2
30.08.2021 01:13:04.783,1.3463500000000002,1.3461,1.7,3.2
30.08.2021 01:13:14.985,1.3463200000000002,1.3461100000000001,1,1.12
30.08.2021 01:13:15.911,1.3463200000000002,1.34609,1.5,1
30.08.2021 01:13:16.183,1.34629,1.34609,1,1
30.08.2021 01:13:23.035,1.34633,1.34609,2.82,1
30.08.2021 01:13:26.430,1.34633,1.34608,2.82,1.57
30.08.2021 01:13:30.973,1.3463200000000002,1.34609,2.82,1.57
30.08.2021 01:13:47.813,1.34626,1.34608,1,1
30.08.2021 01:13:48.206,1.34627,1.34603,1,1.7
30.08.2021 01:13:54.411,1.34626,1.34603,1.1,2.07
30.08.2021 01:14:02.573,1.3462500000000002,1.3460200000000002,1,1.1
30.08.2021 01:14:02.624,1.34624,1.3460100000000002,1,1.57
30.08.2021 01:14:02.891,1.3462500000000002,1.34599,1,1.5
30.08.2021 01:14:03.028,1.3462500000000002,1.34597,2.25,2.47
30.08.2021 01:14:03.129,1.34624,1.34598,2.25,1.95
30.08.2021 01:14:03.576,1.3462500000000002,1.34597,2.35,1.57
30.08.2021 01:14:03.890,1.3462200000000002,1.34595,1.1,2.47
30.08.2021 01:14:03.991,1.34616,1.34595,1,1.1
30.08.2021 01:14:04.107,1.34618,1.3459400000000001,1.5,1.1
30.08.2021 01:14:04.157,1.34617,1.3459400000000001,1,2.72
30.08.2021 01:14:04.258,1.34617,1.34593,2.32,2.47
30.08.2021 01:14:04.359,1.34617,1.34593,3.85,2.45
30.08.2021 01:14:04.963,1.34616,1.3459200000000002,1,1.6
30.08.2021 01:14:05.293,1.34616,1.3459200000000002,1,1.1
30.08.2021 01:14:09.561,1.34615,1.3459100000000002,1.1,3.22
30.08.2021 01:14:09.682,1.34617,1.3459,2.85,2.7
30.08.2021 01:14:11.067,1.34617,1.3459100000000002,2.47,2.72
30.08.2021 01:14:14.080,1.34617,1.34593,1.1,1
30.08.2021 01:14:14.181,1.34618,1.3459400000000001,1.1,1
30.08.2021 01:14:15.327,1.34618,1.34593,1.1,1.1
30.08.2021 01:14:15.478,1.34617,1.3459400000000001,1.1,1.1
30.08.2021 01:14:17.421,1.34618,1.3459400000000001,1.1,1
30.08.2021 01:14:19.700,1.34618,1.34595,1.1,1
30.08.2021 01:14:19.801,1.3462100000000001,1.34603,1,1
30.08.2021 01:14:19.851,1.3462200000000002,1.3460400000000001,1,1
30.08.2021 01:14:19.902,1.3462200000000002,1.3460200000000002,1,1.2
30.08.2021 01:14:20.093,1.34623,1.3460200000000002,2.25,1.2
30.08.2021 01:14:20.884,1.34624,1.3460100000000002,2.25,1.7
30.08.2021 01:14:22.350,1.34623,1.3460400000000001,1,1
30.08.2021 01:14:22.451,1.34623,1.3460100000000002,1.25,1.35
30.08.2021 01:14:22.551,1.34624,1.34598,1.1,2.85
30.08.2021 01:14:24.528,1.34624,1.34598,2.35,1.97
30.08.2021 01:14:25.553,1.34623,1.34598,3.1,3.47
30.08.2021 01:14:40.808,1.34624,1.34596,1.79,2.72
30.08.2021 01:14:43.386,1.34624,1.3460200000000002,1,1.1
30.08.2021 01:14:43.537,1.3463100000000001,1.34605,1.5,1.1
30.08.2021 01:14:43.713,1.3463100000000001,1.34606,1.5,1.6
30.08.2021 01:14:43.764,1.34634,1.34608,2.25,1.6
30.08.2021 01:14:43.865,1.3463500000000002,1.3461,2.25,1.1
30.08.2021 01:14:44.574,1.34634,1.34609,1,1.1
30.08.2021 01:14:44.685,1.3463500000000002,1.3461100000000001,2.25,1
30.08.2021 01:14:44.808,1.3463500000000002,1.3461200000000002,2.25,1
30.08.2021 01:14:44.859,1.34639,1.3461100000000001,1.12,1.5
30.08.2021 01:14:45.018,1.34637,1.3461100000000001,1,1.5
30.08.2021 01:14:45.119,1.34638,1.34613,1,1
30.08.2021 01:14:45.169,1.3464200000000002,1.34616,1.87,1
30.08.2021 01:14:45.270,1.3464200000000002,1.34615,1.2,1.5
30.08.2021 01:14:45.371,1.3464,1.34615,1,1
30.08.2021 01:14:45.421,1.3464,1.3461200000000002,1,4.6
30.08.2021 01:14:45.633,1.3464,1.3461400000000001,1.5,1
30.08.2021 01:14:45.735,1.3464,1.34615,1.5,1
30.08.2021 01:14:45.919,1.34641,1.3461100000000001,1.5,1.5
30.08.2021 01:14:46.070,1.3464200000000002,1.3461200000000002,3.22,1.5
30.08.2021 01:14:46.120,1.3464,1.3461100000000001,1.1,1
30.08.2021 01:14:46.221,1.34641,1.3461200000000002,1.1,1
30.08.2021 01:14:49.031,1.34637,1.3461200000000002,1,1
30.08.2021 01:14:49.712,1.34637,1.3461100000000001,1,1.57
30.08.2021 01:14:50.391,1.34638,1.34609,1.1,1.2
30.08.2021 01:14:50.499,1.34638,1.3461,1.1,1
30.08.2021 01:14:57.893,1.34638,1.3461100000000001,1,1
30.08.2021 01:15:00.580,1.34639,1.3461100000000001,2.25,1
30.08.2021 01:15:01.403,1.3464,1.34609,1.5,3
30.08.2021 01:15:01.504,1.34639,1.3461200000000002,2.25,1
30.08.2021 01:15:01.660,1.34639,1.34613,1.5,1
30.08.2021 01:15:01.711,1.3464200000000002,1.34613,1.12,1
30.08.2021 01:15:02.632,1.34641,1.34613,1.5,1
30.08.2021 01:15:03.048,1.3464200000000002,1.34613,1.5,1
30.08.2021 01:15:04.626,1.34643,1.3461400000000001,2.82,1.5
30.08.2021 01:15:04.727,1.34643,1.3461400000000001,2.25,1.5
30.08.2021 01:15:04.884,1.34644,1.3461400000000001,1.12,1
30.08.2021 01:15:04.989,1.34643,1.3461400000000001,2.25,1.5
30.08.2021 01:15:06.822,1.34644,1.34613,2.75,1.5
30.08.2021 01:15:07.134,1.34643,1.3461400000000001,2.85,1.6
30.08.2021 01:15:07.560,1.34644,1.34616,2.85,1
30.08.2021 01:15:08.712,1.34644,1.34617,2.85,1
30.08.2021 01:15:08.762,1.34644,1.34619,1.72,1.1
30.08.2021 01:15:19.521,1.3464500000000001,1.34618,1.1,1
30.08.2021 01:15:20.128,1.3464500000000001,1.34619,1.22,1
30.08.2021 01:15:21.010,1.3464500000000001,1.34619,1.22,1
30.08.2021 01:15:29.521,1.34644,1.34619,1.1,1
30.08.2021 01:15:30.036,1.3464500000000001,1.34618,2.1,1
30.08.2021 01:15:33.596,1.34647,1.34619,3.22,1.1
30.08.2021 01:15:34.103,1.34646,1.34619,1.1,1.1
30.08.2021 01:15:34.346,1.34646,1.34619,1.1,1.1
30.08.2021 01:15:43.851,1.3464500000000001,1.34618,1.6,1
30.08.2021 01:15:44.519,1.34644,1.34619,1.6,1
30.08.2021 01:15:49.214,1.3464500000000001,1.34618,2.85,1
30.08.2021 01:16:00.151,1.34644,1.34618,2.85,1
30.08.2021 01:16:04.551,1.34643,1.34619,1.72,1
30.08.2021 01:16:30.031,1.34643,1.34619,1.1,1
30.08.2021 01:16:53.408,1.34643,1.34616,1.1,1.1
30.08.2021 01:16:56.283,1.3464,1.34615,1,1
30.08.2021 01:16:56.407,1.3464,1.3461400000000001,1,1.1
30.08.2021 01:16:56.508,1.34643,1.3461400000000001,1.6,1.1
30.08.2021 01:17:02.035,1.34643,1.34615,1.1,1.57
30.08.2021 01:17:02.377,1.34644,1.3461400000000001,1.1,1.6
30.08.2021 01:17:14.248,1.34644,1.3461400000000001,1.72,1.6
30.08.2021 01:17:14.298,1.34639,1.3461400000000001,1.1,1
30.08.2021 01:17:14.399,1.34638,1.3461100000000001,2.85,1.6
30.08.2021 01:17:14.609,1.34639,1.3461,2.85,1.6
30.08.2021 01:17:14.741,1.34638,1.3461100000000001,2.85,1.6
30.08.2021 01:17:14.842,1.34639,1.3461,2.85,1.6
30.08.2021 01:17:14.993,1.3463500000000002,1.3461100000000001,1.1,1.1
30.08.2021 01:17:15.094,1.3463200000000002,1.34609,1.57,1
30.08.2021 01:17:15.195,1.34633,1.34607,1.6,1.95
30.08.2021 01:17:15.478,1.34633,1.34607,1.6,1.95
30.08.2021 01:17:16.022,1.3463500000000002,1.34607,3.6,1.7
30.08.2021 01:17:16.174,1.3463500000000002,1.34607,3.22,1.1
30.08.2021 01:17:19.012,1.34634,1.3461,1.1,1
30.08.2021 01:17:31.227,1.3463200000000002,1.34607,1.1,1.97
30.08.2021 01:17:31.514,1.34633,1.34606,1.1,1.95
30.08.2021 01:17:31.615,1.34633,1.34606,1.1,1.12
30.08.2021 01:17:31.817,1.34633,1.34605,1.72,1.6
30.08.2021 01:17:31.968,1.3463,1.34606,1.6,1.6
30.08.2021 01:17:32.069,1.34626,1.34606,1,1.5
30.08.2021 01:17:32.320,1.34628,1.34603,1,1.6
30.08.2021 01:17:32.421,1.34627,1.3460200000000002,1.1,3.6
30.08.2021 01:17:33.556,1.3462500000000002,1.3460100000000002,1,3.2
30.08.2021 01:17:37.661,1.34624,1.3460100000000002,1.1,1
30.08.2021 01:17:37.812,1.34624,1.3460100000000002,1.1,1
30.08.2021 01:17:37.912,1.3462500000000002,1.34597,1.1,2.1
30.08.2021 01:17:47.170,1.34623,1.346,1.1,1
30.08.2021 01:17:47.271,1.3462100000000001,1.346,1,1.1
30.08.2021 01:17:49.092,1.3462200000000002,1.346,1,1
30.08.2021 01:17:49.193,1.34624,1.346,1,1
30.08.2021 01:17:51.830,1.34623,1.346,1,1.12
30.08.2021 01:17:53.323,1.34623,1.3460100000000002,1,1
30.08.2021 01:17:53.584,1.34623,1.346,1,1.12
30.08.2021 01:17:57.090,1.34623,1.346,1,1.5
30.08.2021 01:17:59.444,1.34623,1.346,1,1.5
30.08.2021 01:17:59.582,1.34623,1.346,1,1.5
30.08.2021 01:18:00.841,1.34623,1.346,1,2.25
30.08.2021 01:18:00.980,1.34623,1.346,1,2.25
30.08.2021 01:18:01.521,1.3462100000000001,1.3460200000000002,1,1
30.08.2021 01:18:01.943,1.3462200000000002,1.3460100000000002,1.5,2.25
30.08.2021 01:18:03.919,1.3462200000000002,1.3460100000000002,1.12,2.62
30.08.2021 01:18:04.921,1.3462200000000002,1.3460100000000002,1.5,2.62
30.08.2021 01:18:15.824,1.3462200000000002,1.3460200000000002,1,1.5
30.08.2021 01:18:38.063,1.3462200000000002,1.346,1,1.12
30.08.2021 01:18:38.574,1.3462200000000002,1.34598,1,2.07
30.08.2021 01:18:38.699,1.3462100000000001,1.34598,1.12,1.12
30.08.2021 01:18:41.718,1.34618,1.34598,1,1.87
30.08.2021 01:18:42.858,1.34623,1.3460100000000002,1,1.5
30.08.2021 01:18:43.009,1.3462200000000002,1.3460200000000002,1,2
30.08.2021 01:18:43.160,1.34624,1.3460100000000002,1,2
30.08.2021 01:18:43.261,1.3462200000000002,1.3460100000000002,1,2
30.08.2021 01:18:44.102,1.3462200000000002,1.3460100000000002,1,2
30.08.2021 01:18:45.507,1.3462100000000001,1.346,1,2.7
30.08.2021 01:18:45.770,1.34623,1.346,1.1,1.12
30.08.2021 01:18:57.291,1.34623,1.34597,1,3.45
30.08.2021 01:18:57.392,1.34623,1.34597,1.1,1
30.08.2021 01:18:58.069,1.34623,1.34596,1.7,2.7
30.08.2021 01:18:58.170,1.3462200000000002,1.34595,1.6,2.07
30.08.2021 01:18:58.272,1.3462200000000002,1.34595,1.6,2.07
30.08.2021 01:18:58.517,1.34618,1.3459400000000001,1,1.6
30.08.2021 01:18:58.668,1.34617,1.34595,1,1.5
