Gmt time,Ask,Bid,AskVolume,BidVolume
05.08.2021 00:00:00.103,1.35152,1.3513600000000001,1,3.5
05.08.2021 00:00:07.400,1.35152,1.3513600000000001,1,1
05.08.2021 00:00:13.182,1.35153,1.3513600000000001,1,1.12
05.08.2021 00:00:18.333,1.35154,1.35138,1,1
05.08.2021 00:00:25.864,1.35154,1.3514000000000002,1,1
05.08.2021 00:00:31.681,1.35154,1.35138,1,1
05.08.2021 00:00:40.496,1.35153,1.3513700000000002,1,1
05.08.2021 00:00:40.597,1.3514700000000002,1.35133,1,1.62
05.08.2021 00:00:40.698,1.35142,1.3512600000000001,1,1
05.08.2021 00:00:40.748,1.3513700000000002,1.35122,1,1
05.08.2021 00:00:40.849,1.3513700000000002,1.35121,1,1
05.08.2021 00:00:40.950,1.35138,1.35123,1,1
05.08.2021 00:00:41.163,1.35139,1.35125,1.12,1
05.08.2021 00:00:45.352,1.35142,1.3512600000000001,1,1
05.08.2021 00:00:45.453,1.35142,1.3512700000000002,1.12,1
05.08.2021 00:00:45.829,1.35145,1.35129,1,1
05.08.2021 00:00:45.930,1.3514700000000002,1.35133,1,1
05.08.2021 00:01:07.711,1.35146,1.3513000000000002,1,1.5
05.08.2021 00:01:08.929,1.3514700000000002,1.35133,1,1
05.08.2021 00:01:10.860,1.35148,1.35134,1,1
05.08.2021 00:01:12.056,1.3515100000000002,1.35135,1,1
05.08.2021 00:01:12.172,1.35154,1.35138,1.5,1
05.08.2021 00:01:12.273,1.35153,1.35139,1,1
05.08.2021 00:01:14.235,1.35154,1.3514000000000002,1,1
05.08.2021 00:01:14.336,1.35155,1.35141,1,1
05.08.2021 00:01:14.632,1.3515700000000002,1.35141,1,1
05.08.2021 00:01:24.332,1.35158,1.35144,1,1
05.08.2021 00:01:33.147,1.3516000000000001,1.35146,1,1
05.08.2021 00:02:09.819,1.35156,1.35139,1,3.87
05.08.2021 00:02:09.869,1.35155,1.35139,1,2.25
05.08.2021 00:02:09.920,1.35156,1.35141,1,1
05.08.2021 00:02:10.020,1.35154,1.3514000000000002,1,2.25
05.08.2021 00:02:10.121,1.35153,1.3513600000000001,1,2.37
05.08.2021 00:02:10.881,1.35152,1.3513700000000002,1,2.25
05.08.2021 00:02:16.414,1.3515100000000002,1.3513600000000001,1,1
05.08.2021 00:02:16.515,1.35149,1.35134,1,1
05.08.2021 00:02:16.616,1.35149,1.35131,1,1.5
05.08.2021 00:02:16.767,1.35149,1.35134,1,1
05.08.2021 00:02:17.141,1.3514700000000002,1.3513000000000002,1,1.12
05.08.2021 00:02:17.965,1.35148,1.35133,1,1
05.08.2021 00:02:18.939,1.3514700000000002,1.35131,1,1.12
05.08.2021 00:02:20.629,1.35146,1.35129,1,2
05.08.2021 00:02:20.944,1.35146,1.35129,1,1.87
05.08.2021 00:02:21.771,1.3514700000000002,1.35132,1,1
05.08.2021 00:02:21.872,1.35148,1.35132,1,1
05.08.2021 00:02:23.995,1.35149,1.35132,1,1
05.08.2021 00:02:24.546,1.35149,1.35133,1,1
05.08.2021 00:02:26.093,1.3515000000000001,1.35133,1,1
05.08.2021 00:02:56.201,1.35152,1.35135,1,1
05.08.2021 00:03:07.100,1.3515100000000002,1.35134,1,2
05.08.2021 00:03:07.201,1.35149,1.35131,1,1.12
05.08.2021 00:03:07.622,1.3514700000000002,1.3513000000000002,1,1
05.08.2021 00:03:07.947,1.35145,1.35129,1,1.62
05.08.2021 00:03:08.567,1.3514700000000002,1.3513000000000002,1,1
05.08.2021 00:03:08.927,1.35146,1.35128,1,2.37
05.08.2021 00:03:09.660,1.3514700000000002,1.3513000000000002,1,1
05.08.2021 00:03:09.761,1.35146,1.35128,1,1.12
05.08.2021 00:03:29.601,1.35145,1.3513000000000002,1,1
05.08.2021 00:03:42.256,1.35144,1.35129,1,1
05.08.2021 00:03:44.775,1.35141,1.3512600000000001,1,1
05.08.2021 00:03:44.877,1.35135,1.35121,1,2.75
05.08.2021 00:03:44.978,1.3513600000000001,1.3511900000000001,1,1
05.08.2021 00:03:45.100,1.35134,1.3511700000000002,1,1
05.08.2021 00:03:45.201,1.35131,1.3511600000000001,1,1
05.08.2021 00:03:45.303,1.35133,1.35118,1,1
05.08.2021 00:03:46.171,1.35134,1.35118,1,1
05.08.2021 00:03:46.795,1.35135,1.3512,1,1
05.08.2021 00:03:47.144,1.3513600000000001,1.35121,1,1
05.08.2021 00:03:47.617,1.35139,1.35122,1,1
05.08.2021 00:03:48.698,1.35139,1.35121,1,1
05.08.2021 00:03:48.749,1.35138,1.35118,1,1
05.08.2021 00:03:53.726,1.3513600000000001,1.35118,1,1.12
05.08.2021 00:03:53.777,1.35135,1.3511600000000001,1,2
05.08.2021 00:03:53.827,1.35134,1.35115,1,1.12
05.08.2021 00:03:54.264,1.35132,1.35114,1,1.5
05.08.2021 00:03:54.475,1.35132,1.35114,1,1.5
05.08.2021 00:03:54.826,1.35132,1.35114,1,1.12
05.08.2021 00:03:57.101,1.35133,1.35118,1,1
05.08.2021 00:04:31.158,1.35134,1.3512,1,1
05.08.2021 00:04:33.570,1.3513600000000001,1.35121,2.25,1
05.08.2021 00:05:03.650,1.35135,1.3511900000000001,1,1
05.08.2021 00:05:17.958,1.3513600000000001,1.35122,1,1
05.08.2021 00:05:46.640,1.3513600000000001,1.3511900000000001,1,1
05.08.2021 00:06:02.639,1.35133,1.3511900000000001,1,1
05.08.2021 00:06:02.841,1.35132,1.35118,1,1
05.08.2021 00:06:03.043,1.35129,1.35115,1,1
05.08.2021 00:06:03.905,1.3512700000000002,1.35113,1,1
05.08.2021 00:06:07.072,1.3512700000000002,1.35111,1,1
05.08.2021 00:06:31.225,1.35125,1.3510900000000001,1,1
05.08.2021 00:06:49.144,1.3512700000000002,1.35111,1,1
05.08.2021 00:07:14.302,1.35125,1.35111,1,1
05.08.2021 00:07:25.539,1.35124,1.35108,1,1
05.08.2021 00:07:25.640,1.3511600000000001,1.35102,1,1
05.08.2021 00:07:25.842,1.3512,1.35102,1.97,1
05.08.2021 00:07:25.943,1.35118,1.35103,1,1
05.08.2021 00:07:25.994,1.3511700000000002,1.3510700000000002,1,1
05.08.2021 00:07:26.095,1.35121,1.3510700000000002,1,1
05.08.2021 00:07:26.196,1.35123,1.35103,1.6,1
05.08.2021 00:07:26.297,1.35122,1.35104,1.12,1
05.08.2021 00:07:26.347,1.35124,1.3510600000000001,1.1,1
05.08.2021 00:07:26.448,1.35123,1.3510700000000002,1.1,1
05.08.2021 00:07:36.048,1.35123,1.35108,1.5,1
05.08.2021 00:07:39.086,1.35125,1.3510700000000002,1.87,1
05.08.2021 00:07:41.520,1.35124,1.35108,2,1
05.08.2021 00:07:41.959,1.35125,1.3510700000000002,1.87,1
05.08.2021 00:07:42.460,1.35125,1.3510700000000002,2,1
05.08.2021 00:07:43.169,1.35125,1.3510700000000002,1.87,1
05.08.2021 00:07:43.345,1.35125,1.3510700000000002,2,1
05.08.2021 00:07:43.465,1.35124,1.35108,2.62,1
05.08.2021 00:07:43.698,1.35123,1.35108,1,1
05.08.2021 00:08:58.445,1.35124,1.35108,1.62,1
05.08.2021 00:09:03.679,1.3512,1.35108,1,1
05.08.2021 00:09:09.550,1.3512,1.3510600000000001,1,1
05.08.2021 00:09:09.701,1.3512,1.35105,1.5,1
05.08.2021 00:09:11.725,1.3512,1.35103,1,1
05.08.2021 00:09:11.908,1.3511900000000001,1.35102,1,1
05.08.2021 00:09:12.345,1.3511700000000002,1.351,1,1
05.08.2021 00:09:22.221,1.35115,1.351,1,1
05.08.2021 00:09:22.624,1.35114,1.3509900000000001,1,1.5
05.08.2021 00:09:29.333,1.35114,1.351,1,1
05.08.2021 00:09:29.484,1.35118,1.35103,1.12,1
05.08.2021 00:09:29.625,1.3511700000000002,1.35102,1,1
05.08.2021 00:09:34.681,1.3511900000000001,1.35103,1,1
05.08.2021 00:09:35.066,1.35118,1.3510600000000001,1,1
05.08.2021 00:09:35.473,1.35118,1.3510700000000002,1,1
05.08.2021 00:09:35.523,1.35123,1.3510600000000001,1,1
05.08.2021 00:09:35.624,1.35123,1.3510700000000002,3.75,1
05.08.2021 00:09:36.803,1.35124,1.3510700000000002,1.95,1
05.08.2021 00:09:37.061,1.35124,1.3510600000000001,2.7,1
05.08.2021 00:09:37.111,1.35121,1.3510600000000001,1,1
05.08.2021 00:09:47.963,1.35122,1.3510600000000001,3.75,1
05.08.2021 00:09:57.584,1.35121,1.35105,1,1
05.08.2021 00:10:04.777,1.3511900000000001,1.35105,1,1
05.08.2021 00:10:15.653,1.3511600000000001,1.35102,1,1
05.08.2021 00:10:23.527,1.35115,1.3509900000000001,1,1
05.08.2021 00:10:25.448,1.35113,1.3509900000000001,1,1
05.08.2021 00:10:25.788,1.35112,1.35098,1,1.12
05.08.2021 00:10:26.782,1.35111,1.3509700000000002,1,1.5
05.08.2021 00:10:27.461,1.35111,1.3509700000000002,1,1.12
05.08.2021 00:10:27.642,1.3511,1.3509600000000002,1,1.12
05.08.2021 00:10:29.665,1.3511,1.35095,1,1
05.08.2021 00:10:30.176,1.3510900000000001,1.3509700000000002,1,1
05.08.2021 00:10:40.208,1.35111,1.3509700000000002,1,1
05.08.2021 00:10:40.409,1.35113,1.35098,1,1
05.08.2021 00:10:40.714,1.35115,1.351,1,1
05.08.2021 00:10:55.241,1.35113,1.35098,1,1
05.08.2021 00:11:00.409,1.35112,1.35095,1,1.12
05.08.2021 00:11:01.474,1.35111,1.35094,1,2
05.08.2021 00:11:11.387,1.35111,1.35094,1,1.12
05.08.2021 00:11:13.389,1.35111,1.35094,1,1.5
05.08.2021 00:11:15.328,1.35108,1.35093,1,1.12
05.08.2021 00:11:15.379,1.35105,1.3509200000000001,1,1.87
05.08.2021 00:11:15.530,1.35104,1.35089,1,1
05.08.2021 00:11:15.631,1.35104,1.3508700000000002,1,1.12
05.08.2021 00:11:15.681,1.35102,1.35085,1,1.12
05.08.2021 00:11:15.782,1.351,1.35085,1,1
05.08.2021 00:11:16.711,1.351,1.35084,1,1.62
05.08.2021 00:11:17.437,1.351,1.3508600000000002,1,1
05.08.2021 00:11:17.664,1.35101,1.3508700000000002,1,1.62
05.08.2021 00:11:18.437,1.35102,1.3508600000000002,1,1.12
05.08.2021 00:11:25.403,1.3509900000000001,1.35084,1,1.12
05.08.2021 00:11:29.654,1.3510600000000001,1.35091,1,1
05.08.2021 00:11:31.604,1.3510700000000002,1.35091,1.7,1
05.08.2021 00:11:33.289,1.3510700000000002,1.35093,1,1
05.08.2021 00:11:33.591,1.3510900000000001,1.35094,1.62,1
05.08.2021 00:11:33.641,1.3510700000000002,1.35093,1,1
05.08.2021 00:11:33.793,1.3510600000000001,1.35095,1,1
05.08.2021 00:11:33.894,1.35112,1.3509700000000002,2.25,1
05.08.2021 00:11:34.431,1.35108,1.35098,1,1
05.08.2021 00:11:35.841,1.35108,1.3509900000000001,1,1
05.08.2021 00:11:37.007,1.35114,1.35098,2.37,1
05.08.2021 00:11:53.946,1.35112,1.35098,1,1
05.08.2021 00:11:53.996,1.3510900000000001,1.35098,1,1
05.08.2021 00:12:00.115,1.3510600000000001,1.35094,1,1
05.08.2021 00:12:00.166,1.3510600000000001,1.3509200000000001,1,1
05.08.2021 00:12:00.267,1.3510600000000001,1.35094,1,1
05.08.2021 00:12:00.556,1.3510700000000002,1.3509200000000001,1,1
05.08.2021 00:12:00.715,1.35108,1.3509200000000001,2.62,1
05.08.2021 00:12:00.766,1.35105,1.3509,1,1
05.08.2021 00:12:01.058,1.35104,1.35089,1,1
05.08.2021 00:12:02.058,1.35101,1.35089,1,1
05.08.2021 00:12:05.608,1.35102,1.3508700000000002,1,1
05.08.2021 00:12:05.724,1.35103,1.3508700000000002,1,1
05.08.2021 00:12:12.793,1.3509900000000001,1.3509,1,1
05.08.2021 00:12:12.843,1.35103,1.35088,1.5,1
05.08.2021 00:12:12.945,1.35105,1.35091,2.25,1
05.08.2021 00:12:13.999,1.3510700000000002,1.35091,3.45,1
05.08.2021 00:12:14.510,1.3510700000000002,1.35091,2.37,1
05.08.2021 00:12:14.611,1.3510600000000001,1.3509200000000001,3.37,1
05.08.2021 00:12:16.206,1.35108,1.35093,1.5,1
05.08.2021 00:12:16.257,1.3511,1.3509600000000002,1.31,1
05.08.2021 00:12:16.308,1.35113,1.35101,1,1
05.08.2021 00:12:16.358,1.35114,1.351,1,1
05.08.2021 00:12:16.459,1.3511600000000001,1.35103,1.7,1
05.08.2021 00:12:16.710,1.3511700000000002,1.35103,1.6,1
05.08.2021 00:12:16.811,1.3511900000000001,1.35105,1.62,1
05.08.2021 00:12:16.912,1.35118,1.3510600000000001,1,1
05.08.2021 00:12:17.013,1.3512,1.35105,1,1
05.08.2021 00:12:21.550,1.35121,1.3510600000000001,1.12,1
05.08.2021 00:12:21.846,1.35122,1.35105,2,1
05.08.2021 00:12:21.947,1.3512,1.35105,1.1,1
05.08.2021 00:12:22.048,1.3511900000000001,1.35105,1.6,1
05.08.2021 00:12:29.020,1.35121,1.35104,1.6,1
05.08.2021 00:12:30.635,1.3511900000000001,1.35105,1,1
05.08.2021 00:12:30.685,1.3511700000000002,1.35101,1.95,1
05.08.2021 00:12:30.736,1.3511600000000001,1.35101,2.07,1
05.08.2021 00:12:30.888,1.35115,1.35098,1,1
05.08.2021 00:12:31.310,1.35115,1.35098,1.97,1
05.08.2021 00:12:31.360,1.3511,1.3509900000000001,1,1
05.08.2021 00:12:32.525,1.35111,1.3509700000000002,1,1
05.08.2021 00:12:32.576,1.35111,1.35094,1,1
05.08.2021 00:12:33.468,1.35111,1.35095,1.57,1
05.08.2021 00:12:33.911,1.35112,1.35094,1.6,1
05.08.2021 00:12:38.989,1.3511,1.35094,2.7,1
05.08.2021 00:12:39.090,1.3511,1.3509600000000002,1.97,1
05.08.2021 00:12:41.568,1.3511,1.35095,1.1,1
05.08.2021 00:12:41.669,1.3511,1.3509200000000001,1.1,1
05.08.2021 00:12:41.871,1.3510900000000001,1.3509200000000001,2.72,1
05.08.2021 00:12:42.022,1.35108,1.3509200000000001,3.22,1
05.08.2021 00:12:42.123,1.3510600000000001,1.3509,1.6,1
05.08.2021 00:12:42.638,1.3510700000000002,1.35088,1.72,1
05.08.2021 00:12:42.789,1.35105,1.35091,1.1,1
05.08.2021 00:12:49.318,1.35105,1.35091,1,1
05.08.2021 00:12:49.787,1.3510700000000002,1.3509200000000001,2.45,1
05.08.2021 00:12:50.564,1.3510900000000001,1.35091,2.07,1
05.08.2021 00:12:50.683,1.35108,1.3509200000000001,3.07,1
05.08.2021 00:12:50.834,1.35111,1.35093,2.82,1
05.08.2021 00:12:50.935,1.3511,1.35094,2.7,1
05.08.2021 00:12:51.738,1.3510700000000002,1.35094,1,1
05.08.2021 00:12:51.839,1.35108,1.35094,1,1
05.08.2021 00:12:52.280,1.35112,1.35094,3.07,1
05.08.2021 00:12:57.899,1.3510900000000001,1.35094,1,1
05.08.2021 00:13:02.851,1.3510600000000001,1.3509200000000001,1,1
05.08.2021 00:13:57.638,1.35105,1.35091,1,1
05.08.2021 00:14:05.430,1.35103,1.3509,1,1
05.08.2021 00:14:05.531,1.35103,1.3508700000000002,1,1
05.08.2021 00:14:05.582,1.3509900000000001,1.35085,1,1.12
05.08.2021 00:14:05.733,1.3509700000000002,1.35083,1,1
05.08.2021 00:14:06.164,1.3509600000000002,1.3508200000000001,1,1
05.08.2021 00:14:07.287,1.35101,1.3508600000000002,3.07,1
05.08.2021 00:14:07.474,1.351,1.3508600000000002,1,1
05.08.2021 00:14:07.753,1.35101,1.35083,1,1
05.08.2021 00:14:08.856,1.351,1.3508600000000002,1,1
05.08.2021 00:14:09.044,1.351,1.35084,1,1
05.08.2021 00:14:09.195,1.351,1.3508200000000001,2.1,1
05.08.2021 00:14:09.355,1.351,1.35083,2.85,1
05.08.2021 00:14:09.406,1.35098,1.3508,1,1
05.08.2021 00:14:09.586,1.35098,1.35081,1.1,1
05.08.2021 00:14:15.582,1.3509900000000001,1.3508,2.47,1
05.08.2021 00:14:16.583,1.35098,1.3508200000000001,1.7,1
05.08.2021 00:14:17.214,1.3509900000000001,1.35084,3.2,1
05.08.2021 00:14:18.315,1.3509900000000001,1.3508200000000001,4.72,1
05.08.2021 00:14:18.466,1.3509700000000002,1.3508200000000001,3.85,1
05.08.2021 00:14:21.481,1.35098,1.3508,2.47,1
05.08.2021 00:14:21.594,1.3509700000000002,1.3508200000000001,1.72,1
05.08.2021 00:14:22.670,1.3509700000000002,1.35083,1,1
05.08.2021 00:14:26.134,1.3509900000000001,1.3508200000000001,1.95,1
05.08.2021 00:14:26.714,1.3509700000000002,1.3508200000000001,1,1
05.08.2021 00:14:26.815,1.3509600000000002,1.35085,1,1
05.08.2021 00:14:27.785,1.35101,1.35084,1.1,1
05.08.2021 00:14:28.677,1.35101,1.3508700000000002,3.1,1
05.08.2021 00:14:28.778,1.35101,1.3508700000000002,2.62,1
05.08.2021 00:14:28.929,1.3509900000000001,1.3508600000000002,1,1
05.08.2021 00:14:30.025,1.35098,1.35089,1,1
05.08.2021 00:14:30.458,1.35101,1.35088,1,1
05.08.2021 00:14:30.610,1.3510600000000001,1.35089,1.1,1
05.08.2021 00:14:30.761,1.3510700000000002,1.35089,2.1,1
05.08.2021 00:14:30.981,1.3510700000000002,1.3509200000000001,1.2,1
05.08.2021 00:14:31.292,1.35108,1.35093,2,1
05.08.2021 00:14:31.810,1.3510700000000002,1.35093,1,1
05.08.2021 00:14:32.073,1.3510600000000001,1.35094,1,1
05.08.2021 00:14:38.249,1.3510700000000002,1.35094,1,1
05.08.2021 00:14:38.401,1.35108,1.35094,1,1
05.08.2021 00:14:48.622,1.35108,1.3509200000000001,1,1
05.08.2021 00:15:05.152,1.35105,1.35091,1,1
05.08.2021 00:15:05.460,1.35103,1.3508700000000002,1,1
05.08.2021 00:15:05.614,1.35101,1.3508600000000002,1,1
05.08.2021 00:15:05.765,1.351,1.3508600000000002,1,1
05.08.2021 00:15:17.320,1.351,1.35084,1,1
05.08.2021 00:15:17.922,1.35098,1.3508200000000001,1,1
05.08.2021 00:15:20.656,1.351,1.35084,1.12,1
05.08.2021 00:15:22.310,1.3509700000000002,1.35083,1,1
05.08.2021 00:15:23.581,1.3509700000000002,1.35081,1,1
05.08.2021 00:15:23.857,1.35098,1.3508200000000001,1,1
05.08.2021 00:16:00.183,1.35095,1.35081,1.12,1
05.08.2021 00:16:00.284,1.35094,1.3508,1.5,1
05.08.2021 00:16:00.919,1.3509200000000001,1.35078,1,2
05.08.2021 00:16:01.125,1.3509200000000001,1.35078,1,1
05.08.2021 00:16:10.096,1.35091,1.3507700000000002,1,1
05.08.2021 00:16:59.137,1.3509200000000001,1.3507600000000002,1.12,1.5
05.08.2021 00:17:04.252,1.3509200000000001,1.3507600000000002,1.12,1.12
05.08.2021 00:17:09.287,1.35091,1.3507700000000002,1.5,1.5
05.08.2021 00:17:14.219,1.35091,1.3507500000000001,1,1.5
05.08.2021 00:17:15.194,1.35091,1.3507500000000001,1,1.12
05.08.2021 00:17:20.781,1.35088,1.35074,1,1.5
05.08.2021 00:17:26.171,1.3508700000000002,1.35073,1,1.5
05.08.2021 00:17:26.222,1.35084,1.3507,1,2
05.08.2021 00:17:26.322,1.3508200000000001,1.35067,1,1.5
05.08.2021 00:17:26.373,1.35079,1.3506500000000001,1,1.5
05.08.2021 00:17:26.524,1.35081,1.35067,1,1
05.08.2021 00:17:26.675,1.35079,1.3506500000000001,1,1
05.08.2021 00:17:27.418,1.3507600000000002,1.3506200000000002,1,1.5
05.08.2021 00:17:27.526,1.3508,1.35064,1,1
05.08.2021 00:17:29.333,1.3508,1.3506600000000002,1,1
05.08.2021 00:17:30.468,1.3508200000000001,1.3506500000000001,1,1
05.08.2021 00:17:30.569,1.35088,1.3507200000000001,1,1
05.08.2021 00:17:30.670,1.3509,1.3507500000000001,1.62,1
05.08.2021 00:17:30.872,1.35091,1.35074,1,1
05.08.2021 00:17:30.984,1.35091,1.3507600000000002,1.12,1
05.08.2021 00:17:35.108,1.3509200000000001,1.3507500000000001,1.5,1
05.08.2021 00:17:35.209,1.3508700000000002,1.35071,1,1
05.08.2021 00:17:35.310,1.3508600000000002,1.35071,1,1
05.08.2021 00:17:35.561,1.3508700000000002,1.3507200000000001,1,1
05.08.2021 00:17:36.613,1.3508600000000002,1.3507,1,1
05.08.2021 00:17:36.714,1.35085,1.3507,1.5,1
05.08.2021 00:17:36.817,1.35084,1.3507,1,1
05.08.2021 00:17:37.692,1.35083,1.35069,6.12,1
05.08.2021 00:17:37.743,1.3508,1.3506200000000002,1,1
05.08.2021 00:17:37.793,1.3508200000000001,1.3506500000000001,1.69,1
05.08.2021 00:17:49.133,1.3508200000000001,1.35067,1,1
05.08.2021 00:17:51.434,1.35084,1.35069,1.5,1
05.08.2021 00:17:52.472,1.35084,1.35069,1.12,1
05.08.2021 00:17:53.459,1.35084,1.35069,1.5,1
05.08.2021 00:18:00.625,1.35083,1.35067,1,1
05.08.2021 00:18:02.652,1.3508,1.3506600000000002,1,1
05.08.2021 00:18:13.152,1.3508200000000001,1.3506600000000002,1.5,1
05.08.2021 00:18:16.390,1.35081,1.3506600000000002,1,1
05.08.2021 00:18:26.333,1.35081,1.35068,1.12,1
05.08.2021 00:18:28.875,1.35083,1.35067,1,1
05.08.2021 00:18:31.917,1.3508200000000001,1.35068,1.7,1
05.08.2021 00:18:34.018,1.3508200000000001,1.35068,1.1,1
05.08.2021 00:18:34.169,1.35083,1.35068,1,1
05.08.2021 00:18:49.014,1.35083,1.35069,2.32,1
05.08.2021 00:18:49.115,1.35084,1.35068,1.6,1
05.08.2021 00:18:50.665,1.35084,1.35068,1.1,1
05.08.2021 00:18:58.519,1.35085,1.3507,1.5,1
05.08.2021 00:18:58.628,1.35084,1.35071,2.62,1
05.08.2021 00:19:04.119,1.35085,1.35071,3.45,1
05.08.2021 00:19:08.413,1.3508700000000002,1.35071,1,1
05.08.2021 00:19:08.464,1.35089,1.35079,1.12,1
05.08.2021 00:19:08.565,1.3509,1.3508,1,1
05.08.2021 00:19:08.615,1.35093,1.3508200000000001,1.5,1
05.08.2021 00:19:08.716,1.3509600000000002,1.35083,2.1,1
05.08.2021 00:19:08.817,1.3509600000000002,1.35083,1,1
05.08.2021 00:19:08.918,1.3509900000000001,1.35084,1.1,1
05.08.2021 00:19:09.189,1.351,1.3508600000000002,1.6,1
05.08.2021 00:19:09.702,1.35101,1.35085,1.6,1
05.08.2021 00:19:09.854,1.351,1.3508600000000002,1.2,1
05.08.2021 00:19:11.372,1.3509700000000002,1.35083,1,1
05.08.2021 00:19:11.473,1.3509600000000002,1.35081,1.2,1
05.08.2021 00:19:11.624,1.3509600000000002,1.35081,1.6,1
05.08.2021 00:19:11.910,1.3509600000000002,1.3508,1.22,1
05.08.2021 00:19:12.016,1.35093,1.3507700000000002,1.2,1
05.08.2021 00:19:12.536,1.35089,1.35073,1.12,1
05.08.2021 00:19:12.637,1.35089,1.35071,2.06,1
05.08.2021 00:19:12.788,1.35089,1.35071,2.35,1
05.08.2021 00:19:13.629,1.3508700000000002,1.3507,1.2,1
05.08.2021 00:19:13.730,1.3508200000000001,1.3507,1,1
05.08.2021 00:19:13.831,1.3508200000000001,1.35069,1,1
05.08.2021 00:19:14.049,1.35084,1.35069,4.72,1
05.08.2021 00:19:17.009,1.35083,1.35067,1.1,1
05.08.2021 00:19:17.409,1.35083,1.3506600000000002,1.1,1
05.08.2021 00:19:21.517,1.35084,1.35067,4.72,1
05.08.2021 00:19:21.699,1.35085,1.35067,3.95,1
05.08.2021 00:19:21.916,1.35084,1.3507,3.97,1
05.08.2021 00:19:22.121,1.35085,1.3507,1.5,1
05.08.2021 00:19:22.222,1.3508700000000002,1.35074,1.5,1
05.08.2021 00:19:22.323,1.35088,1.35074,1.39,1
05.08.2021 00:19:22.484,1.35088,1.3507200000000001,1.31,1
05.08.2021 00:19:22.585,1.35088,1.35073,1.31,1
05.08.2021 00:19:24.458,1.3508700000000002,1.3507200000000001,1.2,1
05.08.2021 00:19:26.139,1.35089,1.3507200000000001,1.1,2
05.08.2021 00:19:26.190,1.3509,1.3507500000000001,2.37,1
05.08.2021 00:19:26.291,1.35093,1.35078,1.7,1
05.08.2021 00:19:26.342,1.35093,1.35078,1.57,1
05.08.2021 00:19:26.887,1.35093,1.3507600000000002,1,1
05.08.2021 00:19:27.274,1.35095,1.35078,3.22,1
05.08.2021 00:19:30.209,1.35094,1.35079,2.32,1
05.08.2021 00:19:30.324,1.35095,1.3508,3.07,1
05.08.2021 00:19:31.539,1.35095,1.35081,1.1,1
05.08.2021 00:19:45.319,1.35093,1.3508,1.1,1
05.08.2021 00:19:45.420,1.3509,1.3507700000000002,1,1
05.08.2021 00:19:46.575,1.3509200000000001,1.35078,1.95,1
05.08.2021 00:19:53.173,1.35093,1.35074,4.22,1
05.08.2021 00:19:53.476,1.35093,1.35074,4.22,1
05.08.2021 00:19:57.605,1.35091,1.35074,1.6,1
05.08.2021 00:19:58.053,1.3509,1.35074,2.1,1
05.08.2021 00:19:58.104,1.35089,1.35071,1.22,1
05.08.2021 00:19:58.205,1.35088,1.35074,1.97,1
05.08.2021 00:19:58.566,1.35088,1.3507200000000001,2.85,1
05.08.2021 00:20:01.515,1.3508700000000002,1.3507200000000001,1.1,1
05.08.2021 00:20:06.721,1.3508700000000002,1.35069,1.6,1
05.08.2021 00:20:07.451,1.3508600000000002,1.35069,1.1,1
05.08.2021 00:20:09.019,1.3508700000000002,1.35069,1.72,1
05.08.2021 00:20:11.574,1.3508700000000002,1.35069,2.47,1
05.08.2021 00:20:13.144,1.35085,1.35067,1.22,1
05.08.2021 00:20:13.380,1.35084,1.35067,1.97,1
05.08.2021 00:20:13.547,1.35085,1.3506600000000002,1.97,1
05.08.2021 00:20:13.598,1.35084,1.35069,1.22,1
05.08.2021 00:20:14.118,1.3508600000000002,1.35068,2.1,1
05.08.2021 00:20:15.972,1.3508700000000002,1.35068,1.6,1
05.08.2021 00:20:16.739,1.3508200000000001,1.3507,1,1
05.08.2021 00:20:17.415,1.35083,1.35068,1,1
05.08.2021 00:20:17.516,1.3508200000000001,1.3507,1,1
05.08.2021 00:20:23.040,1.35083,1.35069,1.1,1
05.08.2021 00:20:23.141,1.35084,1.35068,1.1,1
05.08.2021 00:20:23.477,1.35085,1.35068,3.6,1
05.08.2021 00:20:23.681,1.35084,1.35068,1.1,1
05.08.2021 00:20:23.794,1.35085,1.35068,3.6,1
05.08.2021 00:20:28.111,1.35084,1.35069,1.1,1
05.08.2021 00:20:28.576,1.35084,1.35068,1.1,1
05.08.2021 00:20:29.622,1.35083,1.35069,1.22,1
05.08.2021 00:20:31.929,1.35083,1.35069,1.95,1
05.08.2021 00:20:32.388,1.35084,1.3506600000000002,1.95,1
05.08.2021 00:20:32.490,1.35083,1.35067,3.6,1
05.08.2021 00:20:32.591,1.35083,1.3506500000000001,2.72,1
05.08.2021 00:20:32.692,1.35081,1.3506500000000001,1.1,1
05.08.2021 00:20:32.792,1.35079,1.3506500000000001,1,1
05.08.2021 00:20:32.956,1.35081,1.3506500000000001,2.35,1
05.08.2021 00:20:33.201,1.3508,1.35064,1,1
05.08.2021 00:20:35.867,1.35081,1.35064,1.1,1
05.08.2021 00:20:45.341,1.35081,1.3506200000000002,1.12,1
05.08.2021 00:20:45.391,1.3507700000000002,1.35064,1,1
05.08.2021 00:20:46.666,1.3508200000000001,1.3506500000000001,1.72,1
05.08.2021 00:20:47.525,1.35083,1.35064,1.22,1
05.08.2021 00:20:49.069,1.3508200000000001,1.35067,1.22,1
05.08.2021 00:20:49.220,1.35083,1.3506600000000002,2.72,1
05.08.2021 00:20:49.376,1.35083,1.35064,3.85,1
05.08.2021 00:20:52.981,1.35083,1.35064,1.72,1
05.08.2021 00:20:53.088,1.35081,1.35064,1,1
05.08.2021 00:20:53.190,1.3508,1.3506600000000002,1,1
05.08.2021 00:20:59.596,1.3508,1.35068,1,1
05.08.2021 00:20:59.697,1.3508200000000001,1.35068,1.22,1
05.08.2021 00:20:59.975,1.35083,1.3506500000000001,1.97,1
05.08.2021 00:21:00.084,1.35083,1.3506500000000001,1.97,1
05.08.2021 00:21:00.705,1.35079,1.3506600000000002,1,1
05.08.2021 00:21:02.648,1.35084,1.35067,2.1,1
05.08.2021 00:21:02.774,1.35084,1.35069,1.7,1
05.08.2021 00:21:02.914,1.35084,1.35069,2.7,1
05.08.2021 00:21:02.965,1.3508700000000002,1.35071,2.47,1
05.08.2021 00:21:09.104,1.3509,1.35073,1.72,1
05.08.2021 00:21:09.206,1.3509,1.35078,1.5,1
05.08.2021 00:21:09.354,1.3509200000000001,1.35079,1,1
05.08.2021 00:21:09.653,1.35095,1.35079,2.81,1
05.08.2021 00:21:09.703,1.35094,1.3508200000000001,1.25,1
05.08.2021 00:21:09.805,1.35095,1.3508200000000001,1.25,1
05.08.2021 00:21:10.313,1.3509600000000002,1.3508,1,1
05.08.2021 00:21:11.789,1.3509600000000002,1.35079,1.12,1
05.08.2021 00:21:19.445,1.35095,1.3508,1.62,1
05.08.2021 00:21:23.514,1.3509700000000002,1.3508200000000001,1,1
05.08.2021 00:21:23.615,1.3509600000000002,1.35083,1.5,1
05.08.2021 00:21:23.766,1.35095,1.35084,1,1
05.08.2021 00:21:27.303,1.3509900000000001,1.35084,3,1
05.08.2021 00:21:27.354,1.35102,1.35091,1.5,1
05.08.2021 00:21:27.405,1.35104,1.35091,1.5,1
05.08.2021 00:21:27.506,1.3510700000000002,1.35091,2,1
05.08.2021 00:21:27.608,1.3510600000000001,1.3509200000000001,1,1
05.08.2021 00:21:27.659,1.3510900000000001,1.3509600000000002,2,1
05.08.2021 00:21:27.759,1.35111,1.3509600000000002,1,1
05.08.2021 00:21:27.860,1.35112,1.3509600000000002,1.62,1
05.08.2021 00:21:28.413,1.35112,1.3509600000000002,1.12,1
05.08.2021 00:21:32.590,1.35114,1.3509700000000002,1,1
05.08.2021 00:21:32.641,1.35115,1.3509900000000001,2.62,1
05.08.2021 00:21:32.742,1.3511600000000001,1.3509900000000001,1.87,1
05.08.2021 00:21:40.298,1.35118,1.35101,1,1
05.08.2021 00:21:40.561,1.3512,1.351,3.12,1
05.08.2021 00:21:43.083,1.3512,1.351,1.12,1
05.08.2021 00:21:45.431,1.3511900000000001,1.351,1,1
05.08.2021 00:21:46.404,1.3511900000000001,1.35101,1.12,1
05.08.2021 00:21:46.555,1.3511700000000002,1.351,1,1
05.08.2021 00:21:46.807,1.35118,1.35102,2.25,1
05.08.2021 00:21:46.858,1.3511700000000002,1.351,1,1
05.08.2021 00:21:46.989,1.3511700000000002,1.35102,1,1
05.08.2021 00:21:47.449,1.35115,1.35102,1,1
05.08.2021 00:21:48.356,1.35115,1.351,1,1
05.08.2021 00:21:48.954,1.35114,1.3509700000000002,1,1
05.08.2021 00:21:53.811,1.35115,1.35098,4.76,1
05.08.2021 00:22:02.829,1.35113,1.3509600000000002,1,1
05.08.2021 00:22:05.703,1.35112,1.35095,1,1
05.08.2021 00:22:06.634,1.3511,1.35093,1,1
05.08.2021 00:22:07.866,1.3510700000000002,1.35093,1,1
05.08.2021 00:22:12.749,1.3510600000000001,1.3509,1,1
05.08.2021 00:22:24.427,1.35108,1.3509200000000001,1,1
05.08.2021 00:22:25.082,1.3510900000000001,1.35095,1.12,1
05.08.2021 00:22:25.625,1.3510700000000002,1.3509200000000001,1,1
05.08.2021 00:22:25.727,1.3510700000000002,1.35091,1,1
05.08.2021 00:22:25.875,1.3510700000000002,1.35093,1,1
05.08.2021 00:23:39.068,1.35105,1.3509,1,1
05.08.2021 00:23:39.203,1.3510600000000001,1.35089,1.5,1
05.08.2021 00:23:39.830,1.35104,1.35088,1,1.12
05.08.2021 00:23:58.454,1.35105,1.35089,1.5,1
05.08.2021 00:24:08.206,1.35105,1.35089,1.5,1.12
05.08.2021 00:24:32.189,1.35104,1.35088,1.12,1
05.08.2021 00:24:32.240,1.3509900000000001,1.35085,1,1.87
05.08.2021 00:24:32.290,1.3509900000000001,1.35083,1,1.12
05.08.2021 00:24:39.192,1.35101,1.35085,1.12,1
05.08.2021 00:24:39.293,1.35101,1.3508600000000002,1.12,1
05.08.2021 00:24:44.151,1.3509900000000001,1.35084,1,1
05.08.2021 00:24:50.145,1.35098,1.3508200000000001,1,1
05.08.2021 00:25:00.095,1.35098,1.35081,1,1.12
05.08.2021 00:25:00.196,1.3509600000000002,1.3508200000000001,1,1.12
05.08.2021 00:25:01.189,1.3509600000000002,1.35081,1.5,1
05.08.2021 00:25:01.290,1.35094,1.35078,1,1.5
05.08.2021 00:25:01.391,1.35094,1.35078,1,1
05.08.2021 00:25:03.773,1.35095,1.35079,1.5,1
05.08.2021 00:25:04.303,1.35094,1.3508,1.12,1
05.08.2021 00:25:16.246,1.35095,1.35079,1.5,1.12
05.08.2021 00:25:52.510,1.35095,1.35079,1.5,1
05.08.2021 00:25:53.509,1.35094,1.3508,1.5,1.12
05.08.2021 00:26:25.664,1.35094,1.35078,1.5,1.5
05.08.2021 00:26:26.558,1.3509600000000002,1.3508,1.5,1
05.08.2021 00:26:26.609,1.3509600000000002,1.3508,1.5,1
05.08.2021 00:26:26.826,1.35094,1.35078,1,1.5
05.08.2021 00:26:30.872,1.35095,1.35081,1.5,1
05.08.2021 00:26:42.621,1.3509600000000002,1.3508,1.5,1.12
05.08.2021 00:26:50.788,1.3509600000000002,1.3508,1,1
05.08.2021 00:26:50.838,1.35098,1.35084,1.62,1
05.08.2021 00:26:50.939,1.3509900000000001,1.35083,1,1
05.08.2021 00:26:51.455,1.351,1.3508600000000002,1.12,1
05.08.2021 00:26:54.500,1.35103,1.35089,1,1
05.08.2021 00:26:54.651,1.35104,1.3509,1,1
05.08.2021 00:26:57.904,1.3510700000000002,1.35091,1,1
05.08.2021 00:26:58.504,1.3510700000000002,1.35093,1,1
05.08.2021 00:27:15.612,1.35108,1.35094,1.12,1
05.08.2021 00:27:15.713,1.3511,1.35094,1.12,1
05.08.2021 00:27:16.037,1.3510900000000001,1.35093,1,1
05.08.2021 00:27:19.924,1.35111,1.3509600000000002,1.12,1
05.08.2021 00:27:19.975,1.35113,1.3509700000000002,1.5,1
05.08.2021 00:27:21.071,1.35113,1.3509700000000002,1,1
05.08.2021 00:27:21.172,1.35114,1.351,1,1
05.08.2021 00:27:22.203,1.3511600000000001,1.3509900000000001,1.87,1
05.08.2021 00:27:28.001,1.35114,1.35098,1,1
05.08.2021 00:27:28.152,1.35114,1.3509700000000002,1,1
05.08.2021 00:27:28.253,1.35113,1.3509700000000002,1.12,1
05.08.2021 00:27:28.404,1.35112,1.3509700000000002,1,1
05.08.2021 00:27:28.505,1.3511,1.3509600000000002,1,1
05.08.2021 00:27:40.294,1.3510900000000001,1.35095,1,1
05.08.2021 00:27:40.949,1.35108,1.35095,1.5,1
05.08.2021 00:27:41.000,1.35104,1.3509,1.5,1.12
05.08.2021 00:27:41.050,1.35103,1.3508700000000002,1,1
05.08.2021 00:28:06.923,1.35104,1.3509,3.12,1
05.08.2021 00:28:07.594,1.35104,1.3509,3.12,1
05.08.2021 00:28:12.604,1.35105,1.35089,2.25,1
05.08.2021 00:28:23.632,1.35104,1.3509,2,1
05.08.2021 00:28:23.734,1.3510700000000002,1.35093,1.5,1
05.08.2021 00:28:23.834,1.35108,1.35094,2,1
05.08.2021 00:28:23.885,1.3510900000000001,1.35093,2.37,1
05.08.2021 00:28:24.011,1.3510700000000002,1.35093,1.5,1
05.08.2021 00:28:24.635,1.35108,1.3509200000000001,1.12,1
05.08.2021 00:28:25.630,1.35108,1.3509200000000001,1.5,1
05.08.2021 00:28:36.987,1.35108,1.3509200000000001,2.75,1
05.08.2021 00:28:39.660,1.3510700000000002,1.35093,2.75,1
05.08.2021 00:28:41.464,1.3510700000000002,1.35093,1.5,1.12
05.08.2021 00:28:41.515,1.3510700000000002,1.35095,1.5,1
05.08.2021 00:28:41.565,1.3510700000000002,1.35093,2,1.12
05.08.2021 00:28:41.666,1.35108,1.3509200000000001,1.87,1
05.08.2021 00:28:42.666,1.3510700000000002,1.35093,2,1
05.08.2021 00:28:56.694,1.35108,1.3509200000000001,1.5,1
05.08.2021 00:29:09.218,1.3510700000000002,1.35093,1.12,2
05.08.2021 00:29:09.268,1.35113,1.3509900000000001,3.12,1
05.08.2021 00:29:09.319,1.35113,1.3509900000000001,3.12,1
05.08.2021 00:29:09.805,1.35114,1.35098,1,1
05.08.2021 00:29:10.984,1.35112,1.3509900000000001,1,1
05.08.2021 00:29:19.319,1.35113,1.3509900000000001,1,1
05.08.2021 00:29:19.370,1.35115,1.35101,1.5,1
05.08.2021 00:29:19.471,1.3511600000000001,1.35102,2.25,1
05.08.2021 00:29:19.622,1.3512,1.35103,1,1
05.08.2021 00:29:19.723,1.35121,1.35104,1.12,1
05.08.2021 00:29:19.774,1.35121,1.3510700000000002,1.62,1
05.08.2021 00:29:19.926,1.3511700000000002,1.35101,1,1.5
05.08.2021 00:29:20.066,1.35118,1.35103,1,1
05.08.2021 00:29:20.117,1.3511600000000001,1.35101,1,1
05.08.2021 00:29:20.422,1.3511700000000002,1.35103,1,1
05.08.2021 00:29:20.984,1.35118,1.35104,1,1
05.08.2021 00:29:22.479,1.35115,1.35101,1,1
05.08.2021 00:29:22.781,1.35114,1.35101,1,1
05.08.2021 00:29:23.258,1.35113,1.3509900000000001,1,1
05.08.2021 00:29:24.157,1.35113,1.3509600000000002,1,1
05.08.2021 00:29:24.258,1.35112,1.35095,1,1
05.08.2021 00:29:30.815,1.3511,1.35095,1,1
05.08.2021 00:30:02.761,1.3511,1.35094,1,1
05.08.2021 00:30:03.068,1.3510900000000001,1.35094,1,1
05.08.2021 00:30:03.632,1.3510700000000002,1.3509,1.12,1
05.08.2021 00:30:03.733,1.35104,1.35088,1,1.12
05.08.2021 00:30:03.935,1.3510600000000001,1.3509,1.5,1
05.08.2021 00:30:05.830,1.3510600000000001,1.3509,1.12,1
05.08.2021 00:30:10.314,1.35104,1.35088,1,1
05.08.2021 00:30:17.826,1.3510600000000001,1.3509,1.5,1
05.08.2021 00:30:18.879,1.3510600000000001,1.3509,1.5,1
05.08.2021 00:30:24.291,1.35104,1.35088,1.12,1
05.08.2021 00:30:42.848,1.35104,1.35089,1.5,1
05.08.2021 00:30:43.858,1.35104,1.35089,1.5,1
05.08.2021 00:30:45.350,1.35105,1.35091,1.5,1
05.08.2021 00:31:05.290,1.35105,1.3509,1.5,1
05.08.2021 00:31:05.646,1.35104,1.35088,1.12,1
05.08.2021 00:31:05.955,1.35103,1.35089,1.5,1
05.08.2021 00:31:19.704,1.35104,1.35088,1.12,1
05.08.2021 00:31:20.944,1.3510600000000001,1.35091,1.5,1
05.08.2021 00:31:22.051,1.35104,1.35093,1.5,1
05.08.2021 00:31:22.954,1.35105,1.3509200000000001,1.12,1
05.08.2021 00:31:24.455,1.35105,1.3509,1.12,1
05.08.2021 00:31:24.579,1.35104,1.3509200000000001,1.12,1
05.08.2021 00:31:26.973,1.35105,1.35091,1.5,1
05.08.2021 00:31:28.007,1.35104,1.3509200000000001,1.12,1
05.08.2021 00:31:28.987,1.35105,1.35091,1.5,1
05.08.2021 00:31:41.679,1.3510700000000002,1.35094,1.5,1
05.08.2021 00:31:41.886,1.35108,1.35094,1.5,1
05.08.2021 00:31:41.936,1.3511,1.3509900000000001,1,1
05.08.2021 00:31:41.987,1.3511,1.351,1,1
05.08.2021 00:31:42.038,1.35115,1.3509900000000001,1,1
05.08.2021 00:31:42.169,1.3511600000000001,1.3509900000000001,1.05,1
05.08.2021 00:31:44.578,1.35114,1.3509900000000001,1,1.12
05.08.2021 00:31:44.813,1.35115,1.35098,1,1.5
05.08.2021 00:31:45.813,1.35114,1.3509900000000001,1,1.5
05.08.2021 00:31:49.211,1.35114,1.3509700000000002,1,2
05.08.2021 00:31:50.375,1.35111,1.35098,1,1
05.08.2021 00:31:50.476,1.35112,1.35095,1,1.12
05.08.2021 00:31:58.607,1.35113,1.35098,1,1
05.08.2021 00:31:58.708,1.35115,1.35101,1,1
05.08.2021 00:31:58.809,1.35118,1.35103,1.62,1
05.08.2021 00:31:58.910,1.3512,1.35103,1.12,1
05.08.2021 00:31:59.806,1.3512,1.3510600000000001,1.5,1
05.08.2021 00:31:59.907,1.35121,1.3510700000000002,1.12,1
05.08.2021 00:32:00.117,1.35122,1.35103,1.12,1
05.08.2021 00:32:00.167,1.3511900000000001,1.35102,1,1
05.08.2021 00:32:00.218,1.35121,1.35103,1,1
05.08.2021 00:32:01.298,1.3512,1.35105,1,1
05.08.2021 00:32:01.524,1.35121,1.35103,1,1
05.08.2021 00:32:05.371,1.3512,1.35105,1,1
05.08.2021 00:32:08.103,1.3511900000000001,1.35104,1,1
05.08.2021 00:32:12.330,1.3512,1.35104,1,1
05.08.2021 00:32:13.335,1.3511900000000001,1.35103,1,1
05.08.2021 00:32:13.437,1.3511900000000001,1.35102,1,1
05.08.2021 00:32:45.029,1.3511900000000001,1.35103,1.87,1
05.08.2021 00:32:49.673,1.35118,1.351,1.5,1
05.08.2021 00:32:49.775,1.3511600000000001,1.35098,1.5,1
05.08.2021 00:32:49.876,1.35114,1.35098,1,1.12
05.08.2021 00:32:49.977,1.35114,1.3509600000000002,1,1.62
05.08.2021 00:32:50.421,1.35112,1.35095,1,1
05.08.2021 00:32:50.822,1.35111,1.35095,1,1.5
05.08.2021 00:32:53.404,1.3510900000000001,1.35094,1,1
05.08.2021 00:33:03.957,1.35112,1.35094,1,1
05.08.2021 00:33:08.772,1.3510900000000001,1.35094,1,1
05.08.2021 00:33:14.683,1.3510900000000001,1.3509200000000001,1,1
05.08.2021 00:33:16.645,1.3510900000000001,1.35094,1,1
05.08.2021 00:33:24.124,1.35111,1.35094,1,1
05.08.2021 00:33:24.427,1.3511,1.35093,1,1
05.08.2021 00:33:24.742,1.35112,1.35095,1.5,1
05.08.2021 00:33:26.465,1.3511,1.35094,1,1
05.08.2021 00:33:56.834,1.3510900000000001,1.3509200000000001,1,1
05.08.2021 00:34:16.779,1.3510600000000001,1.35091,1,1
05.08.2021 00:34:20.997,1.3511,1.35093,1.5,1
05.08.2021 00:34:21.098,1.3511,1.35095,1.62,1
05.08.2021 00:34:21.360,1.35111,1.35094,1.62,1
05.08.2021 00:34:22.352,1.35111,1.35094,1.5,1
05.08.2021 00:34:27.446,1.35111,1.35095,2.25,1
05.08.2021 00:34:32.434,1.3510900000000001,1.3509200000000001,1,1
05.08.2021 00:34:32.535,1.3510700000000002,1.3509,1,1.62
05.08.2021 00:34:32.786,1.3510700000000002,1.3509,1,1
05.08.2021 00:34:33.459,1.3510700000000002,1.3509,1.5,1
05.08.2021 00:34:33.591,1.3510600000000001,1.35089,1.5,1
05.08.2021 00:34:35.378,1.35105,1.3509,1.5,1
05.08.2021 00:34:36.407,1.3510600000000001,1.35089,1.5,1
05.08.2021 00:34:48.611,1.35104,1.35089,1.12,1
05.08.2021 00:34:54.323,1.35104,1.3509,1,1
05.08.2021 00:34:54.424,1.3511,1.35095,1,1
05.08.2021 00:34:54.547,1.3511,1.3509600000000002,1,1
05.08.2021 00:34:54.648,1.35113,1.3509900000000001,1.12,1
05.08.2021 00:34:54.749,1.35114,1.3509900000000001,1,1
05.08.2021 00:34:55.629,1.35115,1.351,1,1
05.08.2021 00:34:55.730,1.35118,1.35101,1,1
05.08.2021 00:34:55.856,1.3511900000000001,1.35103,3.87,1
05.08.2021 00:35:03.762,1.3512,1.35105,1.87,1
05.08.2021 00:35:03.813,1.35123,1.35105,1,1
05.08.2021 00:35:03.914,1.35124,1.3510700000000002,2.25,1
05.08.2021 00:35:04.101,1.35121,1.3510600000000001,1,1
05.08.2021 00:35:04.202,1.35118,1.35103,1,1.12
05.08.2021 00:35:04.699,1.35118,1.35102,1,1
05.08.2021 00:35:35.498,1.3511700000000002,1.35102,1,1
05.08.2021 00:35:50.073,1.35114,1.3509900000000001,1,1
05.08.2021 00:36:19.082,1.35115,1.35101,1,1
05.08.2021 00:36:19.133,1.3511900000000001,1.35102,1.12,1
05.08.2021 00:36:19.184,1.35118,1.35103,1.12,1.5
05.08.2021 00:36:19.516,1.3512,1.3510700000000002,1,1
05.08.2021 00:36:19.567,1.35125,1.35108,2,1
05.08.2021 00:36:19.667,1.35125,1.35108,1.5,1
05.08.2021 00:36:20.039,1.35122,1.35108,1,1
05.08.2021 00:36:25.922,1.35122,1.35105,1,1
05.08.2021 00:36:27.522,1.3512,1.3510600000000001,1,1
05.08.2021 00:36:27.573,1.3511900000000001,1.35102,1,1
05.08.2021 00:36:27.623,1.35121,1.35104,1,1
05.08.2021 00:36:28.085,1.35121,1.35103,1,1
05.08.2021 00:36:34.263,1.35118,1.35104,1,1
05.08.2021 00:36:34.364,1.3511600000000001,1.35102,1,1
05.08.2021 00:36:39.692,1.35118,1.35104,1,1
05.08.2021 00:36:40.819,1.3512,1.3510600000000001,1.87,1
05.08.2021 00:36:40.920,1.3511900000000001,1.35104,1,1
05.08.2021 00:36:41.075,1.3511700000000002,1.35102,1,1.12
05.08.2021 00:36:41.226,1.3511900000000001,1.35104,1,1
05.08.2021 00:36:42.618,1.3512,1.35105,1.5,1
05.08.2021 00:36:50.273,1.35118,1.35104,1,1
05.08.2021 00:36:50.374,1.3512,1.35104,1,1
05.08.2021 00:36:50.475,1.35118,1.35103,1,1
05.08.2021 00:36:51.500,1.3511700000000002,1.35102,1,1.62
05.08.2021 00:36:51.993,1.35118,1.35101,1,1.12
05.08.2021 00:37:00.416,1.3512,1.35103,1,1
05.08.2021 00:37:34.576,1.3512,1.35105,1,1
05.08.2021 00:38:06.552,1.3512,1.35104,1,1
05.08.2021 00:38:06.959,1.3511700000000002,1.35103,1,1
05.08.2021 00:38:26.993,1.3511900000000001,1.35104,1,1
05.08.2021 00:38:28.190,1.3512,1.3510600000000001,1,1
05.08.2021 00:38:36.022,1.35121,1.3510700000000002,1,1
05.08.2021 00:38:36.123,1.35124,1.3511,1.5,1
05.08.2021 00:38:37.082,1.35124,1.3511,1.5,1
05.08.2021 00:38:38.422,1.35123,1.35108,1.5,1
05.08.2021 00:38:38.523,1.35124,1.35108,1.12,1
05.08.2021 00:38:47.053,1.35118,1.3510900000000001,1.69,1
05.08.2021 00:38:47.104,1.3511900000000001,1.35105,1.12,1
05.08.2021 00:38:47.154,1.35121,1.3510700000000002,1,1
05.08.2021 00:38:47.255,1.35123,1.3510900000000001,1.57,1
05.08.2021 00:38:47.361,1.35122,1.3510600000000001,1,1
05.08.2021 00:39:04.186,1.35123,1.3510900000000001,1.12,1
05.08.2021 00:39:04.288,1.35125,1.3510900000000001,1.5,1
05.08.2021 00:39:04.830,1.35123,1.35108,1.12,1
05.08.2021 00:39:06.626,1.35124,1.3510700000000002,1.5,1
05.08.2021 00:39:06.727,1.35118,1.35101,1,1.5
05.08.2021 00:39:06.828,1.35118,1.35104,1,1
05.08.2021 00:39:06.929,1.3512,1.3510600000000001,1.5,1
05.08.2021 00:39:07.885,1.3512,1.3510600000000001,1,1
05.08.2021 00:39:08.262,1.35122,1.3510700000000002,4.72,1
05.08.2021 00:39:08.868,1.35123,1.3510600000000001,1.12,1
05.08.2021 00:39:11.521,1.35124,1.3510900000000001,2.25,1
05.08.2021 00:39:11.672,1.35123,1.35108,1.57,1
05.08.2021 00:39:11.773,1.35123,1.35108,3.1,1
05.08.2021 00:39:12.146,1.35122,1.3510700000000002,2.25,1
05.08.2021 00:39:13.056,1.35121,1.35108,2.72,1
05.08.2021 00:39:14.494,1.35121,1.35108,2.32,1
05.08.2021 00:39:14.810,1.35122,1.3510600000000001,1.57,1
05.08.2021 00:39:15.996,1.35122,1.3510900000000001,1.95,1
05.08.2021 00:39:16.205,1.35121,1.35108,1.95,1
05.08.2021 00:39:16.458,1.35121,1.3510600000000001,1.95,1
05.08.2021 00:39:16.559,1.35121,1.3510600000000001,1.97,1
05.08.2021 00:39:16.686,1.35121,1.3510600000000001,1.95,1
05.08.2021 00:39:16.737,1.35121,1.35108,1.57,1
05.08.2021 00:39:17.802,1.35121,1.35108,2.45,1
05.08.2021 00:39:17.852,1.3511600000000001,1.35104,1,1
05.08.2021 00:39:17.903,1.35118,1.35101,3.1,1
05.08.2021 00:39:17.954,1.3511600000000001,1.3509900000000001,1,1
05.08.2021 00:39:26.510,1.3511600000000001,1.35103,1,1
05.08.2021 00:39:26.611,1.3511900000000001,1.35105,1,1
05.08.2021 00:39:27.021,1.35121,1.3510700000000002,1.5,1
05.08.2021 00:39:27.212,1.35121,1.3510700000000002,1,1
05.08.2021 00:39:28.017,1.35125,1.35108,1.12,1
05.08.2021 00:39:28.068,1.35125,1.35111,1,1
05.08.2021 00:39:28.370,1.3512700000000002,1.35112,1,1
05.08.2021 00:39:28.823,1.35125,1.35108,1,1
05.08.2021 00:39:29.839,1.35122,1.3510700000000002,1,1
05.08.2021 00:39:43.421,1.35122,1.3510600000000001,1,1
05.08.2021 00:39:50.891,1.3511900000000001,1.35105,1,1
05.08.2021 00:40:02.049,1.35118,1.35104,1,1
05.08.2021 00:40:02.790,1.35118,1.35102,1,1
05.08.2021 00:40:03.873,1.3511900000000001,1.35103,1,1
05.08.2021 00:40:03.974,1.35121,1.35105,1,1
05.08.2021 00:40:04.081,1.3511900000000001,1.35105,1,1
05.08.2021 00:40:04.182,1.3512,1.35105,1,1
05.08.2021 00:40:04.283,1.3511900000000001,1.35105,1,1
05.08.2021 00:40:04.384,1.35121,1.35105,1,1
05.08.2021 00:40:09.070,1.35122,1.35108,1,1
05.08.2021 00:41:29.468,1.35124,1.3511,1.5,1
05.08.2021 00:41:30.317,1.35124,1.3511,1.5,1
05.08.2021 00:41:39.352,1.3512600000000001,1.3510900000000001,1.5,1
05.08.2021 00:42:09.451,1.3512700000000002,1.3511,2,1
05.08.2021 00:42:36.430,1.3512600000000001,1.3510900000000001,1.5,1
05.08.2021 00:43:03.680,1.35125,1.3511,1.5,1
05.08.2021 00:43:14.717,1.35125,1.3511,1.5,1
05.08.2021 00:43:31.803,1.3512600000000001,1.3510900000000001,2,1
05.08.2021 00:43:36.796,1.35125,1.3511,1.5,1
05.08.2021 00:43:43.820,1.35125,1.3511,1.5,1
05.08.2021 00:43:53.518,1.3512700000000002,1.35112,5.07,1
05.08.2021 00:43:53.862,1.35128,1.35111,2.07,1
05.08.2021 00:43:56.873,1.35128,1.35111,1.6,1
05.08.2021 00:44:10.195,1.35125,1.35111,1,1
05.08.2021 00:44:10.510,1.35125,1.3511,1,1
05.08.2021 00:44:11.240,1.35128,1.3511,4.32,1
05.08.2021 00:44:16.474,1.3512700000000002,1.35112,3.57,1
05.08.2021 00:44:18.952,1.3512700000000002,1.35112,3.57,1
05.08.2021 00:44:24.972,1.3512700000000002,1.35112,1,1
05.08.2021 00:44:25.702,1.35131,1.35114,2.45,1
05.08.2021 00:44:25.803,1.35133,1.35121,1.12,1
05.08.2021 00:44:25.904,1.3513700000000002,1.35123,1.87,1
05.08.2021 00:44:26.207,1.3514000000000002,1.35125,2.25,1
05.08.2021 00:44:26.257,1.35138,1.35124,1,1
05.08.2021 00:44:26.358,1.35141,1.35124,1,1
05.08.2021 00:44:26.489,1.35142,1.35125,1,1
05.08.2021 00:44:26.539,1.35144,1.3512600000000001,2.25,1
05.08.2021 00:44:26.999,1.35144,1.35128,1,1
05.08.2021 00:44:27.100,1.35145,1.3512600000000001,1.5,1
05.08.2021 00:44:27.363,1.35146,1.35128,2,1
05.08.2021 00:44:27.990,1.35146,1.35128,1,1
05.08.2021 00:44:28.858,1.35145,1.3512700000000002,1.12,1
05.08.2021 00:44:28.908,1.35143,1.35125,1,1
05.08.2021 00:44:29.009,1.35141,1.3512600000000001,1.5,1
05.08.2021 00:44:30.010,1.35142,1.35125,1,1
05.08.2021 00:44:30.974,1.35142,1.3512600000000001,1,1
05.08.2021 00:44:31.083,1.35142,1.3512600000000001,1,1
05.08.2021 00:44:31.981,1.35141,1.3512700000000002,1,1
05.08.2021 00:44:36.421,1.35143,1.35124,1.62,1
05.08.2021 00:44:37.416,1.35143,1.35125,1.5,1
05.08.2021 00:44:37.718,1.35141,1.35124,1,1
05.08.2021 00:44:37.869,1.35142,1.3512600000000001,1,1
05.08.2021 00:44:37.970,1.35142,1.35124,1,1
05.08.2021 00:44:38.177,1.35143,1.35125,1.5,1
05.08.2021 00:44:38.396,1.35143,1.3512700000000002,1,1
05.08.2021 00:44:43.450,1.35144,1.35128,2.25,1
05.08.2021 00:44:43.551,1.35143,1.3512700000000002,1,1
05.08.2021 00:44:43.652,1.35145,1.3512700000000002,1,1
05.08.2021 00:44:44.312,1.35144,1.3512600000000001,1,1
05.08.2021 00:44:50.301,1.35145,1.35129,2.75,1
05.08.2021 00:44:50.402,1.35146,1.35129,2,1
05.08.2021 00:44:50.765,1.35145,1.35131,2,1
05.08.2021 00:44:50.866,1.35148,1.35132,1,1
05.08.2021 00:44:50.967,1.35149,1.35133,3.12,1
05.08.2021 00:44:51.914,1.35149,1.35133,1.5,1
05.08.2021 00:44:52.453,1.3515000000000001,1.3513000000000002,2,1
05.08.2021 00:44:54.915,1.3515000000000001,1.3513000000000002,1.5,1
05.08.2021 00:44:57.788,1.3515100000000002,1.35131,2.75,1
05.08.2021 00:44:59.917,1.35149,1.35132,1,1
05.08.2021 00:45:00.443,1.35148,1.35131,1,1
05.08.2021 00:45:00.544,1.3514700000000002,1.3513000000000002,1,1
05.08.2021 00:45:00.595,1.35145,1.35128,1.5,1
05.08.2021 00:45:00.645,1.35142,1.3512600000000001,1,1
05.08.2021 00:45:00.746,1.35141,1.3512600000000001,1,1
05.08.2021 00:45:01.029,1.35141,1.35129,1.12,1
05.08.2021 00:45:01.787,1.35144,1.35129,2.37,1
05.08.2021 00:45:03.736,1.35145,1.35128,1,1
05.08.2021 00:45:03.837,1.35146,1.35132,1,1
05.08.2021 00:45:04.147,1.35146,1.35133,1,1
05.08.2021 00:45:04.737,1.3514700000000002,1.35132,1,1
05.08.2021 00:45:04.997,1.35149,1.35135,2.37,1
05.08.2021 00:45:05.683,1.35149,1.35135,2,1
05.08.2021 00:45:06.683,1.3515000000000001,1.35135,3.12,1
05.08.2021 00:45:08.608,1.3515000000000001,1.35135,1,1
05.08.2021 00:45:08.969,1.3515000000000001,1.35134,1,1
05.08.2021 00:45:09.608,1.3515000000000001,1.35134,1.5,1
05.08.2021 00:45:22.869,1.35149,1.35134,1,1
05.08.2021 00:45:26.429,1.3514700000000002,1.35134,1,1
05.08.2021 00:45:26.543,1.3514700000000002,1.35132,1,1
05.08.2021 00:45:27.140,1.3514700000000002,1.35133,1,1
05.08.2021 00:45:27.799,1.3514700000000002,1.35132,1,1
05.08.2021 00:45:36.241,1.35148,1.35132,1,1
05.08.2021 00:45:36.342,1.3514700000000002,1.35134,1,1
05.08.2021 00:45:38.126,1.35149,1.35132,1,1
05.08.2021 00:45:38.684,1.3515000000000001,1.35133,1.5,1
05.08.2021 00:45:40.996,1.3515000000000001,1.35132,1,1
05.08.2021 00:45:41.409,1.35148,1.35132,1,1
05.08.2021 00:45:42.459,1.35149,1.35131,1,1
05.08.2021 00:45:42.560,1.35148,1.35134,1,1
05.08.2021 00:45:43.046,1.35148,1.35132,1,1
05.08.2021 00:45:43.147,1.35148,1.3513000000000002,1,1
05.08.2021 00:45:43.449,1.35148,1.3513000000000002,1.62,1
05.08.2021 00:45:43.550,1.3514700000000002,1.35129,3,1
05.08.2021 00:45:43.600,1.35144,1.35128,1,1
05.08.2021 00:45:43.802,1.35144,1.3512700000000002,1,1
05.08.2021 00:45:46.053,1.35143,1.35125,1.5,1
05.08.2021 00:45:46.154,1.35143,1.35125,2,1
05.08.2021 00:45:46.359,1.35142,1.35125,2.37,1
05.08.2021 00:45:46.410,1.3514000000000002,1.35124,1,1
05.08.2021 00:45:47.388,1.3514000000000002,1.35125,1,1
05.08.2021 00:45:55.467,1.3514000000000002,1.35124,1.5,1
05.08.2021 00:45:55.718,1.35139,1.35124,1.12,1
05.08.2021 00:45:56.720,1.35139,1.35123,1,1
05.08.2021 00:46:00.527,1.35138,1.35121,1.12,1
05.08.2021 00:46:01.477,1.3513700000000002,1.35122,1.5,1
05.08.2021 00:46:15.066,1.35139,1.35121,1.62,1
05.08.2021 00:46:15.167,1.35138,1.35125,1,1
05.08.2021 00:46:16.027,1.3514000000000002,1.35124,1.12,1
05.08.2021 00:46:18.015,1.35139,1.35125,1,1
05.08.2021 00:46:22.293,1.35141,1.35124,3.87,1
05.08.2021 00:46:22.358,1.35138,1.35122,1,1
05.08.2021 00:46:26.529,1.3513700000000002,1.35122,1,1
05.08.2021 00:46:30.868,1.3513600000000001,1.35122,1,1
05.08.2021 00:46:30.919,1.35135,1.3512,1,1
05.08.2021 00:46:33.637,1.35134,1.3512,1,1
05.08.2021 00:46:33.738,1.35134,1.35121,1,1
05.08.2021 00:46:33.789,1.35138,1.35122,2,1
05.08.2021 00:46:34.569,1.35138,1.35124,1.5,1
05.08.2021 00:46:34.789,1.3514000000000002,1.35124,2.75,1
05.08.2021 00:46:35.789,1.35139,1.35124,1,1
05.08.2021 00:46:43.443,1.35138,1.35123,1,1
05.08.2021 00:46:47.764,1.3513700000000002,1.35122,1,1
05.08.2021 00:46:48.148,1.3513700000000002,1.35122,1.5,1
05.08.2021 00:46:51.304,1.3513600000000001,1.35121,1.12,1
05.08.2021 00:47:05.217,1.3513600000000001,1.35118,1.87,1
05.08.2021 00:47:05.267,1.35133,1.3511700000000002,1,1
05.08.2021 00:47:05.368,1.35129,1.35114,1.5,1
05.08.2021 00:47:05.707,1.3513000000000002,1.35113,3.5,1
05.08.2021 00:47:05.870,1.35128,1.35114,1.5,1
05.08.2021 00:47:06.428,1.3512700000000002,1.35112,1.12,1
05.08.2021 00:47:06.529,1.3512600000000001,1.35111,1,1
05.08.2021 00:47:06.849,1.3512600000000001,1.35111,1.5,1
05.08.2021 00:47:14.313,1.35125,1.3511,1,1
05.08.2021 00:47:14.447,1.35125,1.35111,1.5,1
05.08.2021 00:47:37.608,1.3512600000000001,1.3511,1.62,1
05.08.2021 00:47:40.622,1.3512600000000001,1.3511,1.5,1
05.08.2021 00:47:43.907,1.35125,1.3511,1,1
05.08.2021 00:47:44.306,1.35125,1.35111,1.5,1
05.08.2021 00:47:44.638,1.35125,1.35111,1.62,1
05.08.2021 00:47:46.651,1.3512600000000001,1.3511,1.5,1
05.08.2021 00:47:47.647,1.35125,1.35111,1.62,1
05.08.2021 00:48:22.797,1.3512600000000001,1.3511,1,1
05.08.2021 00:48:28.817,1.3512600000000001,1.3511,2,1
05.08.2021 00:48:35.879,1.35125,1.35111,1.87,1
05.08.2021 00:48:36.879,1.35125,1.35111,2,1
05.08.2021 00:48:40.871,1.35124,1.35111,1.5,1
05.08.2021 00:48:41.123,1.35124,1.3510900000000001,1.62,1
05.08.2021 00:48:48.089,1.35124,1.3510900000000001,1.5,1
05.08.2021 00:48:48.190,1.3512600000000001,1.3511,1,1
05.08.2021 00:48:50.902,1.3512700000000002,1.35112,1,1
05.08.2021 00:48:51.619,1.3512700000000002,1.35113,1.12,1
05.08.2021 00:48:54.977,1.3513000000000002,1.35112,2.25,1
05.08.2021 00:48:55.078,1.35129,1.35115,1,1
05.08.2021 00:48:55.179,1.3512600000000001,1.35111,1,1
05.08.2021 00:48:55.280,1.3512700000000002,1.35111,1,1
05.08.2021 00:48:56.235,1.3512600000000001,1.3511,1.5,1
05.08.2021 00:48:56.668,1.3512600000000001,1.35108,1,1
05.08.2021 00:48:56.769,1.35125,1.35108,1,1
05.08.2021 00:48:56.920,1.35123,1.35108,1.12,1
05.08.2021 00:49:11.922,1.35124,1.3510700000000002,1.5,1
05.08.2021 00:49:13.925,1.35123,1.35108,1.5,1
05.08.2021 00:49:38.199,1.35124,1.3510700000000002,1.5,1
05.08.2021 00:49:40.232,1.35123,1.35108,1.5,1
05.08.2021 00:49:55.331,1.35121,1.3510700000000002,1.12,1.12
05.08.2021 00:50:06.941,1.35124,1.35108,1.62,1
05.08.2021 00:50:07.042,1.35125,1.35108,2.37,1
05.08.2021 00:50:10.615,1.35125,1.3511,1.62,1
05.08.2021 00:50:11.234,1.35124,1.3510900000000001,2,1
05.08.2021 00:50:12.049,1.35124,1.3510900000000001,2,1
05.08.2021 00:50:19.073,1.35125,1.35108,2,1
05.08.2021 00:50:20.073,1.35125,1.35108,2.37,1
05.08.2021 00:50:23.898,1.35123,1.3510600000000001,1.12,1.12
05.08.2021 00:50:40.249,1.35124,1.35108,1.5,1
05.08.2021 00:50:41.184,1.35125,1.35108,1.62,1
05.08.2021 00:50:48.544,1.35123,1.3510700000000002,1,1
05.08.2021 00:51:01.910,1.35124,1.3511,2.37,1
05.08.2021 00:51:02.011,1.3512600000000001,1.3511,1.62,1
05.08.2021 00:51:05.826,1.35124,1.3511,1.5,1
05.08.2021 00:51:11.378,1.35125,1.35111,1.5,1
05.08.2021 00:51:11.429,1.35125,1.35112,1,1.87
05.08.2021 00:51:11.479,1.3513000000000002,1.35115,1.5,1
05.08.2021 00:51:11.530,1.3513000000000002,1.3511700000000002,1,1
05.08.2021 00:51:12.390,1.35132,1.3511600000000001,1,1
05.08.2021 00:51:13.099,1.35131,1.3511600000000001,1,1
05.08.2021 00:51:13.944,1.35131,1.35115,1,1
05.08.2021 00:51:19.063,1.35129,1.35113,1.5,1
05.08.2021 00:51:20.005,1.35129,1.35113,1.5,1.25
05.08.2021 00:51:20.106,1.35128,1.35114,1,1
05.08.2021 00:51:20.932,1.35123,1.3511,1,1
05.08.2021 00:51:21.033,1.35122,1.35108,1,1
05.08.2021 00:51:23.173,1.35123,1.3510900000000001,1,1
05.08.2021 00:51:23.274,1.35122,1.35108,1,1
05.08.2021 00:51:24.744,1.35125,1.3510900000000001,1,1
05.08.2021 00:51:27.722,1.35123,1.3510700000000002,1,1
05.08.2021 00:51:31.001,1.35123,1.35108,1,1
05.08.2021 00:51:31.972,1.35122,1.35108,1,1
05.08.2021 00:51:32.537,1.35125,1.3510900000000001,1.5,1
05.08.2021 00:51:38.447,1.35124,1.3511,1.5,1
05.08.2021 00:51:42.226,1.3512600000000001,1.3511,1.5,1
05.08.2021 00:51:43.223,1.35125,1.3511,1,1
05.08.2021 00:51:43.324,1.3513000000000002,1.35113,3.5,1
05.08.2021 00:51:43.374,1.3513000000000002,1.35115,3,1
05.08.2021 00:51:43.802,1.3513000000000002,1.3511600000000001,1,1
05.08.2021 00:51:44.357,1.35131,1.3511600000000001,1.5,1
05.08.2021 00:51:47.149,1.35134,1.3511600000000001,5,1
05.08.2021 00:51:47.957,1.35134,1.35118,4.5,1
05.08.2021 00:51:48.313,1.35131,1.3511900000000001,1,1
05.08.2021 00:51:48.363,1.35134,1.35118,1,1
05.08.2021 00:51:48.978,1.35133,1.3511700000000002,2,1
05.08.2021 00:51:52.117,1.35131,1.3511900000000001,1,1
05.08.2021 00:51:54.830,1.35134,1.35118,1.5,1
05.08.2021 00:51:54.931,1.35134,1.3511700000000002,3.12,1
05.08.2021 00:51:55.374,1.35132,1.3511600000000001,2,1
05.08.2021 00:51:55.768,1.35132,1.3511700000000002,2.37,1
05.08.2021 00:51:55.869,1.35133,1.3511600000000001,3.12,1
05.08.2021 00:51:56.109,1.35132,1.3511600000000001,3.12,1
05.08.2021 00:52:01.603,1.35132,1.3511700000000002,5,1
05.08.2021 00:52:04.949,1.35133,1.3511700000000002,2,1
05.08.2021 00:52:05.879,1.35131,1.3511700000000002,1,1
05.08.2021 00:52:08.201,1.35132,1.35118,2,1
05.08.2021 00:52:15.672,1.35132,1.35118,3.5,1
05.08.2021 00:52:15.773,1.35132,1.3511600000000001,3.5,1
05.08.2021 00:52:18.479,1.3513000000000002,1.3511700000000002,1,1
05.08.2021 00:52:18.912,1.35131,1.3511600000000001,1,1
05.08.2021 00:52:20.901,1.35132,1.3511600000000001,1.5,1
05.08.2021 00:52:20.952,1.35129,1.3511700000000002,1,1
05.08.2021 00:52:22.223,1.35129,1.3511900000000001,1,1
05.08.2021 00:52:39.139,1.35129,1.35121,1,1
05.08.2021 00:52:39.472,1.35131,1.3512,1,1
05.08.2021 00:52:44.807,1.35131,1.3511900000000001,1,1
05.08.2021 00:52:49.487,1.3513700000000002,1.3511900000000001,1.62,1
05.08.2021 00:52:49.588,1.3513700000000002,1.3512,2.81,1
05.08.2021 00:52:49.689,1.3513700000000002,1.3511900000000001,1.31,1
05.08.2021 00:52:50.004,1.35133,1.3511900000000001,1,1
05.08.2021 00:52:50.782,1.35133,1.35122,1,1
05.08.2021 00:52:50.934,1.35132,1.35122,1,1
05.08.2021 00:52:51.185,1.35133,1.3512,1,1
05.08.2021 00:52:53.258,1.3513700000000002,1.35121,1.12,1
05.08.2021 00:52:55.914,1.35138,1.35121,3,1
05.08.2021 00:52:55.965,1.35135,1.3512,1,1
05.08.2021 00:52:56.183,1.35134,1.3512,1.5,1
05.08.2021 00:52:59.126,1.35133,1.3512,1.5,1
05.08.2021 00:53:00.623,1.35134,1.3512,1.5,1
05.08.2021 00:53:01.612,1.35134,1.35121,1,1
05.08.2021 00:53:02.360,1.35132,1.35121,1,1
05.08.2021 00:53:02.622,1.3513700000000002,1.35121,2.75,1
05.08.2021 00:53:02.723,1.35138,1.35121,2.75,1
05.08.2021 00:53:02.774,1.3513700000000002,1.35124,2.75,1
05.08.2021 00:53:02.939,1.35134,1.35124,1,1
05.08.2021 00:53:04.577,1.35135,1.35125,1,1
05.08.2021 00:53:04.628,1.35141,1.3512600000000001,1,1
05.08.2021 00:53:04.678,1.35142,1.3512700000000002,1,1
05.08.2021 00:53:04.729,1.35144,1.3512700000000002,3,1
05.08.2021 00:53:04.856,1.35144,1.35128,2.7,1
05.08.2021 00:53:05.810,1.35145,1.3512600000000001,1.57,1
05.08.2021 00:53:05.911,1.35143,1.3512600000000001,1,1
05.08.2021 00:53:06.112,1.35143,1.35125,1,1
05.08.2021 00:53:07.970,1.35143,1.3512700000000002,1,1
05.08.2021 00:53:09.306,1.35143,1.35128,1,1
05.08.2021 00:53:09.884,1.35145,1.3512700000000002,3.52,1
05.08.2021 00:53:10.339,1.35145,1.35125,2.32,1
05.08.2021 00:53:10.389,1.35144,1.35128,1.57,1
05.08.2021 00:53:10.490,1.35144,1.3512700000000002,2.32,1
05.08.2021 00:53:10.971,1.35145,1.3512700000000002,1.57,1
05.08.2021 00:53:13.304,1.35144,1.3512700000000002,2.32,1
05.08.2021 00:53:13.406,1.35144,1.35125,1,1
05.08.2021 00:53:13.653,1.35142,1.3512600000000001,1,1
05.08.2021 00:53:14.204,1.35143,1.3512700000000002,1,1
05.08.2021 00:53:24.236,1.35144,1.3512700000000002,1.5,1
05.08.2021 00:53:24.398,1.35145,1.3512700000000002,2.7,1
05.08.2021 00:53:25.006,1.35146,1.35131,1.1,1
05.08.2021 00:53:25.208,1.35148,1.3513000000000002,1.35,1
05.08.2021 00:53:26.383,1.3515100000000002,1.35134,3.92,1
05.08.2021 00:53:26.433,1.35149,1.35134,1,1
05.08.2021 00:53:26.484,1.35152,1.35133,1,1
05.08.2021 00:53:26.535,1.35152,1.35135,1,1
05.08.2021 00:53:26.686,1.35152,1.3513600000000001,1.12,1
05.08.2021 00:53:26.838,1.35153,1.35134,1.5,1
05.08.2021 00:53:30.131,1.35152,1.3513600000000001,1,1
05.08.2021 00:53:30.291,1.35154,1.35135,1,1
05.08.2021 00:53:30.392,1.35153,1.35138,1,1
05.08.2021 00:53:30.443,1.35156,1.35138,1.5,1
05.08.2021 00:53:30.493,1.35156,1.3514000000000002,1.5,1
05.08.2021 00:53:30.795,1.35154,1.35141,1,1
05.08.2021 00:53:30.896,1.35154,1.35142,1,1
05.08.2021 00:53:30.997,1.35155,1.3514000000000002,1,1
05.08.2021 00:53:31.316,1.3515700000000002,1.35141,1.12,1
05.08.2021 00:53:32.948,1.35156,1.35141,1,1
05.08.2021 00:53:34.702,1.35156,1.35142,1.12,1
05.08.2021 00:53:37.878,1.35156,1.35142,1.5,1
05.08.2021 00:53:44.937,1.35158,1.3514000000000002,1.5,1
05.08.2021 00:53:46.348,1.35158,1.35141,1.5,1
05.08.2021 00:53:46.914,1.35158,1.35141,1.5,1
05.08.2021 00:53:55.047,1.3516000000000001,1.35141,1.12,1
05.08.2021 00:53:55.098,1.3516000000000001,1.35149,1.5,1
05.08.2021 00:53:55.149,1.3516299999999999,1.35149,1,1
05.08.2021 00:53:55.250,1.3516100000000002,1.3514700000000002,1,1
05.08.2021 00:53:55.301,1.35159,1.35144,1,1
05.08.2021 00:53:55.402,1.3516100000000002,1.35144,1,1.1
05.08.2021 00:53:55.503,1.35162,1.35145,1,1
05.08.2021 00:53:56.271,1.3516000000000001,1.35145,1,1.72
05.08.2021 00:54:01.287,1.3516000000000001,1.35145,1,1.2
05.08.2021 00:54:01.439,1.35159,1.35143,1,1.6
05.08.2021 00:54:01.867,1.35158,1.35142,1,1.6
05.08.2021 00:54:03.146,1.3516000000000001,1.35143,1,1.6
05.08.2021 00:54:03.197,1.3516000000000001,1.3514700000000002,1,1
05.08.2021 00:54:03.247,1.35162,1.3514700000000002,1,1
05.08.2021 00:54:04.434,1.35162,1.35146,1,1
05.08.2021 00:54:07.328,1.35162,1.35143,1,2.1
05.08.2021 00:54:07.767,1.35162,1.35143,1,2.07
05.08.2021 00:54:15.890,1.35162,1.35144,1,1.1
05.08.2021 00:54:15.991,1.3516299999999999,1.35144,1,1.1
05.08.2021 00:54:16.444,1.35162,1.3514700000000002,1,1
05.08.2021 00:54:16.645,1.35164,1.3514700000000002,1,1.1
05.08.2021 00:54:33.352,1.35166,1.3514700000000002,1,1.7
05.08.2021 00:54:33.526,1.35166,1.3514700000000002,1,1.57
05.08.2021 00:54:33.663,1.35165,1.35148,1,1.7
05.08.2021 00:54:34.497,1.35165,1.35149,1,1.5
05.08.2021 00:54:34.598,1.35165,1.35149,1,1.12
05.08.2021 00:54:34.893,1.3516700000000001,1.3515000000000001,1,1
05.08.2021 00:54:34.994,1.35168,1.3515100000000002,1,1
05.08.2021 00:54:35.404,1.35168,1.3515000000000001,1,1.12
05.08.2021 00:54:38.071,1.35165,1.35149,1,1.6
05.08.2021 00:54:38.186,1.35166,1.35148,1,1.2
05.08.2021 00:54:38.287,1.35165,1.35149,1,1.5
05.08.2021 00:54:38.411,1.35165,1.35149,1,1.12
05.08.2021 00:54:38.522,1.35164,1.35148,1,1.5
05.08.2021 00:54:38.623,1.35164,1.35148,1,1.12
05.08.2021 00:54:40.068,1.35164,1.35146,1,1.12
05.08.2021 00:54:40.169,1.35162,1.3514700000000002,1,1
05.08.2021 00:54:40.511,1.35162,1.35145,1,1
05.08.2021 00:54:44.223,1.3516299999999999,1.35144,1,1.6
05.08.2021 00:54:44.374,1.35164,1.35145,1,1.12
05.08.2021 00:54:44.475,1.35164,1.35146,1,1
05.08.2021 00:54:45.469,1.35164,1.35146,1,2.07
05.08.2021 00:54:46.047,1.35166,1.3514700000000002,1,1.12
05.08.2021 00:54:46.148,1.35166,1.3514700000000002,1,1.6
05.08.2021 00:54:46.399,1.3516700000000001,1.35149,1,1.1
05.08.2021 00:54:51.789,1.35166,1.3515100000000002,1,1
05.08.2021 00:54:51.940,1.35168,1.3515100000000002,1,1.12
05.08.2021 00:54:52.170,1.3516700000000001,1.3515000000000001,1,1.7
05.08.2021 00:54:52.290,1.35164,1.3515100000000002,1,1.1
05.08.2021 00:54:52.391,1.35166,1.3515100000000002,1,1.7
05.08.2021 00:54:52.593,1.3516700000000001,1.3515000000000001,1,1
05.08.2021 00:54:53.115,1.35166,1.35148,1,2.1
05.08.2021 00:54:53.381,1.35166,1.35148,1,1.95
05.08.2021 00:54:53.744,1.3516299999999999,1.35148,1,1.5
05.08.2021 00:54:58.214,1.3516700000000001,1.3515000000000001,1,1
05.08.2021 00:54:58.365,1.35166,1.35149,1,1
05.08.2021 00:54:58.480,1.3516700000000001,1.3515000000000001,1,1
05.08.2021 00:54:59.169,1.35165,1.35148,1,1
05.08.2021 00:54:59.897,1.35162,1.3514700000000002,1,3.5
05.08.2021 00:54:59.998,1.3516299999999999,1.35146,1,1.12
05.08.2021 00:55:00.099,1.35164,1.35149,1,1
05.08.2021 00:55:00.595,1.35162,1.3514700000000002,1,1.12
05.08.2021 00:55:00.746,1.3516000000000001,1.35145,1,2.25
05.08.2021 00:55:00.847,1.35158,1.35143,1,1.12
05.08.2021 00:55:00.948,1.35156,1.35141,1,1.5
05.08.2021 00:55:01.100,1.35156,1.3514000000000002,1,1.5
05.08.2021 00:55:01.201,1.35156,1.35139,1,1.12
05.08.2021 00:55:01.382,1.35154,1.35139,1,2.75
05.08.2021 00:55:01.855,1.35155,1.35138,1,1.5
05.08.2021 00:55:01.993,1.35153,1.35139,1,1
05.08.2021 00:55:03.050,1.35153,1.35138,1,1
05.08.2021 00:55:03.643,1.3515100000000002,1.3513600000000001,1,2.07
05.08.2021 00:55:09.079,1.35152,1.35135,1,1.2
05.08.2021 00:55:09.186,1.3515100000000002,1.3513600000000001,1,1.22
05.08.2021 00:55:10.766,1.3515100000000002,1.3513600000000001,1,1.2
05.08.2021 00:55:10.906,1.3515100000000002,1.3513600000000001,1,1.6
05.08.2021 00:55:11.145,1.35152,1.35135,1,1.2
05.08.2021 00:55:14.560,1.35152,1.35135,1,1.62
05.08.2021 00:55:15.254,1.3515100000000002,1.3513600000000001,1,1.5
05.08.2021 00:55:27.878,1.3515100000000002,1.35135,1,1.2
05.08.2021 00:55:27.983,1.3515100000000002,1.35135,1,1.7
05.08.2021 00:55:28.593,1.35153,1.3513600000000001,1,1.6
05.08.2021 00:55:28.693,1.35155,1.35138,1,1
05.08.2021 00:55:28.794,1.35156,1.35138,1,2.07
05.08.2021 00:55:29.098,1.35154,1.35139,1,1.1
05.08.2021 00:55:29.558,1.35154,1.35139,1,1.1
05.08.2021 00:55:30.008,1.35154,1.35139,1,1
05.08.2021 00:55:30.344,1.35153,1.35138,1,1.1
05.08.2021 00:55:30.446,1.35154,1.35138,1,1.72
05.08.2021 00:55:30.844,1.35155,1.35138,1,1.1
05.08.2021 00:55:36.328,1.35155,1.35139,1,1.5
05.08.2021 00:55:36.745,1.35156,1.3514000000000002,1,1
05.08.2021 00:55:45.102,1.35158,1.35142,1,1
05.08.2021 00:55:58.969,1.35159,1.35145,1,1
05.08.2021 00:55:59.070,1.35164,1.3515000000000001,2,1
05.08.2021 00:55:59.171,1.35164,1.35152,1,1
05.08.2021 00:55:59.272,1.35166,1.35152,1,1
05.08.2021 00:56:03.045,1.3516700000000001,1.35153,1,1
05.08.2021 00:56:04.236,1.35169,1.35153,1,1
05.08.2021 00:56:04.437,1.3516700000000001,1.3515100000000002,1,1
05.08.2021 00:56:04.538,1.3516700000000001,1.35153,1,1
05.08.2021 00:56:04.689,1.35169,1.35153,1,1
05.08.2021 00:56:12.203,1.35166,1.35152,1,1
05.08.2021 00:56:15.941,1.35165,1.3515100000000002,1,1
05.08.2021 00:56:19.546,1.35164,1.35148,1,1
05.08.2021 00:56:19.655,1.3516100000000002,1.3514700000000002,1,1
05.08.2021 00:56:19.756,1.35159,1.35143,1,1.62
05.08.2021 00:56:19.857,1.35159,1.35143,1,1
05.08.2021 00:56:22.286,1.35159,1.35145,1,1
05.08.2021 00:56:55.893,1.35159,1.35143,1.12,1
05.08.2021 00:57:00.479,1.35158,1.35142,1.12,1
05.08.2021 00:57:00.823,1.35155,1.35141,1,1
05.08.2021 00:57:03.115,1.35156,1.3514000000000002,1.5,1
05.08.2021 00:57:03.221,1.35155,1.35141,1.12,1
05.08.2021 00:57:19.399,1.35154,1.35139,1,1
05.08.2021 00:57:20.977,1.35152,1.35138,1,1
05.08.2021 00:57:21.078,1.35146,1.35132,1,1.12
05.08.2021 00:57:21.179,1.35146,1.35131,1,1
05.08.2021 00:57:21.229,1.35144,1.3512700000000002,1,1.12
05.08.2021 00:57:21.330,1.35143,1.3512600000000001,1,2.75
05.08.2021 00:57:21.582,1.35145,1.3513000000000002,1,1
05.08.2021 00:57:21.633,1.35144,1.35125,1,1.62
05.08.2021 00:57:22.173,1.35143,1.3512600000000001,1.12,1
05.08.2021 00:57:25.448,1.35141,1.35125,1,1
05.08.2021 00:57:25.549,1.35143,1.3512600000000001,1,1
05.08.2021 00:57:28.650,1.35141,1.3512600000000001,1,1
05.08.2021 00:57:29.112,1.35142,1.35124,1,1.87
05.08.2021 00:57:30.148,1.35143,1.35128,1,1
05.08.2021 00:57:30.300,1.35144,1.35129,1,1
05.08.2021 00:57:30.779,1.35142,1.3512700000000002,1,1.2
05.08.2021 00:57:30.989,1.35144,1.3512700000000002,1,1
05.08.2021 00:57:31.108,1.35144,1.3512700000000002,1,1.5
05.08.2021 00:57:31.538,1.35144,1.35129,1,1.12
05.08.2021 00:57:33.678,1.35146,1.3513000000000002,1,1
05.08.2021 00:57:34.371,1.3514700000000002,1.35131,1,1
05.08.2021 00:57:35.076,1.35149,1.35132,1,1.12
05.08.2021 00:57:35.227,1.35152,1.3513600000000001,1.12,1
05.08.2021 00:57:35.535,1.35152,1.35134,1,1
05.08.2021 00:57:38.087,1.35153,1.3513600000000001,1,1
05.08.2021 00:57:45.953,1.3515100000000002,1.3513600000000001,1,1
05.08.2021 00:57:47.787,1.35153,1.3513600000000001,1,1
05.08.2021 00:57:50.048,1.35153,1.35138,1,1
05.08.2021 00:57:59.623,1.35154,1.35139,1,1
05.08.2021 00:57:59.725,1.35156,1.35139,1,1
05.08.2021 00:58:00.062,1.35155,1.3514000000000002,1,1.5
05.08.2021 00:58:02.064,1.35155,1.3514000000000002,1,1.12
05.08.2021 00:58:15.401,1.35153,1.35138,1,2.37
05.08.2021 00:58:15.552,1.3515000000000001,1.35135,1,3
05.08.2021 00:58:15.653,1.35149,1.35134,1,1.12
05.08.2021 00:58:18.949,1.35145,1.3513000000000002,1,1.62
05.08.2021 00:58:19.050,1.3514700000000002,1.35132,1,1.12
05.08.2021 00:58:21.762,1.35148,1.35133,1,1
05.08.2021 00:58:23.348,1.3515100000000002,1.35134,1,1
05.08.2021 00:58:24.416,1.35153,1.3513600000000001,1,1
05.08.2021 00:58:28.952,1.35153,1.35138,1,1
05.08.2021 00:58:29.053,1.35156,1.3513700000000002,1,1
05.08.2021 00:58:29.211,1.35158,1.35141,1,1
05.08.2021 00:58:29.427,1.35156,1.3514000000000002,1,1
05.08.2021 00:58:29.553,1.35155,1.3514000000000002,1,1.12
05.08.2021 00:58:30.946,1.35155,1.35138,1,2
05.08.2021 00:58:31.477,1.35155,1.35138,1,1.87
05.08.2021 00:58:35.806,1.35155,1.3514000000000002,1,1.12
05.08.2021 00:58:35.857,1.35158,1.35141,1,1
05.08.2021 00:58:36.083,1.35159,1.35142,1,1
05.08.2021 00:58:39.248,1.3515700000000002,1.35142,1,1.12
05.08.2021 00:58:44.591,1.35158,1.35143,1,1
05.08.2021 00:58:44.793,1.35159,1.35142,1,2
05.08.2021 00:58:47.978,1.3516000000000001,1.35145,1,1.87
05.08.2021 00:58:58.080,1.3516100000000002,1.35144,1,1.5
05.08.2021 00:59:01.252,1.35158,1.35144,1,1
05.08.2021 00:59:02.923,1.3516000000000001,1.35143,1,2
05.08.2021 00:59:03.135,1.3516000000000001,1.35145,1,1
05.08.2021 00:59:05.572,1.35159,1.35149,1,1
05.08.2021 00:59:05.673,1.3516700000000001,1.35152,1,1.12
05.08.2021 00:59:05.774,1.35166,1.3515000000000001,1,2.25
05.08.2021 00:59:05.875,1.3516700000000001,1.3515000000000001,1,1.5
05.08.2021 00:59:05.976,1.3516700000000001,1.3515000000000001,1,1
05.08.2021 00:59:06.077,1.35165,1.35149,1,1
05.08.2021 00:59:06.221,1.35165,1.3515000000000001,1,1
05.08.2021 00:59:07.573,1.35166,1.35148,1,1.5
05.08.2021 00:59:08.273,1.3516299999999999,1.35148,1,1.5
05.08.2021 00:59:08.575,1.35166,1.3515100000000002,1,1
05.08.2021 00:59:09.021,1.35164,1.35149,1,3.5
05.08.2021 00:59:09.596,1.35164,1.35148,1,1.5
05.08.2021 00:59:09.908,1.3516700000000001,1.35148,1,1.5
05.08.2021 00:59:12.255,1.35166,1.35149,1,1.12
05.08.2021 00:59:18.233,1.35164,1.35149,1,1
05.08.2021 00:59:21.900,1.35165,1.3515000000000001,1,1
05.08.2021 00:59:24.869,1.35166,1.35149,1,1.5
05.08.2021 00:59:24.970,1.35168,1.3515000000000001,1.5,2.75
05.08.2021 00:59:25.185,1.35166,1.35149,1,4.25
05.08.2021 00:59:25.453,1.35165,1.3515100000000002,1,1
05.08.2021 00:59:26.099,1.3516700000000001,1.3515100000000002,1,1.62
05.08.2021 00:59:26.453,1.35168,1.3515000000000001,1,1.5
05.08.2021 00:59:28.147,1.35168,1.3515000000000001,1,1.62
05.08.2021 00:59:29.485,1.35169,1.35153,1,1
05.08.2021 00:59:32.738,1.3516700000000001,1.35154,1,1
05.08.2021 00:59:32.938,1.35168,1.35154,1,1
05.08.2021 00:59:34.833,1.35168,1.35153,1,1
05.08.2021 00:59:36.212,1.35166,1.35154,1,1
05.08.2021 00:59:41.780,1.3516700000000001,1.35154,1,1
05.08.2021 00:59:42.061,1.35168,1.35149,1,1.12
05.08.2021 00:59:43.007,1.35169,1.3515100000000002,1,1
05.08.2021 00:59:43.209,1.35169,1.35153,1,1
05.08.2021 00:59:43.310,1.35168,1.3515100000000002,1,1.5
05.08.2021 00:59:43.607,1.3517000000000001,1.35152,1,1.12
05.08.2021 00:59:43.708,1.3516700000000001,1.35152,1,1.7
05.08.2021 00:59:45.230,1.35168,1.3515100000000002,1,1.57
05.08.2021 00:59:45.599,1.35169,1.35153,1,1
05.08.2021 00:59:46.082,1.3516700000000001,1.35152,1,1.57
05.08.2021 00:59:46.540,1.35166,1.35149,1,1.5
05.08.2021 00:59:46.781,1.35166,1.3515000000000001,1,1.87
05.08.2021 00:59:50.089,1.35168,1.35152,1,1
05.08.2021 00:59:50.492,1.3516700000000001,1.3515100000000002,1,1.62
05.08.2021 00:59:50.658,1.35166,1.3515100000000002,1,1
05.08.2021 00:59:50.759,1.3516700000000001,1.35149,1,1.12
05.08.2021 00:59:51.046,1.35164,1.35149,1,3.82
05.08.2021 00:59:55.897,1.35164,1.35149,1,2.45
05.08.2021 01:00:00.115,1.35166,1.3515100000000002,1,1
05.08.2021 01:00:00.216,1.35168,1.3515100000000002,1,1
05.08.2021 01:00:00.635,1.35166,1.3515100000000002,1,1
05.08.2021 01:00:02.822,1.35164,1.3515000000000001,1,1
05.08.2021 01:00:04.166,1.35162,1.35146,1,1.5
05.08.2021 01:00:04.803,1.3516100000000002,1.35145,1,2
05.08.2021 01:00:04.904,1.35158,1.35145,1,1
05.08.2021 01:00:04.954,1.35156,1.35142,1,1.12
05.08.2021 01:00:05.105,1.35154,1.3514000000000002,1,2
05.08.2021 01:00:05.264,1.35155,1.35139,1,1.12
05.08.2021 01:00:07.947,1.35154,1.35138,1,1
05.08.2021 01:00:30.372,1.35153,1.3513600000000001,1,1.5
05.08.2021 01:00:34.027,1.3515100000000002,1.35135,1,1
05.08.2021 01:00:34.998,1.3515100000000002,1.35134,1,2.25
05.08.2021 01:00:35.536,1.3515000000000001,1.35135,1,2.37
05.08.2021 01:00:36.794,1.3515000000000001,1.35134,1,1.5
05.08.2021 01:00:36.895,1.3515000000000001,1.3513600000000001,1,1.12
05.08.2021 01:01:03.208,1.35153,1.3513700000000002,1,1
05.08.2021 01:01:03.309,1.35156,1.3514000000000002,1,1
05.08.2021 01:01:03.533,1.3515700000000002,1.35142,1,1
05.08.2021 01:01:04.102,1.35156,1.3514000000000002,1,1.12
05.08.2021 01:01:04.603,1.35156,1.3514000000000002,1.5,1
05.08.2021 01:01:05.040,1.35154,1.35138,1,2.62
05.08.2021 01:01:05.141,1.35152,1.35138,1,1.5
05.08.2021 01:01:05.623,1.35152,1.35138,1,1
05.08.2021 01:01:05.724,1.35154,1.35143,1,1
05.08.2021 01:01:05.774,1.3515700000000002,1.35143,1.5,1
05.08.2021 01:01:05.825,1.35158,1.35144,1,1
05.08.2021 01:01:05.925,1.3516000000000001,1.35145,1.62,1
05.08.2021 01:01:06.235,1.3516000000000001,1.35145,1.12,1
05.08.2021 01:01:06.286,1.35159,1.35142,1,1
05.08.2021 01:01:06.387,1.3516000000000001,1.35145,1.12,1
05.08.2021 01:01:07.947,1.35162,1.3514700000000002,1,1
05.08.2021 01:01:13.295,1.35159,1.35144,1,1
05.08.2021 01:01:13.507,1.3516000000000001,1.35145,1.12,1
05.08.2021 01:01:14.807,1.3516100000000002,1.35146,1.62,1
05.08.2021 01:01:15.009,1.35162,1.35145,1.5,1
05.08.2021 01:01:15.122,1.3516100000000002,1.35144,1,1
05.08.2021 01:01:21.241,1.3516000000000001,1.35144,1.12,1
05.08.2021 01:01:21.760,1.3516100000000002,1.35145,2.37,1
05.08.2021 01:01:22.150,1.35162,1.35145,1.62,1
05.08.2021 01:01:22.306,1.35162,1.35145,1.5,1
05.08.2021 01:01:22.459,1.3516000000000001,1.35145,1.12,1
05.08.2021 01:01:22.903,1.35162,1.35144,2.25,1
05.08.2021 01:01:23.004,1.3516000000000001,1.35145,1,1
05.08.2021 01:01:27.195,1.3516000000000001,1.35145,1.5,1
05.08.2021 01:01:31.083,1.35158,1.35143,1,1
05.08.2021 01:01:31.390,1.35159,1.35142,1.6,1
05.08.2021 01:01:41.671,1.35159,1.35144,1,1
05.08.2021 01:01:41.722,1.3516000000000001,1.35145,1,1
05.08.2021 01:01:41.823,1.35158,1.35146,1,1
05.08.2021 01:01:44.653,1.35158,1.35148,1,1
05.08.2021 01:01:44.754,1.35166,1.3515000000000001,1.6,1
05.08.2021 01:01:44.855,1.3516700000000001,1.35149,1.72,1
05.08.2021 01:01:45.157,1.35168,1.35148,1.72,1
05.08.2021 01:01:48.590,1.35165,1.3515000000000001,1,1
05.08.2021 01:01:48.796,1.35166,1.3515000000000001,1,1
05.08.2021 01:01:49.379,1.35168,1.3515100000000002,1,1
05.08.2021 01:01:49.480,1.35169,1.35153,2.45,1
05.08.2021 01:01:49.531,1.3517100000000002,1.35154,2.1,1
05.08.2021 01:01:49.682,1.3517000000000001,1.35155,1.5,1
05.08.2021 01:02:00.079,1.3517100000000002,1.35154,2.82,1
05.08.2021 01:02:00.255,1.3517100000000002,1.35152,1.5,1
05.08.2021 01:02:00.514,1.3517100000000002,1.35154,1.6,1
05.08.2021 01:02:00.616,1.3517100000000002,1.35154,1.5,1
05.08.2021 01:02:00.717,1.3517000000000001,1.35155,1.5,1
05.08.2021 01:02:01.256,1.35169,1.35152,1,1
05.08.2021 01:02:01.357,1.35169,1.35154,1.5,1
05.08.2021 01:02:01.458,1.35169,1.35154,1.12,1
05.08.2021 01:02:01.579,1.3517100000000002,1.35153,1.6,1
05.08.2021 01:02:05.904,1.3517000000000001,1.35154,1.62,1
05.08.2021 01:02:06.310,1.3517000000000001,1.35154,1.62,1
05.08.2021 01:02:08.437,1.35159,1.3515000000000001,1,1
05.08.2021 01:02:08.488,1.35159,1.35145,1.5,1.5
05.08.2021 01:02:08.539,1.3516100000000002,1.3514700000000002,1,1.5
05.08.2021 01:02:08.640,1.35164,1.35148,1.12,1
05.08.2021 01:02:11.189,1.35159,1.35146,1,1
05.08.2021 01:02:11.290,1.3515700000000002,1.35141,1,1.12
05.08.2021 01:02:11.441,1.35155,1.35139,1,1
05.08.2021 01:02:13.482,1.35156,1.35142,1.12,1
05.08.2021 01:02:13.777,1.35155,1.35139,1,1
05.08.2021 01:02:17.096,1.35152,1.3513600000000001,1,1
05.08.2021 01:02:26.498,1.35156,1.35139,1.8,1
05.08.2021 01:02:30.090,1.3515700000000002,1.35143,1.3,1
05.08.2021 01:02:30.191,1.35159,1.35143,1.3,1
05.08.2021 01:02:36.333,1.3516100000000002,1.3514700000000002,1.3,1
05.08.2021 01:02:36.597,1.3516299999999999,1.35148,1,1
05.08.2021 01:02:36.648,1.3516299999999999,1.3515000000000001,1.12,1
05.08.2021 01:02:36.813,1.35165,1.3515000000000001,1,1
05.08.2021 01:02:36.969,1.35164,1.3515100000000002,1,1
05.08.2021 01:02:37.882,1.35166,1.3515100000000002,1.6,1
05.08.2021 01:02:37.983,1.3516700000000001,1.3515100000000002,1.1,1
05.08.2021 01:02:40.418,1.35165,1.3515000000000001,1,1
05.08.2021 01:02:40.469,1.35162,1.35148,1,1
05.08.2021 01:02:40.570,1.3516299999999999,1.3514700000000002,1,1
05.08.2021 01:02:40.671,1.35159,1.35146,1,1
05.08.2021 01:02:42.992,1.3516000000000001,1.3514700000000002,1.5,1
05.08.2021 01:02:43.219,1.3516100000000002,1.35146,1.5,1
05.08.2021 01:02:43.380,1.3516000000000001,1.3514700000000002,1,1
05.08.2021 01:02:49.920,1.3516100000000002,1.35145,1.5,1
05.08.2021 01:02:50.280,1.35159,1.35146,1,1
05.08.2021 01:02:50.331,1.3516100000000002,1.35143,1.57,1
05.08.2021 01:02:51.562,1.3516100000000002,1.35143,2.07,1
05.08.2021 01:02:53.651,1.35159,1.35141,1.22,1
05.08.2021 01:02:53.752,1.3515700000000002,1.35142,1.6,1
05.08.2021 01:02:55.447,1.35158,1.35142,1.85,1
05.08.2021 01:02:56.750,1.35159,1.35143,4.97,1
05.08.2021 01:02:57.165,1.35159,1.35144,4.97,1
05.08.2021 01:02:57.266,1.3516000000000001,1.35143,3.47,1
05.08.2021 01:02:57.548,1.3516100000000002,1.35146,1.5,1
05.08.2021 01:02:57.649,1.35159,1.3514700000000002,1,1
05.08.2021 01:02:59.995,1.35158,1.35146,1,1
05.08.2021 01:03:00.046,1.35159,1.35141,1,1
05.08.2021 01:03:00.197,1.3515700000000002,1.35141,1.12,1
05.08.2021 01:03:00.449,1.35159,1.35142,2.07,1
05.08.2021 01:03:01.339,1.35159,1.35142,2.26,1
05.08.2021 01:03:02.355,1.35159,1.35142,1.6,1
05.08.2021 01:03:13.382,1.35159,1.35142,1.6,1
05.08.2021 01:03:20.409,1.35158,1.35143,1.7,1
05.08.2021 01:03:22.339,1.35158,1.35144,1.7,1
05.08.2021 01:03:22.440,1.35158,1.35145,1.62,1
05.08.2021 01:03:22.490,1.35158,1.35143,1.62,1
05.08.2021 01:03:23.426,1.35158,1.35143,1.62,1
05.08.2021 01:03:24.992,1.35158,1.35144,1.62,1
05.08.2021 01:03:27.612,1.3516100000000002,1.35144,1.12,1
05.08.2021 01:03:27.663,1.3516100000000002,1.35149,1,1
05.08.2021 01:03:27.713,1.35164,1.3515000000000001,1.12,1
05.08.2021 01:03:27.814,1.3516700000000001,1.35152,2,1
05.08.2021 01:03:27.915,1.35168,1.35152,1.5,1
05.08.2021 01:03:28.016,1.3517100000000002,1.35156,2.37,1
05.08.2021 01:03:28.217,1.35172,1.35155,1,1
05.08.2021 01:03:32.285,1.35174,1.3515700000000002,2,1
05.08.2021 01:03:32.695,1.35173,1.3515700000000002,2,1
05.08.2021 01:03:34.448,1.35172,1.3515700000000002,1,1
05.08.2021 01:03:38.565,1.3517100000000002,1.3515700000000002,1,1
05.08.2021 01:03:41.573,1.3516700000000001,1.35149,1,1.5
05.08.2021 01:03:45.144,1.35168,1.35153,1,1
05.08.2021 01:03:45.346,1.35168,1.3515100000000002,1,1.22
05.08.2021 01:03:46.873,1.3517000000000001,1.35152,1,1.5
05.08.2021 01:03:47.969,1.3517100000000002,1.35154,1,1.5
05.08.2021 01:03:48.020,1.35173,1.35155,1,1.12
05.08.2021 01:03:48.121,1.35174,1.3515700000000002,1,1
05.08.2021 01:03:48.171,1.35175,1.35159,1,1.12
05.08.2021 01:03:48.674,1.35173,1.35159,1,1.12
05.08.2021 01:03:49.024,1.35174,1.3515700000000002,1,1.12
05.08.2021 01:04:04.073,1.35173,1.35156,1,1.5
05.08.2021 01:04:04.175,1.3517100000000002,1.35156,1,1.5
05.08.2021 01:04:04.276,1.3517100000000002,1.35156,1,1.12
05.08.2021 01:04:05.020,1.35174,1.35156,1,1
05.08.2021 01:04:12.244,1.3517100000000002,1.35156,1,1.5
05.08.2021 01:04:16.616,1.3517000000000001,1.35155,1,1.5
05.08.2021 01:04:16.717,1.35169,1.35155,1,1
05.08.2021 01:04:19.908,1.35169,1.35153,1,1.12
05.08.2021 01:04:24.554,1.3516700000000001,1.35152,1,1.12
05.08.2021 01:04:24.705,1.35166,1.3515000000000001,1,2
05.08.2021 01:04:25.622,1.35166,1.3515000000000001,1,1.12
05.08.2021 01:04:31.475,1.35166,1.3515000000000001,1,1.5
05.08.2021 01:04:32.970,1.35166,1.3515000000000001,1,1.12
05.08.2021 01:04:41.828,1.35165,1.3515000000000001,1,1.12
05.08.2021 01:04:42.048,1.35165,1.35148,1,1.7
05.08.2021 01:04:43.048,1.35164,1.35154,1,1
05.08.2021 01:04:45.083,1.3516299999999999,1.35154,1,1
05.08.2021 01:04:48.684,1.35165,1.35153,1,1
05.08.2021 01:04:55.238,1.35165,1.35148,1,1
05.08.2021 01:04:55.339,1.3516299999999999,1.35148,1,1
05.08.2021 01:04:58.194,1.35164,1.35149,1,1.12
05.08.2021 01:04:58.245,1.3516700000000001,1.35149,1,1
05.08.2021 01:04:58.402,1.3516700000000001,1.35149,1,1.5
05.08.2021 01:04:58.504,1.3516700000000001,1.35149,1,1.5
05.08.2021 01:04:58.555,1.3516700000000001,1.35152,1,1
05.08.2021 01:04:58.819,1.35165,1.3515000000000001,1,1.6
05.08.2021 01:05:02.321,1.35165,1.3515000000000001,1,1.6
05.08.2021 01:05:15.383,1.35164,1.35149,1,1.62
05.08.2021 01:05:15.602,1.35165,1.35148,1,1.5
05.08.2021 01:05:16.052,1.35165,1.3515100000000002,1,1
05.08.2021 01:05:29.020,1.3516299999999999,1.3515100000000002,1,1
05.08.2021 01:05:29.071,1.35162,1.3514700000000002,1,1.62
05.08.2021 01:05:29.229,1.35162,1.3514700000000002,1,1.87
05.08.2021 01:05:32.498,1.3516100000000002,1.35144,1,1.62
05.08.2021 01:05:32.599,1.3516100000000002,1.35144,1,1.5
05.08.2021 01:06:14.341,1.35159,1.35144,1,1
05.08.2021 01:06:14.442,1.35158,1.35141,1,1.62
05.08.2021 01:06:14.593,1.35156,1.3514000000000002,1,1
05.08.2021 01:06:14.744,1.35156,1.35139,1,1.12
05.08.2021 01:06:14.996,1.35152,1.35138,1,1
05.08.2021 01:06:15.046,1.35152,1.3513600000000001,1,1.5
05.08.2021 01:06:15.147,1.35149,1.3513600000000001,1,1
05.08.2021 01:06:15.248,1.35149,1.35135,1,1.12
05.08.2021 01:06:20.277,1.3515000000000001,1.35134,1,1
05.08.2021 01:06:20.328,1.3515100000000002,1.3513600000000001,1,1.12
05.08.2021 01:06:26.049,1.3515100000000002,1.35138,1,1
05.08.2021 01:06:26.100,1.35154,1.35138,1,1.5
05.08.2021 01:06:26.201,1.35153,1.35138,1,1
05.08.2021 01:06:26.862,1.35153,1.35138,1,1.62
05.08.2021 01:06:27.863,1.35153,1.35138,1,1.62
05.08.2021 01:06:28.863,1.35154,1.3513700000000002,1,1.5
05.08.2021 01:06:29.320,1.35154,1.35139,1,1.5
05.08.2021 01:06:29.620,1.35154,1.35139,1,1.62
05.08.2021 01:06:55.127,1.35155,1.35139,1,1
05.08.2021 01:07:01.189,1.3515700000000002,1.3514000000000002,1,1
05.08.2021 01:07:06.862,1.3515700000000002,1.3514000000000002,1,1
05.08.2021 01:07:06.963,1.35158,1.35141,1,1
05.08.2021 01:07:07.546,1.35158,1.35141,1,1
05.08.2021 01:07:10.541,1.35158,1.35142,1,1
05.08.2021 01:07:11.950,1.35158,1.35142,1,1
05.08.2021 01:07:38.659,1.35158,1.35143,1,1.12
05.08.2021 01:07:38.760,1.35158,1.35143,1,1.5
05.08.2021 01:07:47.054,1.35158,1.35141,1,1
05.08.2021 01:07:49.019,1.35158,1.35143,1,1
05.08.2021 01:07:49.120,1.3516000000000001,1.35145,1,1
05.08.2021 01:07:49.171,1.3516299999999999,1.35145,1,2.37
05.08.2021 01:07:49.272,1.3516299999999999,1.3514700000000002,1,1.5
05.08.2021 01:07:49.373,1.35164,1.35149,1,1
05.08.2021 01:07:53.461,1.35164,1.35146,1,1.5
05.08.2021 01:07:54.022,1.35162,1.3514700000000002,1,1.5
05.08.2021 01:07:54.948,1.3516100000000002,1.3514700000000002,1,1.5
05.08.2021 01:07:55.049,1.3516000000000001,1.35143,1,1.5
05.08.2021 01:07:55.150,1.3515700000000002,1.35144,1,1.5
05.08.2021 01:07:55.251,1.3515700000000002,1.35143,1,1
05.08.2021 01:07:55.485,1.35158,1.35144,1,1
05.08.2021 01:08:00.428,1.3516000000000001,1.35143,1,1.5
05.08.2021 01:08:00.579,1.35158,1.35142,1,1.62
05.08.2021 01:08:03.293,1.3516000000000001,1.35142,1,1.5
05.08.2021 01:08:06.247,1.3516100000000002,1.35142,1,1.5
05.08.2021 01:08:06.358,1.35159,1.35144,1,1.5
05.08.2021 01:08:06.603,1.3516000000000001,1.35143,1,1.5
05.08.2021 01:08:08.924,1.35162,1.3514700000000002,1,1
05.08.2021 01:08:09.025,1.35164,1.35148,1,1
05.08.2021 01:08:09.453,1.35165,1.35149,1,1
05.08.2021 01:08:13.070,1.35166,1.35148,1,1.62
05.08.2021 01:08:13.171,1.35166,1.35148,1,1.62
05.08.2021 01:08:13.734,1.35166,1.3515000000000001,1,1.5
05.08.2021 01:08:13.835,1.35168,1.35153,1,1
05.08.2021 01:08:14.087,1.35168,1.3515100000000002,1,1
05.08.2021 01:08:17.823,1.35168,1.35154,1,1.12
05.08.2021 01:08:19.219,1.3517000000000001,1.35153,1,1.5
05.08.2021 01:08:19.745,1.3517100000000002,1.35154,1,1.12
05.08.2021 01:08:19.964,1.3517100000000002,1.35154,1,1.5
05.08.2021 01:08:21.949,1.3517000000000001,1.35155,1,1.12
05.08.2021 01:08:23.868,1.3517100000000002,1.35154,1,1.5
05.08.2021 01:08:45.790,1.3517100000000002,1.35155,1,1.5
05.08.2021 01:09:12.662,1.3517000000000001,1.35162,1,1.5
05.08.2021 01:09:12.712,1.35175,1.35162,1,1.87
05.08.2021 01:09:12.763,1.35179,1.35164,2,1.5
05.08.2021 01:09:12.814,1.3518000000000001,1.35165,1.12,1.12
05.08.2021 01:09:12.915,1.3518000000000001,1.35168,1,1
05.08.2021 01:09:12.965,1.35184,1.3516700000000001,1,1.5
05.08.2021 01:09:13.116,1.35184,1.35168,1,2.7
05.08.2021 01:09:13.167,1.35185,1.35168,1,1.6
05.08.2021 01:09:13.272,1.35186,1.3517100000000002,1,1
05.08.2021 01:09:13.373,1.35186,1.3517100000000002,1,1
05.08.2021 01:09:13.625,1.35183,1.35168,1,1.1
05.08.2021 01:09:13.726,1.3518200000000002,1.35166,1,1.89
05.08.2021 01:09:13.777,1.35184,1.35166,1,1.7
05.08.2021 01:09:13.878,1.35184,1.35166,1,1.72
05.08.2021 01:09:14.173,1.35183,1.3516700000000001,1,1.7
05.08.2021 01:09:14.223,1.3518200000000002,1.35166,1,1.7
05.08.2021 01:09:14.542,1.3518200000000002,1.35168,1,1
05.08.2021 01:09:14.907,1.3518100000000002,1.35166,1,3.22
05.08.2021 01:09:16.077,1.3518100000000002,1.35166,1,1
05.08.2021 01:09:16.184,1.3518200000000002,1.35165,1,1
05.08.2021 01:09:16.368,1.3518100000000002,1.35165,1,1
05.08.2021 01:09:16.469,1.3518100000000002,1.35165,1,1
05.08.2021 01:09:18.644,1.3517700000000001,1.35166,1,1
05.08.2021 01:09:19.139,1.35178,1.35164,1,1
05.08.2021 01:09:19.914,1.3517700000000001,1.35165,1,1
05.08.2021 01:09:20.099,1.35178,1.35164,1,1
05.08.2021 01:09:23.100,1.35178,1.35165,1,1
05.08.2021 01:09:24.732,1.35178,1.35164,1,1.62
05.08.2021 01:09:24.833,1.3518000000000001,1.35165,1,1.6
05.08.2021 01:09:24.883,1.35183,1.35165,1,2.1
05.08.2021 01:09:24.934,1.35184,1.3516700000000001,1,1.6
05.08.2021 01:09:25.035,1.35185,1.35169,1,1
05.08.2021 01:09:25.894,1.35184,1.3517000000000001,1,1
05.08.2021 01:09:36.008,1.35185,1.3517000000000001,1,1
05.08.2021 01:09:36.059,1.35186,1.3517100000000002,1,1
05.08.2021 01:09:36.210,1.35186,1.3517100000000002,1,1
05.08.2021 01:09:36.260,1.35185,1.3517000000000001,1,1
05.08.2021 01:09:36.364,1.35185,1.3517000000000001,1,1
05.08.2021 01:09:36.465,1.35184,1.35173,1,1
05.08.2021 01:09:37.119,1.35183,1.35172,1,1
05.08.2021 01:09:37.264,1.35185,1.35172,1,1
05.08.2021 01:09:37.365,1.35185,1.35169,1,1
05.08.2021 01:09:37.466,1.35185,1.35169,1,1
05.08.2021 01:09:37.674,1.35185,1.35169,1,1
05.08.2021 01:09:42.789,1.35184,1.3517000000000001,1,1.87
05.08.2021 01:09:43.697,1.35184,1.35169,1,1.5
05.08.2021 01:09:56.564,1.35185,1.35168,1,2
05.08.2021 01:09:56.665,1.35184,1.35169,1,2
05.08.2021 01:09:56.767,1.35185,1.35169,1,1.7
05.08.2021 01:09:59.323,1.35185,1.35169,1,1.7
05.08.2021 01:10:02.004,1.35186,1.3517100000000002,1,1.5
05.08.2021 01:10:02.212,1.3518700000000001,1.3517000000000001,1,1.5
05.08.2021 01:10:04.618,1.3518700000000001,1.3517000000000001,1,2
05.08.2021 01:10:05.589,1.35186,1.3517100000000002,1,2
05.08.2021 01:10:05.657,1.35189,1.35172,1,1.12
05.08.2021 01:10:06.175,1.35188,1.35173,1,1.5
05.08.2021 01:10:06.276,1.3518700000000001,1.3517100000000002,1,2.37
05.08.2021 01:10:06.377,1.35188,1.3517100000000002,1,1.5
05.08.2021 01:10:06.479,1.3518700000000001,1.35172,1,1.5
05.08.2021 01:10:08.289,1.35188,1.3517100000000002,1,1.5
05.08.2021 01:10:08.390,1.3518700000000001,1.35172,1,1.5
05.08.2021 01:10:08.548,1.3518700000000001,1.35172,1,2.47
05.08.2021 01:10:08.599,1.3519,1.35174,1,1
05.08.2021 01:10:08.700,1.35194,1.35179,1,1
05.08.2021 01:10:08.751,1.3519700000000001,1.35179,1,1.5
05.08.2021 01:10:08.852,1.35199,1.35186,1,1
05.08.2021 01:10:08.902,1.3520200000000002,1.35185,1,1
05.08.2021 01:10:09.004,1.35203,1.35186,1,1
05.08.2021 01:10:09.055,1.35205,1.35189,1,1
05.08.2021 01:10:09.206,1.3520400000000001,1.3519200000000002,1,1
05.08.2021 01:10:09.311,1.3520400000000001,1.35189,1,1.5
05.08.2021 01:10:09.669,1.35205,1.35186,1,2.47
05.08.2021 01:10:09.771,1.35203,1.35186,1,3.22
05.08.2021 01:10:10.145,1.35203,1.35186,1,3.22
05.08.2021 01:10:10.246,1.35205,1.3518700000000001,1,1.6
05.08.2021 01:10:10.347,1.3520400000000001,1.3518700000000001,1,1.6
05.08.2021 01:10:12.222,1.35205,1.35188,1,1.5
05.08.2021 01:10:12.343,1.35205,1.35188,1,1.5
05.08.2021 01:10:12.444,1.3520400000000001,1.35194,1,1
05.08.2021 01:10:12.495,1.3521,1.35196,1,1
05.08.2021 01:10:12.596,1.35205,1.3519,1,1.5
05.08.2021 01:10:12.697,1.35205,1.3519,1,1.5
05.08.2021 01:10:12.798,1.35206,1.35189,1,1.5
05.08.2021 01:10:13.075,1.35206,1.35189,1,1.5
05.08.2021 01:10:13.173,1.35206,1.35189,1,1.5
05.08.2021 01:10:13.274,1.35205,1.3519,1,1.12
05.08.2021 01:10:13.570,1.3520400000000001,1.35188,1,1.5
05.08.2021 01:10:13.682,1.3520400000000001,1.35188,1,1.5
05.08.2021 01:10:14.556,1.3520400000000001,1.35188,1,1.5
05.08.2021 01:10:14.657,1.3521,1.35198,1,1
05.08.2021 01:10:14.708,1.3521100000000001,1.35196,1,1
05.08.2021 01:10:14.758,1.35209,1.35193,1,1.5
05.08.2021 01:10:14.859,1.35208,1.3519200000000002,1,1.62
05.08.2021 01:10:14.960,1.35207,1.3519,1,1.5
05.08.2021 01:10:15.064,1.35206,1.3519100000000002,1,1.5
05.08.2021 01:10:15.939,1.35207,1.3519,1,1.5
05.08.2021 01:10:17.794,1.35207,1.3519,1,1.5
05.08.2021 01:10:17.894,1.3520400000000001,1.35189,1,1.5
05.08.2021 01:10:17.995,1.3520200000000002,1.35185,1,2.45
05.08.2021 01:10:18.096,1.3520200000000002,1.35185,1,1.5
05.08.2021 01:10:18.466,1.35203,1.3518700000000001,1,1.5
05.08.2021 01:10:18.567,1.35203,1.3518700000000001,1,1.12
05.08.2021 01:10:19.078,1.352,1.35186,1,1.5
05.08.2021 01:10:19.179,1.35195,1.3518100000000002,1,1.62
05.08.2021 01:10:19.229,1.35196,1.3518000000000001,1,1.62
05.08.2021 01:10:19.331,1.35196,1.3518000000000001,1,1.12
05.08.2021 01:10:19.488,1.35194,1.3518000000000001,1,1.5
05.08.2021 01:10:19.589,1.35195,1.35179,1,1.12
05.08.2021 01:10:19.854,1.35196,1.3518000000000001,1,1
05.08.2021 01:10:20.113,1.35196,1.35179,1,1.12
05.08.2021 01:10:20.293,1.35198,1.3518100000000002,1,1
05.08.2021 01:10:27.697,1.35196,1.35179,1,1.12
05.08.2021 01:10:27.999,1.35193,1.35178,1,1.5
05.08.2021 01:10:28.150,1.35193,1.35176,1,1.12
05.08.2021 01:10:28.252,1.35195,1.3517700000000001,1,1
05.08.2021 01:10:29.936,1.3519200000000002,1.35175,1,1.5
05.08.2021 01:10:30.087,1.3519200000000002,1.35175,1,1.5
05.08.2021 01:10:35.631,1.3519100000000002,1.35176,1,1.5
05.08.2021 01:10:42.410,1.3519200000000002,1.35175,1,1.62
05.08.2021 01:10:44.038,1.3519200000000002,1.35175,1,1.12
05.08.2021 01:10:44.139,1.35189,1.35172,1,1.5
05.08.2021 01:10:44.280,1.35188,1.35173,1,1.5
05.08.2021 01:10:44.382,1.35188,1.35173,1,1.5
05.08.2021 01:10:44.505,1.35188,1.35173,1,1.12
05.08.2021 01:10:49.779,1.35189,1.35172,1,1.5
05.08.2021 01:10:49.981,1.35188,1.35173,1,1.12
05.08.2021 01:10:57.213,1.35185,1.3517000000000001,1,1.5
05.08.2021 01:10:57.388,1.35185,1.3517000000000001,1,1.5
05.08.2021 01:10:58.465,1.35186,1.35169,1,1.12
05.08.2021 01:10:58.616,1.35186,1.35169,1,1.5
05.08.2021 01:10:58.718,1.35183,1.35169,1,1
05.08.2021 01:10:59.122,1.35184,1.35168,1,1
05.08.2021 01:10:59.312,1.35183,1.35166,1,1.62
05.08.2021 01:11:00.067,1.35184,1.35166,1,1.62
05.08.2021 01:11:01.333,1.35183,1.35166,1.12,1
05.08.2021 01:11:01.719,1.35183,1.35166,1.12,1
05.08.2021 01:11:01.885,1.3518200000000002,1.3516700000000001,1.12,1
05.08.2021 01:11:02.657,1.35183,1.35166,1.12,1
05.08.2021 01:11:02.861,1.3518200000000002,1.35166,1,1
05.08.2021 01:11:07.240,1.35179,1.35166,1,1
05.08.2021 01:11:07.341,1.35178,1.3516299999999999,1,1.5
05.08.2021 01:11:07.392,1.35179,1.3516299999999999,1.5,1
05.08.2021 01:11:07.493,1.35178,1.3516299999999999,1.12,1
05.08.2021 01:11:07.594,1.3517700000000001,1.3516000000000001,1,1.62
05.08.2021 01:11:08.068,1.35176,1.35159,1,1.5
05.08.2021 01:11:08.169,1.35175,1.3516000000000001,1,1.5
05.08.2021 01:11:08.270,1.35176,1.35159,1,1.12
05.08.2021 01:11:24.312,1.35173,1.35158,1,1.62
05.08.2021 01:11:24.413,1.35173,1.3515700000000002,1,1
05.08.2021 01:11:25.102,1.35173,1.35158,1,1.5
05.08.2021 01:11:31.079,1.35175,1.3516000000000001,1,1
05.08.2021 01:11:31.130,1.35178,1.3516000000000001,1,1
05.08.2021 01:11:31.288,1.35179,1.35162,1,1
05.08.2021 01:11:34.055,1.3518100000000002,1.3516299999999999,1,1
05.08.2021 01:11:34.156,1.3518100000000002,1.35165,1.1,1
05.08.2021 01:11:34.206,1.35179,1.35164,1,1
05.08.2021 01:11:45.375,1.35179,1.3516299999999999,1,1
05.08.2021 01:11:45.635,1.3518000000000001,1.3516299999999999,1,1
05.08.2021 01:11:45.780,1.35178,1.3516299999999999,1,1
05.08.2021 01:11:46.351,1.35178,1.3516100000000002,1,1
05.08.2021 01:11:49.984,1.35176,1.35159,1,1
05.08.2021 01:11:51.873,1.35178,1.3516000000000001,1.2,1
05.08.2021 01:11:51.974,1.35175,1.3516000000000001,1,1
05.08.2021 01:11:57.758,1.3517700000000001,1.35162,1.2,1
05.08.2021 01:12:01.302,1.35179,1.35162,1,1
05.08.2021 01:12:03.727,1.35179,1.3516100000000002,1,1
05.08.2021 01:12:13.275,1.3518000000000001,1.35162,1,1
05.08.2021 01:12:15.303,1.3517700000000001,1.35162,1,1
05.08.2021 01:12:17.343,1.35179,1.35164,1,1
05.08.2021 01:12:17.772,1.3518000000000001,1.35164,1,1
05.08.2021 01:12:17.823,1.3518200000000002,1.35165,1.5,1
05.08.2021 01:12:18.024,1.35179,1.35165,1,1
05.08.2021 01:12:18.176,1.3518200000000002,1.35166,1,1
05.08.2021 01:12:40.301,1.35185,1.3516700000000001,1.5,1
05.08.2021 01:12:40.402,1.35184,1.35168,1.12,1
05.08.2021 01:12:40.453,1.35188,1.3517100000000002,2.37,1
05.08.2021 01:12:40.504,1.35188,1.3517100000000002,1.5,1
05.08.2021 01:12:40.708,1.3519,1.35174,1.5,1
05.08.2021 01:12:40.859,1.3519100000000002,1.35173,1.5,1
05.08.2021 01:12:40.960,1.3519,1.35174,1.5,1
05.08.2021 01:12:41.799,1.3519100000000002,1.35173,1.12,1
05.08.2021 01:12:58.158,1.3519,1.35174,1,1
05.08.2021 01:12:58.523,1.35193,1.35176,1.5,1
05.08.2021 01:12:59.046,1.35194,1.3517700000000001,1,1
05.08.2021 01:13:00.071,1.3519200000000002,1.35175,1,1
05.08.2021 01:13:12.357,1.35193,1.3517700000000001,1,1
05.08.2021 01:13:15.972,1.3519100000000002,1.3517700000000001,1,1
05.08.2021 01:13:16.183,1.3519200000000002,1.35178,1,1
05.08.2021 01:13:28.317,1.35195,1.35178,1,1
05.08.2021 01:13:28.519,1.35196,1.3518000000000001,1,1
05.08.2021 01:13:31.285,1.3519700000000001,1.3518100000000002,1,1
05.08.2021 01:14:10.420,1.35199,1.35183,1,1
05.08.2021 01:14:30.159,1.35199,1.35186,1,1
05.08.2021 01:14:30.424,1.35199,1.3518700000000001,1,1
05.08.2021 01:14:32.302,1.3520200000000002,1.35186,1,1
05.08.2021 01:14:32.698,1.35205,1.3519100000000002,1,1
05.08.2021 01:14:32.799,1.35208,1.35193,1,1
05.08.2021 01:14:34.689,1.35208,1.35194,1,1
05.08.2021 01:14:37.145,1.35208,1.3519200000000002,1,1
05.08.2021 01:14:45.000,1.3521100000000001,1.35195,1,1
05.08.2021 01:14:45.488,1.3521200000000002,1.35195,1,1
05.08.2021 01:14:47.300,1.35213,1.3519700000000001,1,1
05.08.2021 01:14:47.401,1.3521400000000001,1.3519700000000001,1,1
05.08.2021 01:14:47.953,1.35213,1.3519700000000001,1,1
05.08.2021 01:14:48.593,1.35213,1.35199,1,1
05.08.2021 01:14:49.560,1.35216,1.3520200000000002,1,1
05.08.2021 01:14:49.749,1.35217,1.352,1,1
05.08.2021 01:14:55.702,1.35215,1.35199,1,1
05.08.2021 01:14:55.803,1.35219,1.35205,1,1
05.08.2021 01:14:55.904,1.3522,1.35203,1,1.5
05.08.2021 01:14:56.055,1.35219,1.35205,1,1
05.08.2021 01:14:57.729,1.3522,1.3520100000000002,1,1
05.08.2021 01:14:57.780,1.35219,1.3520400000000001,1,1
05.08.2021 01:15:00.105,1.35219,1.3520200000000002,1,1
05.08.2021 01:15:00.206,1.35218,1.3519700000000001,1,1.5
05.08.2021 01:15:00.357,1.35217,1.35196,1,2.62
05.08.2021 01:15:01.328,1.35218,1.35198,1,1
05.08.2021 01:15:01.602,1.35218,1.35199,1,1
05.08.2021 01:15:01.703,1.35217,1.3520100000000002,1,1
05.08.2021 01:15:02.943,1.35218,1.35203,1,1
05.08.2021 01:15:03.423,1.3522,1.35203,1,1
05.08.2021 01:15:06.173,1.3522,1.3520400000000001,1,1.5
05.08.2021 01:15:06.563,1.3522200000000002,1.35206,1,1
05.08.2021 01:15:06.880,1.3522500000000002,1.35216,1.5,1
05.08.2021 01:15:06.931,1.3523100000000001,1.35217,2.06,1
05.08.2021 01:15:07.083,1.3523200000000002,1.35215,1.12,1
05.08.2021 01:15:07.336,1.35228,1.35213,1,1.5
05.08.2021 01:15:07.438,1.35224,1.35208,1,1.12
05.08.2021 01:15:07.539,1.3522500000000002,1.35206,1,1
05.08.2021 01:15:07.590,1.35226,1.35203,1,1.6
05.08.2021 01:15:07.641,1.35223,1.35203,1,1.5
05.08.2021 01:15:07.692,1.3522200000000002,1.3520200000000002,1,1
05.08.2021 01:15:07.825,1.3522200000000002,1.352,1,1.72
05.08.2021 01:15:07.969,1.35223,1.35199,1,1.57
05.08.2021 01:15:12.467,1.3522200000000002,1.35199,1,1
05.08.2021 01:15:20.707,1.3521400000000001,1.35198,1,1.2
05.08.2021 01:15:20.808,1.35213,1.35196,1,1.2
05.08.2021 01:15:25.676,1.3521200000000002,1.35196,1,1.1
05.08.2021 01:15:25.777,1.3521,1.35195,1,1
05.08.2021 01:15:25.828,1.3521,1.3519200000000002,1,1
05.08.2021 01:15:25.878,1.35208,1.3519,1,1.62
05.08.2021 01:15:25.980,1.35198,1.3518700000000001,1,1.12
05.08.2021 01:15:26.030,1.3520100000000002,1.35184,1,1
05.08.2021 01:15:26.131,1.3519700000000001,1.35183,1,1.1
05.08.2021 01:15:27.214,1.35196,1.3518000000000001,1,1
05.08.2021 01:15:27.315,1.35194,1.35178,1,1
05.08.2021 01:15:27.416,1.3519100000000002,1.35175,1,1
05.08.2021 01:16:06.986,1.35188,1.35174,1,1
05.08.2021 01:16:07.037,1.3519,1.35175,1,1
05.08.2021 01:16:07.088,1.35195,1.35178,2.37,1
05.08.2021 01:16:07.189,1.3519200000000002,1.3517700000000001,1.12,1
05.08.2021 01:16:11.951,1.35194,1.35176,1.5,1
05.08.2021 01:16:12.002,1.3519100000000002,1.35175,1.12,1
05.08.2021 01:16:21.476,1.3519200000000002,1.35176,1.87,1
05.08.2021 01:16:26.808,1.3519100000000002,1.35175,1,1
05.08.2021 01:16:26.997,1.3519,1.35175,1,1
05.08.2021 01:17:00.256,1.35188,1.35174,1,1
05.08.2021 01:17:01.843,1.3519100000000002,1.35174,1,1
05.08.2021 01:17:01.944,1.3519100000000002,1.35175,1,1
05.08.2021 01:17:22.780,1.35189,1.35175,1,1
05.08.2021 01:18:34.112,1.35188,1.35174,1,1
05.08.2021 01:18:48.432,1.3518700000000001,1.3517000000000001,1,1.5
05.08.2021 01:18:48.670,1.35186,1.3517100000000002,1,1.12
05.08.2021 01:19:05.622,1.35186,1.35168,1,1.1
05.08.2021 01:19:28.389,1.35185,1.35168,1,1.1
05.08.2021 01:19:41.490,1.35183,1.35168,1,1.57
05.08.2021 01:19:41.540,1.3518100000000002,1.35168,1,1
05.08.2021 01:19:41.641,1.3518200000000002,1.35165,1,2.47
05.08.2021 01:19:41.742,1.35174,1.35166,1,1
05.08.2021 01:19:41.793,1.35176,1.35162,1,1.81
05.08.2021 01:19:41.844,1.3517700000000001,1.3516000000000001,1,1.6
05.08.2021 01:19:41.946,1.3517700000000001,1.3516000000000001,1,1.6
05.08.2021 01:19:42.047,1.35176,1.3516100000000002,1,1.2
05.08.2021 01:19:42.148,1.35176,1.35158,1,1.5
05.08.2021 01:19:42.249,1.35176,1.35158,1,1.5
05.08.2021 01:19:42.382,1.35175,1.35159,1,1.12
05.08.2021 01:20:11.793,1.35175,1.35159,1,1.62
05.08.2021 01:20:11.995,1.35175,1.3516000000000001,1,1
05.08.2021 01:20:12.096,1.35176,1.35158,1,1.7
05.08.2021 01:20:15.798,1.35175,1.3516000000000001,1,1.5
05.08.2021 01:20:27.369,1.3517700000000001,1.35162,1,1.12
05.08.2021 01:20:27.471,1.35179,1.35162,1,1
05.08.2021 01:20:37.098,1.35179,1.3516299999999999,1,1.12
05.08.2021 01:20:37.614,1.3518000000000001,1.35162,1,1.62
05.08.2021 01:20:48.168,1.35179,1.35164,1,1.5
05.08.2021 01:20:48.269,1.35179,1.35164,1,1.12
05.08.2021 01:20:48.385,1.35179,1.35164,1,1.5
05.08.2021 01:20:48.874,1.3518100000000002,1.35162,1,1.62
05.08.2021 01:21:20.502,1.3518200000000002,1.35165,1,1
05.08.2021 01:21:20.603,1.3518200000000002,1.3516700000000001,1,1.12
05.08.2021 01:21:20.724,1.3518200000000002,1.3516700000000001,1,1.5
05.08.2021 01:21:21.168,1.3518200000000002,1.3516700000000001,1,1.5
05.08.2021 01:21:21.928,1.3518200000000002,1.3516700000000001,1,2.37
05.08.2021 01:21:30.742,1.35183,1.35166,1,2.25
05.08.2021 01:21:31.374,1.35185,1.3516700000000001,1,1.1
05.08.2021 01:21:31.424,1.3518700000000001,1.3517000000000001,1,1
05.08.2021 01:21:31.787,1.3518700000000001,1.35168,1,1.2
05.08.2021 01:21:31.888,1.3518700000000001,1.35168,1,1.7
05.08.2021 01:21:53.341,1.35188,1.3517000000000001,1,1
05.08.2021 01:21:54.599,1.3518700000000001,1.3517100000000002,1,1.62
05.08.2021 01:22:02.302,1.3518700000000001,1.3517100000000002,1,1.62
05.08.2021 01:22:02.402,1.3519100000000002,1.35174,1,1
05.08.2021 01:22:02.687,1.35189,1.3517100000000002,1,1.62
05.08.2021 01:22:02.838,1.35189,1.35173,1,1.12
05.08.2021 01:22:03.712,1.3519,1.35172,1,1.62
05.08.2021 01:22:03.813,1.35189,1.3517100000000002,1,2.75
05.08.2021 01:22:04.115,1.35189,1.3517100000000002,1,1
05.08.2021 01:22:04.298,1.35189,1.3517000000000001,1,3
05.08.2021 01:22:18.269,1.35186,1.3517000000000001,1,1
05.08.2021 01:22:18.690,1.35185,1.35168,1,1.7
05.08.2021 01:22:20.619,1.35184,1.3516700000000001,1,1.5
05.08.2021 01:22:20.720,1.35184,1.3516700000000001,1,1
05.08.2021 01:22:24.676,1.35185,1.35168,1,1.1
05.08.2021 01:22:34.315,1.3518700000000001,1.35169,1,1
05.08.2021 01:22:34.548,1.35186,1.35168,1,1
05.08.2021 01:22:34.649,1.35185,1.3517000000000001,1,1
05.08.2021 01:22:34.850,1.35185,1.3516700000000001,1,1.12
05.08.2021 01:22:35.265,1.35184,1.35166,1,1.12
05.08.2021 01:22:54.132,1.35185,1.35169,1,1
05.08.2021 01:22:56.006,1.3518700000000001,1.3517000000000001,1,1
05.08.2021 01:23:19.146,1.3518700000000001,1.35172,1,1
05.08.2021 01:23:20.082,1.35186,1.3517000000000001,1,1
05.08.2021 01:23:20.133,1.35184,1.35168,1,1.5
05.08.2021 01:23:20.234,1.35184,1.35168,1,1
05.08.2021 01:23:20.336,1.35185,1.35168,1,1
05.08.2021 01:23:20.470,1.35184,1.35168,1,1
05.08.2021 01:23:28.162,1.35184,1.3516700000000001,1,1
05.08.2021 01:23:28.444,1.3518200000000002,1.35166,1,1
05.08.2021 01:23:28.944,1.3518100000000002,1.3516299999999999,1,1
05.08.2021 01:23:49.579,1.3518100000000002,1.35164,1,1
05.08.2021 01:23:49.630,1.3518000000000001,1.35162,1,1.12
05.08.2021 01:23:55.869,1.35179,1.3516299999999999,1,3.2
05.08.2021 01:24:00.103,1.3518000000000001,1.35162,1,1.12
05.08.2021 01:24:00.204,1.35179,1.35162,1,1.12
05.08.2021 01:24:02.867,1.35178,1.3516100000000002,1,1
05.08.2021 01:24:02.968,1.35174,1.3516100000000002,1,1
05.08.2021 01:24:03.019,1.35173,1.35158,1,1.12
05.08.2021 01:24:03.220,1.35172,1.3515700000000002,1,1.5
05.08.2021 01:24:03.388,1.35173,1.35156,1,1
05.08.2021 01:24:04.917,1.35169,1.35154,1,1.12
05.08.2021 01:24:05.068,1.35166,1.35154,1,1.12
05.08.2021 01:24:05.273,1.35166,1.35152,1,1.12
05.08.2021 01:24:05.525,1.3516700000000001,1.35153,1,1
05.08.2021 01:24:05.576,1.3516700000000001,1.3515100000000002,1,1
05.08.2021 01:24:07.876,1.35166,1.3515100000000002,1,1
05.08.2021 01:24:07.977,1.3516700000000001,1.35152,1,1
05.08.2021 01:24:08.078,1.35169,1.35153,1,1
05.08.2021 01:24:08.394,1.35169,1.3515100000000002,1,1
05.08.2021 01:24:11.553,1.35169,1.35149,1,1.12
05.08.2021 01:24:11.662,1.3516299999999999,1.35148,1,2
05.08.2021 01:24:11.956,1.35166,1.35149,1,1
05.08.2021 01:24:14.616,1.35165,1.3515000000000001,1,2
05.08.2021 01:24:15.051,1.35166,1.3515000000000001,1,2
05.08.2021 01:24:15.588,1.3516700000000001,1.35149,1,1.87
05.08.2021 01:24:17.363,1.35166,1.35149,1,1.12
05.08.2021 01:24:17.670,1.35166,1.3515100000000002,1,1
05.08.2021 01:24:18.049,1.35165,1.3515000000000001,1,1.12
05.08.2021 01:24:18.350,1.35166,1.3515100000000002,1,1
05.08.2021 01:24:20.673,1.35165,1.3515000000000001,1,1
05.08.2021 01:24:21.880,1.35165,1.35149,1,1
05.08.2021 01:24:21.980,1.35164,1.35148,1,1
05.08.2021 01:24:22.132,1.35162,1.35146,1,1.5
05.08.2021 01:24:22.985,1.3516299999999999,1.35145,1,1
05.08.2021 01:24:24.537,1.35162,1.35145,1,1.12
05.08.2021 01:24:24.588,1.3516000000000001,1.35145,1,1.12
05.08.2021 01:24:25.003,1.3516100000000002,1.35142,1,1.12
05.08.2021 01:24:25.146,1.3516000000000001,1.35141,1,1.5
05.08.2021 01:24:26.817,1.3516000000000001,1.35141,1,1
05.08.2021 01:24:27.123,1.3516000000000001,1.35143,1,1.5
05.08.2021 01:24:27.719,1.3516000000000001,1.35143,1,1
05.08.2021 01:24:30.918,1.35159,1.35141,1,1
05.08.2021 01:24:31.019,1.3515700000000002,1.35139,1,1.62
05.08.2021 01:24:31.120,1.3515700000000002,1.35139,1,1.12
05.08.2021 01:24:31.892,1.35155,1.35139,1,1.62
05.08.2021 01:24:31.993,1.3515700000000002,1.3514000000000002,1,1
05.08.2021 01:24:38.831,1.35156,1.35139,1,1
05.08.2021 01:24:39.259,1.35153,1.35138,1,1.5
05.08.2021 01:24:39.460,1.35153,1.35138,1,1
05.08.2021 01:24:53.123,1.35152,1.3513600000000001,1,1.12
05.08.2021 01:24:57.622,1.35154,1.3513700000000002,1,1
05.08.2021 01:24:57.773,1.3515700000000002,1.35141,1.5,1
05.08.2021 01:24:57.874,1.3515700000000002,1.35143,1,1
05.08.2021 01:24:58.175,1.3515700000000002,1.35141,1.5,1.5
05.08.2021 01:24:58.825,1.3515700000000002,1.35143,1,1
05.08.2021 01:24:58.876,1.35158,1.35144,1.5,1
05.08.2021 01:25:06.380,1.3515700000000002,1.35141,1,1
05.08.2021 01:25:14.464,1.35158,1.35142,1,1
05.08.2021 01:25:14.565,1.35159,1.35142,1.5,1
05.08.2021 01:25:29.443,1.35159,1.35145,1,1
05.08.2021 01:25:29.748,1.3516100000000002,1.35144,1,1
05.08.2021 01:25:29.900,1.35165,1.35149,1,1
05.08.2021 01:25:31.992,1.35165,1.3515100000000002,1,1
05.08.2021 01:25:46.411,1.35168,1.35154,1.12,1
05.08.2021 01:25:46.902,1.35168,1.35153,1,1.12
05.08.2021 01:25:47.005,1.35168,1.3515100000000002,1,1.5
05.08.2021 01:25:47.238,1.3517000000000001,1.35154,1,1
05.08.2021 01:25:47.964,1.35168,1.35155,1,1
05.08.2021 01:25:48.014,1.35169,1.3515100000000002,1.5,1.12
05.08.2021 01:25:48.374,1.3516700000000001,1.3515100000000002,1,1.12
05.08.2021 01:25:53.717,1.35165,1.3515100000000002,1,1
05.08.2021 01:25:58.021,1.35164,1.35148,1,1.5
05.08.2021 01:26:01.331,1.3516299999999999,1.35145,1,1.5
05.08.2021 01:26:18.512,1.35162,1.35145,1,1
05.08.2021 01:26:18.563,1.3516000000000001,1.35144,1,1
