Gmt time,Ask,Bid,AskVolume,BidVolume
06.08.2021 00:00:00.570,1.35115,1.3509600000000002,1,1
06.08.2021 00:00:03.827,1.35115,1.3509900000000001,1,1
06.08.2021 00:00:07.250,1.3511700000000002,1.351,1,1
06.08.2021 00:00:07.351,1.3511700000000002,1.35102,1,1
06.08.2021 00:00:07.787,1.3511700000000002,1.35101,1,1
06.08.2021 00:00:13.946,1.35118,1.35101,1,1
06.08.2021 00:00:14.056,1.35118,1.35102,1,1
06.08.2021 00:00:17.454,1.3511900000000001,1.35103,1,1
06.08.2021 00:00:17.505,1.35123,1.3510600000000001,1,1
06.08.2021 00:00:17.555,1.35125,1.35108,1,1
06.08.2021 00:00:18.016,1.3512600000000001,1.3511,1,1
06.08.2021 00:00:46.406,1.3512700000000002,1.35113,1,1
06.08.2021 00:01:03.780,1.35129,1.35115,1.5,1
06.08.2021 00:01:03.881,1.35132,1.35118,2.62,1
06.08.2021 00:01:04.091,1.35133,1.3511900000000001,1,1
06.08.2021 00:01:04.192,1.3513700000000002,1.35123,1.12,1
06.08.2021 00:01:04.610,1.35134,1.35118,1,1.1
06.08.2021 00:01:05.487,1.35134,1.3511700000000002,1,1
06.08.2021 00:01:07.208,1.35132,1.3511600000000001,1,1
06.08.2021 00:01:07.259,1.35133,1.35118,1,1
06.08.2021 00:01:07.359,1.35131,1.3511600000000001,1,1.5
06.08.2021 00:01:08.252,1.35132,1.35115,1,1
06.08.2021 00:01:10.993,1.35135,1.35118,1,1
06.08.2021 00:01:11.823,1.35133,1.35118,1,1
06.08.2021 00:01:13.397,1.35133,1.3511600000000001,1,1.12
06.08.2021 00:01:13.555,1.35131,1.35114,1,1.62
06.08.2021 00:01:14.312,1.3513000000000002,1.35115,1,1.62
06.08.2021 00:01:15.315,1.3513000000000002,1.35115,1,1.5
06.08.2021 00:01:23.881,1.35132,1.35114,1,1.12
06.08.2021 00:01:23.982,1.35132,1.3511600000000001,1,1
06.08.2021 00:01:27.838,1.3513000000000002,1.35115,1,1.5
06.08.2021 00:01:28.094,1.35132,1.3511600000000001,1,1
06.08.2021 00:01:45.185,1.35129,1.35115,1,1.87
06.08.2021 00:01:45.308,1.35128,1.35112,1,1.5
06.08.2021 00:01:46.150,1.3512700000000002,1.35112,1,1
06.08.2021 00:01:46.201,1.35123,1.3510900000000001,1,1.5
06.08.2021 00:01:46.251,1.35122,1.3510900000000001,1,1
06.08.2021 00:01:46.302,1.3512,1.3510900000000001,1,1
06.08.2021 00:01:46.403,1.3512,1.35104,1,1.72
06.08.2021 00:01:46.453,1.3511900000000001,1.35104,1,2.25
06.08.2021 00:01:46.554,1.35115,1.351,1,1.5
06.08.2021 00:01:46.655,1.35111,1.35098,1,1
06.08.2021 00:01:46.706,1.35112,1.3509600000000002,1,1
06.08.2021 00:01:47.260,1.35112,1.3509700000000002,1,1.12
06.08.2021 00:01:47.611,1.35111,1.3509600000000002,1,1
06.08.2021 00:01:48.076,1.3511,1.35093,1,1.57
06.08.2021 00:01:48.982,1.3511,1.35095,1,1
06.08.2021 00:01:49.032,1.3510900000000001,1.35094,1,1.57
06.08.2021 00:01:49.133,1.3511,1.35095,1,1
06.08.2021 00:01:49.362,1.35112,1.3509700000000002,1,1
06.08.2021 00:01:50.027,1.35112,1.35095,1,1.5
06.08.2021 00:01:50.443,1.3511,1.35093,1,1.57
06.08.2021 00:01:50.682,1.35111,1.35095,1,1
06.08.2021 00:01:50.783,1.35112,1.35095,1,1
06.08.2021 00:02:00.244,1.35111,1.35095,1,1
06.08.2021 00:02:00.295,1.3511,1.3509200000000001,1,3.2
06.08.2021 00:02:00.446,1.3510600000000001,1.3509,1,1.1
06.08.2021 00:02:06.102,1.3510600000000001,1.35089,1,1.1
06.08.2021 00:02:06.531,1.3510700000000002,1.35091,1,1
06.08.2021 00:02:06.690,1.3510700000000002,1.35088,1,2.47
06.08.2021 00:02:06.998,1.35108,1.35091,1,1
06.08.2021 00:02:07.276,1.3510700000000002,1.3509,1,1
06.08.2021 00:02:11.360,1.3510600000000001,1.3509200000000001,1,1
06.08.2021 00:02:11.599,1.35108,1.35091,1,1.5
06.08.2021 00:02:11.700,1.3511,1.3509200000000001,1,1.12
06.08.2021 00:02:11.801,1.3511,1.35095,1,1
06.08.2021 00:02:12.002,1.35113,1.3509600000000002,1,1
06.08.2021 00:02:12.305,1.35112,1.35094,1,1.2
06.08.2021 00:02:12.607,1.35113,1.35098,1,1
06.08.2021 00:02:13.405,1.35113,1.3509600000000002,1,1.1
06.08.2021 00:02:14.741,1.35113,1.3509600000000002,1,1.6
06.08.2021 00:02:15.108,1.35115,1.3509700000000002,1,1
06.08.2021 00:02:19.752,1.35113,1.35095,1,1.12
06.08.2021 00:02:19.853,1.35111,1.35094,1,1
06.08.2021 00:02:20.054,1.35111,1.35093,1,1.1
06.08.2021 00:02:20.159,1.3511,1.35094,1,1.1
06.08.2021 00:02:20.210,1.35113,1.35095,1,1.12
06.08.2021 00:02:20.260,1.35111,1.35093,1,1.7
06.08.2021 00:02:22.033,1.3511,1.35095,1,1
06.08.2021 00:02:22.534,1.35113,1.35095,1,1.5
06.08.2021 00:02:25.181,1.35112,1.3509600000000002,1,1.6
06.08.2021 00:02:28.258,1.35113,1.35095,1,1.6
06.08.2021 00:02:28.761,1.35113,1.35098,1,1
06.08.2021 00:02:33.096,1.35111,1.35093,1,1.6
06.08.2021 00:02:33.197,1.35112,1.35094,1,1.5
06.08.2021 00:02:33.298,1.35112,1.35094,1,1.12
06.08.2021 00:02:33.400,1.35111,1.3509200000000001,1,1.72
06.08.2021 00:02:34.262,1.3511,1.35093,1,1.7
06.08.2021 00:02:36.156,1.3511,1.35093,1,1.7
06.08.2021 00:02:36.257,1.3510900000000001,1.35093,1,1.7
06.08.2021 00:02:36.455,1.3511,1.3509200000000001,1,1.7
06.08.2021 00:02:36.556,1.3511,1.35094,1,1.5
06.08.2021 00:02:36.743,1.35111,1.35093,1,1.12
06.08.2021 00:02:37.017,1.3511,1.3509200000000001,1,1
06.08.2021 00:02:38.736,1.3510900000000001,1.35094,1,1
06.08.2021 00:02:38.867,1.35111,1.35093,1,1.62
06.08.2021 00:02:39.188,1.35112,1.35095,1,1
06.08.2021 00:02:48.484,1.35115,1.3509700000000002,1,1
06.08.2021 00:02:48.879,1.35113,1.35098,1,1
06.08.2021 00:02:48.980,1.35113,1.3509700000000002,1,1
06.08.2021 00:02:49.154,1.35112,1.3509700000000002,1,1
06.08.2021 00:02:49.395,1.35114,1.3509700000000002,1,1
06.08.2021 00:03:24.269,1.3511600000000001,1.3509900000000001,1,1
06.08.2021 00:03:27.615,1.35113,1.3509600000000002,1,1.5
06.08.2021 00:03:27.666,1.35114,1.3509700000000002,1,1.5
06.08.2021 00:03:28.013,1.35114,1.3509700000000002,1,1
06.08.2021 00:03:28.698,1.35113,1.3509600000000002,1,1
06.08.2021 00:03:32.812,1.35115,1.35098,1,1
06.08.2021 00:03:33.273,1.35115,1.351,1,1
06.08.2021 00:03:34.712,1.3511700000000002,1.35102,1,1
06.08.2021 00:03:35.088,1.35118,1.35103,1,1
06.08.2021 00:03:35.189,1.3512,1.35105,1,1
06.08.2021 00:03:35.614,1.35122,1.35105,1,1
06.08.2021 00:03:37.341,1.35123,1.3510700000000002,1,1
06.08.2021 00:03:45.955,1.35123,1.35108,1,1
06.08.2021 00:03:46.006,1.35125,1.3511,1,1
06.08.2021 00:03:46.107,1.3512700000000002,1.35111,1.5,1
06.08.2021 00:03:50.895,1.3512600000000001,1.3510900000000001,1,1
06.08.2021 00:03:58.268,1.3512600000000001,1.35111,1,1
06.08.2021 00:04:05.287,1.35125,1.3511,1,1
06.08.2021 00:04:05.388,1.35124,1.3510900000000001,1,1.12
06.08.2021 00:05:06.889,1.35125,1.3511,1,1
06.08.2021 00:05:07.609,1.3512600000000001,1.35111,1,1
06.08.2021 00:05:22.408,1.3513000000000002,1.35113,1,1
06.08.2021 00:05:22.786,1.3512700000000002,1.35112,1,1
06.08.2021 00:05:46.076,1.35123,1.3511,1,2
06.08.2021 00:05:46.177,1.35123,1.3511,1,1
06.08.2021 00:05:46.278,1.35124,1.35108,1,1.12
06.08.2021 00:06:39.696,1.35121,1.3510700000000002,1,1
06.08.2021 00:06:44.758,1.35121,1.35105,1,1
06.08.2021 00:06:45.605,1.35118,1.35102,1,1.5
06.08.2021 00:07:05.413,1.35115,1.3509900000000001,1,1
06.08.2021 00:07:18.500,1.3511600000000001,1.351,1,1
06.08.2021 00:07:25.001,1.3511700000000002,1.35103,1,1
06.08.2021 00:07:25.102,1.35118,1.35104,1,1
06.08.2021 00:07:25.478,1.35121,1.35105,1,1
06.08.2021 00:07:25.529,1.35122,1.3510700000000002,1,1
06.08.2021 00:07:25.630,1.3512700000000002,1.35113,2,1
06.08.2021 00:07:25.681,1.3512700000000002,1.35113,1.12,1
06.08.2021 00:07:32.812,1.3513000000000002,1.35114,1.5,1
06.08.2021 00:08:04.986,1.3513000000000002,1.3511600000000001,1,1
06.08.2021 00:09:18.291,1.35133,1.3511600000000001,1,1
06.08.2021 00:09:27.524,1.35133,1.35118,1,1
06.08.2021 00:09:28.027,1.35135,1.3512,1.5,1
06.08.2021 00:09:28.233,1.3513700000000002,1.3512,1,1
06.08.2021 00:09:28.546,1.35138,1.35123,1,1
06.08.2021 00:09:30.759,1.3513700000000002,1.35122,1,1
06.08.2021 00:10:22.154,1.35139,1.35122,1,1
06.08.2021 00:10:22.379,1.3513700000000002,1.35122,1,1
06.08.2021 00:10:35.976,1.35135,1.3512,1,1
06.08.2021 00:10:37.834,1.35134,1.3511900000000001,1,1
06.08.2021 00:10:40.438,1.35133,1.3511600000000001,1,1
06.08.2021 00:10:40.539,1.3513000000000002,1.35115,1,1
06.08.2021 00:10:41.284,1.3513000000000002,1.35114,1,1
06.08.2021 00:10:41.631,1.3512700000000002,1.35112,1,1
06.08.2021 00:10:42.991,1.3512700000000002,1.35111,1,1
06.08.2021 00:10:43.116,1.3512600000000001,1.35111,1,1
06.08.2021 00:10:46.497,1.35128,1.3511,1,1
06.08.2021 00:10:59.299,1.35128,1.35112,1.5,1
06.08.2021 00:11:17.386,1.3512600000000001,1.35111,1,1
06.08.2021 00:11:17.488,1.35125,1.35108,1,1
06.08.2021 00:11:17.807,1.35123,1.3510600000000001,1,1
06.08.2021 00:11:17.908,1.35122,1.35105,1,1
06.08.2021 00:11:18.009,1.3511900000000001,1.35102,1,1.12
06.08.2021 00:11:21.268,1.3511700000000002,1.35102,1,1
06.08.2021 00:11:39.664,1.3511900000000001,1.35102,1,1
06.08.2021 00:11:39.765,1.3512,1.35105,1.5,1
06.08.2021 00:11:39.866,1.3512,1.35105,1,1
06.08.2021 00:11:40.327,1.35123,1.3510600000000001,1.5,1
06.08.2021 00:11:40.766,1.35123,1.3510700000000002,1,1
06.08.2021 00:11:44.256,1.35122,1.3510700000000002,1,1
06.08.2021 00:11:44.600,1.35123,1.35108,1,1
06.08.2021 00:11:44.701,1.3512600000000001,1.35111,2.82,1
06.08.2021 00:11:44.903,1.3512600000000001,1.35111,1,1
06.08.2021 00:11:45.004,1.3512700000000002,1.35111,1,1
06.08.2021 00:11:47.929,1.3513000000000002,1.35114,3.07,1
06.08.2021 00:11:48.181,1.3513000000000002,1.35115,1.12,1
06.08.2021 00:11:48.483,1.35129,1.35114,1,1
06.08.2021 00:11:49.037,1.35129,1.35112,1,1
06.08.2021 00:11:50.712,1.35129,1.35114,1,1
06.08.2021 00:11:52.043,1.3513000000000002,1.3511600000000001,1,1
06.08.2021 00:11:57.067,1.3513000000000002,1.35113,1,1
06.08.2021 00:11:58.369,1.3513000000000002,1.3511600000000001,1,1
06.08.2021 00:11:59.123,1.35132,1.35115,1,1
06.08.2021 00:11:59.270,1.35133,1.3511600000000001,1.12,1
06.08.2021 00:12:02.761,1.35132,1.35115,1,1
06.08.2021 00:12:08.188,1.3513000000000002,1.3511600000000001,1,1
06.08.2021 00:12:08.239,1.35128,1.35113,1,1
06.08.2021 00:12:15.121,1.3513000000000002,1.35113,1,1
06.08.2021 00:12:15.288,1.35132,1.35115,1.62,1
06.08.2021 00:12:15.439,1.35131,1.3511600000000001,1.12,1
06.08.2021 00:12:17.445,1.35133,1.3511600000000001,1,1
06.08.2021 00:12:17.546,1.35134,1.3511900000000001,1.5,1
06.08.2021 00:12:18.544,1.35134,1.3511900000000001,1,1
06.08.2021 00:12:34.860,1.35134,1.3511700000000002,1,1
06.08.2021 00:12:35.011,1.3513000000000002,1.3511600000000001,1,1
06.08.2021 00:12:36.553,1.35131,1.35114,1.5,1
06.08.2021 00:12:41.213,1.35128,1.35113,1,1
06.08.2021 00:12:41.494,1.35129,1.35114,1,1
06.08.2021 00:12:41.544,1.35128,1.35111,1,1
06.08.2021 00:12:46.138,1.3512600000000001,1.35111,1,1
06.08.2021 00:12:54.662,1.3512600000000001,1.3510900000000001,1,1
06.08.2021 00:12:54.713,1.35122,1.35105,1,1.5
06.08.2021 00:12:55.015,1.35121,1.3510600000000001,1,1
06.08.2021 00:13:01.069,1.3512,1.35103,1,1
06.08.2021 00:13:01.271,1.3511900000000001,1.35104,1.1,1
06.08.2021 00:13:01.623,1.3511900000000001,1.35102,1.1,1
06.08.2021 00:13:02.210,1.35118,1.351,1,1
06.08.2021 00:13:02.507,1.3511900000000001,1.35102,1.1,1
06.08.2021 00:13:09.643,1.3511900000000001,1.35103,1.57,1
06.08.2021 00:13:09.744,1.3511900000000001,1.35104,1,1
06.08.2021 00:13:09.846,1.35122,1.3510700000000002,1.6,1
06.08.2021 00:13:09.997,1.35121,1.3510600000000001,1.12,1
06.08.2021 00:13:24.333,1.35123,1.3510600000000001,1,1
06.08.2021 00:13:25.582,1.35122,1.3510700000000002,1,1
06.08.2021 00:13:25.815,1.35123,1.3510600000000001,1,1
06.08.2021 00:13:38.129,1.35122,1.3510600000000001,1.5,1
06.08.2021 00:13:38.230,1.35123,1.3510700000000002,1.72,1
06.08.2021 00:13:38.331,1.35122,1.3510600000000001,1.57,1
06.08.2021 00:13:38.616,1.35123,1.35105,1.6,1
06.08.2021 00:13:38.717,1.35121,1.3510600000000001,1.1,1
06.08.2021 00:13:39.223,1.35121,1.35103,1.1,1
06.08.2021 00:13:40.143,1.35122,1.35103,1.72,1
06.08.2021 00:13:50.003,1.3511700000000002,1.35102,1,1
06.08.2021 00:13:51.776,1.3512,1.35105,1.12,1
06.08.2021 00:13:52.567,1.35122,1.35105,1,1
06.08.2021 00:13:58.805,1.35123,1.3510600000000001,1,1
06.08.2021 00:13:58.906,1.35124,1.3510900000000001,1.12,1
06.08.2021 00:14:30.401,1.3512700000000002,1.3511,1,1
06.08.2021 00:14:36.396,1.3512700000000002,1.3511,1.5,1
06.08.2021 00:14:36.500,1.3512600000000001,1.3511,1,1
06.08.2021 00:14:36.651,1.3512600000000001,1.35111,1.5,1
06.08.2021 00:14:36.752,1.3512600000000001,1.35111,1.5,1
06.08.2021 00:14:59.800,1.35123,1.3510900000000001,1.12,1
06.08.2021 00:15:03.238,1.35123,1.3510700000000002,1,1
06.08.2021 00:15:08.270,1.3512,1.3510600000000001,1.5,1.12
06.08.2021 00:15:33.907,1.3511900000000001,1.35105,1,1
06.08.2021 00:15:34.008,1.3511700000000002,1.35103,1,1.12
06.08.2021 00:15:34.260,1.3511700000000002,1.35103,1.5,1
06.08.2021 00:15:37.553,1.3511600000000001,1.3509900000000001,1,1
06.08.2021 00:15:37.850,1.35115,1.351,1.5,1
06.08.2021 00:15:37.951,1.35114,1.3509900000000001,1.5,1.12
06.08.2021 00:15:38.052,1.35115,1.35098,1.12,1.12
06.08.2021 00:15:38.207,1.35114,1.3509900000000001,1.5,1
06.08.2021 00:15:39.667,1.35112,1.3509700000000002,1,1.12
06.08.2021 00:15:53.338,1.35111,1.3509600000000002,1,1.12
06.08.2021 00:16:07.677,1.3511,1.35093,1,1.5
06.08.2021 00:16:07.778,1.35111,1.35095,1,1
06.08.2021 00:16:07.914,1.3510900000000001,1.35093,1,1
06.08.2021 00:16:08.168,1.3510700000000002,1.3509200000000001,1,1
06.08.2021 00:16:09.749,1.3511,1.35093,1.5,1
06.08.2021 00:16:21.784,1.35111,1.35094,1.62,1
06.08.2021 00:16:22.215,1.35111,1.35094,1,1
06.08.2021 00:16:38.189,1.3511,1.35093,1,1
06.08.2021 00:16:47.816,1.3510700000000002,1.35093,1,1
06.08.2021 00:17:08.206,1.35108,1.35095,1,1
06.08.2021 00:17:08.357,1.35108,1.3509700000000002,1,1
06.08.2021 00:17:09.131,1.3510900000000001,1.3509700000000002,1,1
06.08.2021 00:17:11.792,1.3510900000000001,1.351,1,1
06.08.2021 00:17:16.816,1.3510900000000001,1.35093,1,1.12
06.08.2021 00:17:17.774,1.35108,1.35094,1,1.5
06.08.2021 00:17:25.135,1.3511700000000002,1.35103,1.5,1
06.08.2021 00:17:25.185,1.3511600000000001,1.35104,1,1
06.08.2021 00:17:25.286,1.3511600000000001,1.3510600000000001,1,1
06.08.2021 00:17:25.486,1.3511600000000001,1.35104,1,1
06.08.2021 00:17:25.537,1.35122,1.3510600000000001,2.37,1
06.08.2021 00:17:25.588,1.35122,1.3510900000000001,1.62,1
06.08.2021 00:17:26.066,1.35123,1.35108,1,1
06.08.2021 00:17:26.892,1.35125,1.35111,2.75,1
06.08.2021 00:17:27.313,1.35125,1.35111,1.87,1
06.08.2021 00:17:31.545,1.3512600000000001,1.3511,2.37,1
06.08.2021 00:17:37.939,1.35125,1.3511,3.12,1
06.08.2021 00:17:38.295,1.35124,1.3510700000000002,1,1
06.08.2021 00:17:57.029,1.35125,1.35108,1,1
06.08.2021 00:18:07.802,1.35123,1.35108,1,1
06.08.2021 00:18:08.250,1.35122,1.3510700000000002,1,1
06.08.2021 00:18:09.197,1.3512,1.35105,1,1
06.08.2021 00:18:10.215,1.3511900000000001,1.35104,1,1
06.08.2021 00:18:14.231,1.3512,1.35105,1,1
06.08.2021 00:18:19.841,1.35122,1.35105,1.5,1
06.08.2021 00:18:20.205,1.35122,1.35108,1,1
06.08.2021 00:18:20.931,1.35124,1.3510900000000001,1.12,1
06.08.2021 00:18:22.253,1.35125,1.3511,1.12,1
06.08.2021 00:18:25.868,1.35123,1.35108,1,1
06.08.2021 00:18:26.019,1.35123,1.3510600000000001,1,1
06.08.2021 00:18:46.205,1.35122,1.35108,1,1
06.08.2021 00:18:46.306,1.35125,1.35108,1.5,1
06.08.2021 00:18:46.407,1.3512700000000002,1.3511,2.75,1
06.08.2021 00:18:46.950,1.3512700000000002,1.3511,1.12,1
06.08.2021 00:18:47.051,1.35125,1.3511,1,1
06.08.2021 00:18:53.155,1.35124,1.3510900000000001,1,1
06.08.2021 00:19:02.249,1.35122,1.3510700000000002,1,1
06.08.2021 00:19:11.030,1.35124,1.3510700000000002,1.12,1
06.08.2021 00:19:40.957,1.3512700000000002,1.35112,1.12,1
06.08.2021 00:19:41.058,1.35129,1.35113,2,1
06.08.2021 00:19:41.159,1.35129,1.35113,1.87,1
06.08.2021 00:19:41.818,1.35129,1.35113,2.37,1
06.08.2021 00:19:42.265,1.35128,1.35114,1.5,1
06.08.2021 00:19:42.416,1.35128,1.35111,1,1
06.08.2021 00:20:04.576,1.35128,1.35114,1.69,1
06.08.2021 00:20:04.682,1.35128,1.35115,1.5,1
06.08.2021 00:20:04.783,1.35133,1.35118,3.75,1
06.08.2021 00:20:04.884,1.3513700000000002,1.3512,1.57,1
06.08.2021 00:20:04.985,1.35138,1.35121,2.75,1
06.08.2021 00:20:05.035,1.3513700000000002,1.35124,1,1
06.08.2021 00:20:05.086,1.3514000000000002,1.35124,1,1
06.08.2021 00:20:05.187,1.35141,1.35124,1,1
06.08.2021 00:20:09.152,1.3514000000000002,1.35123,1.1,1
06.08.2021 00:20:09.253,1.35138,1.35124,1,1
06.08.2021 00:20:09.455,1.35138,1.35121,1,1
06.08.2021 00:20:26.453,1.3514000000000002,1.35123,1.97,1
06.08.2021 00:20:26.554,1.35138,1.35122,1,1
06.08.2021 00:21:27.880,1.35135,1.35121,1,1
06.08.2021 00:21:27.981,1.35133,1.3511700000000002,1,1
06.08.2021 00:21:47.923,1.35132,1.3511600000000001,1,1
06.08.2021 00:22:02.154,1.35132,1.35118,1,1
06.08.2021 00:22:08.276,1.35135,1.35121,1,1
06.08.2021 00:22:46.270,1.35134,1.3512,1,1
06.08.2021 00:22:54.132,1.35135,1.35121,1,1
06.08.2021 00:23:45.876,1.35135,1.3511900000000001,1,1
06.08.2021 00:23:56.931,1.35135,1.3511900000000001,1,1.5
06.08.2021 00:23:56.982,1.35138,1.35122,1.5,1
06.08.2021 00:23:58.353,1.35141,1.35125,1.12,1
06.08.2021 00:23:58.454,1.35143,1.3512700000000002,1.5,1
06.08.2021 00:24:04.023,1.35141,1.35125,1,1
06.08.2021 00:24:13.620,1.35139,1.35125,1,1
06.08.2021 00:24:18.600,1.3514000000000002,1.3512600000000001,1,1
06.08.2021 00:24:29.645,1.3514000000000002,1.3512600000000001,1,1.5
06.08.2021 00:24:37.597,1.35142,1.3512600000000001,1.12,1.12
06.08.2021 00:24:41.702,1.35145,1.35129,1,1
06.08.2021 00:24:41.804,1.35145,1.35135,1,1
06.08.2021 00:24:41.855,1.35148,1.35134,1.5,1
06.08.2021 00:24:41.956,1.35149,1.35133,1,1
06.08.2021 00:24:42.158,1.35148,1.35132,1,1
06.08.2021 00:24:43.101,1.35149,1.35133,1,1
06.08.2021 00:25:20.829,1.35148,1.35133,1,1
06.08.2021 00:25:21.352,1.35148,1.35134,1,1
06.08.2021 00:25:25.961,1.35149,1.35132,1,1
06.08.2021 00:25:26.276,1.35146,1.35132,1,1
06.08.2021 00:25:26.380,1.35148,1.35134,1,1
06.08.2021 00:26:01.963,1.35149,1.35135,1,1
06.08.2021 00:27:31.756,1.3515100000000002,1.3513700000000002,1.1,1
06.08.2021 00:27:31.857,1.35158,1.35142,1,1
06.08.2021 00:27:32.194,1.35159,1.35145,1.5,1.12
06.08.2021 00:27:32.295,1.3516100000000002,1.3514700000000002,1,1
06.08.2021 00:27:32.396,1.35165,1.35149,1.12,1
06.08.2021 00:27:36.031,1.3516100000000002,1.3514700000000002,1,1
06.08.2021 00:27:36.133,1.3516000000000001,1.35144,1,1
06.08.2021 00:27:36.284,1.35158,1.35144,1,1
06.08.2021 00:27:52.562,1.3516000000000001,1.35144,1,1
06.08.2021 00:28:07.510,1.35162,1.3514700000000002,1,1
06.08.2021 00:28:13.689,1.3516000000000001,1.35145,1,1
06.08.2021 00:28:15.704,1.35158,1.35144,1,1
06.08.2021 00:28:22.538,1.3515700000000002,1.35143,1,1
06.08.2021 00:29:12.319,1.35156,1.35143,1,1
06.08.2021 00:29:39.732,1.3515700000000002,1.35144,1,1
06.08.2021 00:30:01.568,1.3515700000000002,1.35143,1,1
06.08.2021 00:30:25.133,1.35156,1.35141,1,1
06.08.2021 00:30:38.475,1.35155,1.35139,1,1.5
06.08.2021 00:30:38.576,1.35154,1.3514000000000002,1,1.12
06.08.2021 00:30:38.678,1.35155,1.35139,1,1.5
06.08.2021 00:30:39.382,1.35155,1.35139,1,1.12
06.08.2021 00:30:39.584,1.35154,1.3514000000000002,1,1.5
06.08.2021 00:30:50.714,1.3515700000000002,1.35139,1,2
06.08.2021 00:30:50.923,1.35156,1.3514000000000002,1,1.5
06.08.2021 00:31:06.745,1.35159,1.35142,1,1
06.08.2021 00:31:06.846,1.35162,1.35144,1,1
06.08.2021 00:31:06.947,1.3516299999999999,1.35146,1,1
06.08.2021 00:31:07.414,1.3516299999999999,1.35148,1,1
06.08.2021 00:31:17.689,1.35162,1.3514700000000002,1,1.12
06.08.2021 00:31:17.983,1.35164,1.3514700000000002,1,1
06.08.2021 00:31:18.084,1.3516700000000001,1.35153,1,1
06.08.2021 00:31:18.135,1.3517100000000002,1.35154,1,1
06.08.2021 00:31:18.237,1.35172,1.35154,1.12,1.5
06.08.2021 00:31:18.388,1.3517100000000002,1.3515700000000002,1,1
06.08.2021 00:31:18.693,1.3517100000000002,1.35155,1,1.12
06.08.2021 00:31:21.345,1.3517100000000002,1.35153,1,1.1
06.08.2021 00:31:29.773,1.3517000000000001,1.35153,1,1
06.08.2021 00:31:29.824,1.35168,1.3515100000000002,1,1.5
06.08.2021 00:31:29.924,1.3516700000000001,1.3515000000000001,1,3.37
06.08.2021 00:31:29.975,1.3516700000000001,1.35153,1,1
06.08.2021 00:31:38.580,1.3516700000000001,1.3515000000000001,1,1
06.08.2021 00:31:39.181,1.35164,1.35149,1,1
06.08.2021 00:31:39.282,1.35164,1.3514700000000002,1,1.5
06.08.2021 00:31:43.626,1.35162,1.3514700000000002,1,1
06.08.2021 00:31:43.727,1.3516000000000001,1.35143,1,1.62
06.08.2021 00:31:43.828,1.3516000000000001,1.35145,1,1
06.08.2021 00:31:44.774,1.35158,1.35141,1,2.45
06.08.2021 00:31:44.875,1.35156,1.35141,1,1.5
06.08.2021 00:31:44.976,1.35156,1.35141,1,1.12
06.08.2021 00:31:45.661,1.35155,1.35138,1,1.72
06.08.2021 00:31:45.762,1.35154,1.35139,1,1.57
06.08.2021 00:31:45.999,1.35155,1.3514000000000002,1,1
06.08.2021 00:32:29.550,1.3515700000000002,1.35142,1,1
06.08.2021 00:32:34.574,1.35158,1.35143,1,1
06.08.2021 00:32:35.237,1.35158,1.35145,1,1
06.08.2021 00:32:50.130,1.35159,1.35143,1,1
06.08.2021 00:33:01.458,1.35158,1.35145,1,1
06.08.2021 00:33:15.746,1.35159,1.35146,1,1
06.08.2021 00:33:48.594,1.35162,1.35146,1,1
06.08.2021 00:33:49.246,1.3516000000000001,1.35145,1,1
06.08.2021 00:33:57.727,1.35159,1.35143,1,1
06.08.2021 00:34:00.321,1.35159,1.35142,1,1
06.08.2021 00:34:00.722,1.3516000000000001,1.35142,1.12,1
06.08.2021 00:34:03.558,1.35159,1.35142,1,1
06.08.2021 00:34:05.060,1.35156,1.35142,1,1
06.08.2021 00:34:53.839,1.35155,1.3514000000000002,1,1
06.08.2021 00:35:00.510,1.35153,1.35138,1,1.87
06.08.2021 00:35:02.420,1.35154,1.35139,1,1
06.08.2021 00:35:16.337,1.3515700000000002,1.3514000000000002,1,1
06.08.2021 00:35:36.259,1.35158,1.35141,1,1
06.08.2021 00:35:43.183,1.3515700000000002,1.3514000000000002,1,1
06.08.2021 00:35:43.284,1.3515700000000002,1.35142,1,1
06.08.2021 00:35:43.535,1.35159,1.35144,1,1
06.08.2021 00:35:43.586,1.35158,1.35142,1,1
06.08.2021 00:35:43.687,1.3516000000000001,1.35143,1,1
06.08.2021 00:36:03.488,1.3516000000000001,1.35144,1,1.12
06.08.2021 00:36:04.071,1.35162,1.35145,1,1
06.08.2021 00:36:04.339,1.3516299999999999,1.35148,1,1
06.08.2021 00:36:06.446,1.35165,1.3514700000000002,1,1
06.08.2021 00:36:06.947,1.35166,1.35148,1,1
06.08.2021 00:36:33.709,1.35164,1.35149,1,1.12
06.08.2021 00:36:33.810,1.3516299999999999,1.35148,1,1.5
06.08.2021 00:36:34.122,1.35162,1.35145,1,1.2
06.08.2021 00:36:36.241,1.3516000000000001,1.35143,1,1
06.08.2021 00:36:36.342,1.35156,1.35141,1,3.22
06.08.2021 00:36:36.443,1.3515700000000002,1.3514000000000002,1,1.22
06.08.2021 00:36:36.544,1.3515700000000002,1.3514000000000002,1,1.2
06.08.2021 00:36:37.341,1.3515700000000002,1.35138,1,1.6
06.08.2021 00:36:58.219,1.35154,1.35138,1,1.2
06.08.2021 00:37:05.101,1.35155,1.3513700000000002,1,1.22
06.08.2021 00:37:05.202,1.3515700000000002,1.35139,1,1
06.08.2021 00:37:05.353,1.3515700000000002,1.35139,1,1.5
06.08.2021 00:37:32.791,1.35156,1.3514000000000002,1,1
06.08.2021 00:37:33.375,1.35155,1.3513700000000002,1,1.2
06.08.2021 00:37:33.819,1.35153,1.3513700000000002,1,1.6
06.08.2021 00:37:33.920,1.3515100000000002,1.3513600000000001,1,1.1
06.08.2021 00:37:34.021,1.3515100000000002,1.3513600000000001,1,1.6
06.08.2021 00:37:35.720,1.35152,1.35135,1,1.2
06.08.2021 00:37:55.024,1.35152,1.35134,1,2.25
06.08.2021 00:38:09.074,1.3515100000000002,1.35135,1,2
06.08.2021 00:38:09.553,1.35152,1.3513700000000002,1,1
06.08.2021 00:38:11.119,1.35154,1.3513600000000001,1,1
06.08.2021 00:38:13.628,1.35155,1.35138,1,1
06.08.2021 00:38:14.032,1.35156,1.35141,1,1
06.08.2021 00:38:28.182,1.35154,1.35139,1,1.5
06.08.2021 00:38:28.283,1.35154,1.35139,1,1
06.08.2021 00:38:37.609,1.35154,1.3513700000000002,1,1.12
06.08.2021 00:38:51.296,1.35153,1.35135,1,1.12
06.08.2021 00:38:55.351,1.35152,1.3513600000000001,1,2
06.08.2021 00:38:56.364,1.35152,1.3513600000000001,1,2.62
06.08.2021 00:39:10.060,1.35154,1.3513700000000002,1,1
06.08.2021 00:39:10.161,1.35155,1.3513700000000002,1,2.37
06.08.2021 00:39:10.262,1.35155,1.3514000000000002,1,1
06.08.2021 00:39:10.363,1.3515700000000002,1.35139,1.5,1
06.08.2021 00:39:11.136,1.35156,1.35141,1.5,1
06.08.2021 00:39:11.388,1.35159,1.3514000000000002,1.87,1.5
06.08.2021 00:39:11.632,1.3515700000000002,1.3514000000000002,1,1.5
06.08.2021 00:39:12.068,1.35155,1.3514000000000002,1,1
06.08.2021 00:39:12.200,1.3515700000000002,1.35142,1,1
06.08.2021 00:39:12.485,1.35156,1.3514000000000002,1,1
06.08.2021 00:39:13.087,1.35155,1.35138,1,1.57
06.08.2021 00:39:13.188,1.3515700000000002,1.3514000000000002,1,1
06.08.2021 00:39:13.539,1.35156,1.35138,1,1.12
06.08.2021 00:39:13.643,1.35153,1.35138,1,1.5
06.08.2021 00:39:13.918,1.35154,1.3513700000000002,1,1
06.08.2021 00:39:25.130,1.35155,1.3513700000000002,1,1
06.08.2021 00:39:27.692,1.35154,1.35139,1,1
06.08.2021 00:39:31.605,1.35155,1.3514000000000002,1,1
06.08.2021 00:39:33.888,1.3516000000000001,1.35143,1,1
06.08.2021 00:39:37.548,1.3516000000000001,1.35145,1,1
06.08.2021 00:39:37.649,1.3516299999999999,1.35146,1,1
06.08.2021 00:39:37.750,1.35165,1.35148,1,1
06.08.2021 00:39:37.851,1.35164,1.3515000000000001,1,1
06.08.2021 00:39:38.761,1.35166,1.3515100000000002,1,1
06.08.2021 00:39:57.616,1.35168,1.35153,1,1
06.08.2021 00:40:30.426,1.35169,1.35153,1,1
06.08.2021 00:40:30.542,1.3517000000000001,1.35153,1,1
06.08.2021 00:40:30.643,1.35169,1.35152,1,1
06.08.2021 00:40:34.377,1.3517000000000001,1.35155,1,1
06.08.2021 00:41:00.411,1.35169,1.35153,1,1.6
06.08.2021 00:41:12.689,1.3517000000000001,1.35152,1,1.6
06.08.2021 00:41:12.790,1.35168,1.3515100000000002,1,1.5
06.08.2021 00:41:12.891,1.3516700000000001,1.3515000000000001,1,1.5
06.08.2021 00:41:12.992,1.35166,1.3515100000000002,1,1
06.08.2021 00:41:13.093,1.3516700000000001,1.3515000000000001,1,1
06.08.2021 00:41:13.194,1.35166,1.35149,1,1.12
06.08.2021 00:41:35.149,1.35168,1.3515100000000002,1,1
06.08.2021 00:41:35.251,1.35168,1.35154,1,1
06.08.2021 00:41:35.647,1.35169,1.35154,1,1
06.08.2021 00:41:35.998,1.3516700000000001,1.35152,1,1.6
06.08.2021 00:41:36.277,1.35169,1.35152,1,1.12
06.08.2021 00:41:48.875,1.3516700000000001,1.35152,1,1.95
06.08.2021 00:41:48.986,1.3516700000000001,1.3515100000000002,1,1.2
06.08.2021 00:41:49.204,1.35168,1.3515100000000002,1,1.12
06.08.2021 00:41:49.305,1.35164,1.3515000000000001,1,1.5
06.08.2021 00:41:49.507,1.35164,1.3515000000000001,1,1
06.08.2021 00:42:04.555,1.35165,1.35148,1,1.12
06.08.2021 00:42:24.247,1.3516100000000002,1.35146,1,1.5
06.08.2021 00:42:24.348,1.3516000000000001,1.35142,1,2.85
06.08.2021 00:42:24.449,1.3516000000000001,1.35142,1,1.62
06.08.2021 00:42:24.572,1.3516000000000001,1.35142,1,1.62
06.08.2021 00:42:24.976,1.35155,1.3514000000000002,1,1.7
06.08.2021 00:42:25.077,1.35155,1.3514000000000002,1,1.6
06.08.2021 00:42:25.228,1.35156,1.35139,1,1.12
06.08.2021 00:42:41.198,1.3515700000000002,1.3514000000000002,1,1
06.08.2021 00:42:54.662,1.35155,1.3514000000000002,1,1.12
06.08.2021 00:42:58.166,1.35153,1.3513600000000001,1,1.62
06.08.2021 00:42:58.369,1.35152,1.3513700000000002,1,1.5
06.08.2021 00:42:58.553,1.35152,1.3513700000000002,1,1.5
06.08.2021 00:43:20.567,1.35154,1.35139,1,1
06.08.2021 00:43:21.071,1.35155,1.3514000000000002,1,1
06.08.2021 00:43:24.304,1.35155,1.3514000000000002,1,1.5
06.08.2021 00:43:24.406,1.3515700000000002,1.3514000000000002,1,1.12
06.08.2021 00:43:24.557,1.35158,1.35143,1,1
06.08.2021 00:43:25.664,1.3516000000000001,1.35145,1,1
06.08.2021 00:43:25.765,1.3516299999999999,1.3514700000000002,1,1
06.08.2021 00:43:25.866,1.35166,1.35152,1.5,1
06.08.2021 00:43:25.916,1.3516700000000001,1.35152,2.25,1
06.08.2021 00:43:26.017,1.3516700000000001,1.3515000000000001,1,1
06.08.2021 00:43:26.118,1.35168,1.3515100000000002,1.12,1
06.08.2021 00:44:11.604,1.3517000000000001,1.35153,1,1
06.08.2021 00:44:29.057,1.3517100000000002,1.35156,1,1
06.08.2021 00:44:29.158,1.35173,1.35156,1,1
06.08.2021 00:44:29.496,1.35174,1.35159,1,1
06.08.2021 00:44:32.796,1.35175,1.35158,1,1.5
06.08.2021 00:44:32.947,1.35173,1.35156,1,2.07
06.08.2021 00:44:33.142,1.35172,1.3515700000000002,1,2.07
06.08.2021 00:44:33.243,1.35174,1.3515700000000002,1,1.5
06.08.2021 00:44:39.124,1.35173,1.35158,1,1.12
06.08.2021 00:44:53.992,1.35174,1.35156,1,1
06.08.2021 00:45:00.100,1.3517100000000002,1.35155,1,1.7
06.08.2021 00:45:00.201,1.35174,1.3515700000000002,1,1
06.08.2021 00:45:13.090,1.35172,1.35156,1,1.12
06.08.2021 00:45:13.141,1.3517000000000001,1.35155,1,1.2
06.08.2021 00:45:13.532,1.3517000000000001,1.35154,1,1.57
06.08.2021 00:45:13.633,1.35169,1.35153,1,1.7
06.08.2021 00:45:13.734,1.35168,1.35152,1,1.6
06.08.2021 00:45:13.835,1.35169,1.3515100000000002,1,1.2
06.08.2021 00:45:13.987,1.35166,1.3515100000000002,1,1
06.08.2021 00:45:14.088,1.35164,1.3515000000000001,1,1.5
06.08.2021 00:45:14.189,1.35165,1.35148,1,2
06.08.2021 00:45:15.102,1.35165,1.35148,1,1.5
06.08.2021 00:45:49.412,1.35164,1.35146,1,2
06.08.2021 00:45:49.513,1.35164,1.35146,1,1.87
06.08.2021 00:46:17.968,1.35162,1.35145,1,1.5
06.08.2021 00:46:18.069,1.3516100000000002,1.35145,1,1.5
06.08.2021 00:46:18.881,1.35162,1.35144,1,1.12
06.08.2021 00:46:31.646,1.3515700000000002,1.3514000000000002,1,2
06.08.2021 00:46:31.747,1.35153,1.35141,1,1
06.08.2021 00:46:31.848,1.35153,1.35139,1,1.6
06.08.2021 00:46:38.104,1.35154,1.3513700000000002,1,1.5
06.08.2021 00:46:38.597,1.35155,1.3514000000000002,1,1
06.08.2021 00:46:40.143,1.35156,1.3514000000000002,1,1.12
06.08.2021 00:46:41.760,1.35158,1.3514000000000002,1,1
06.08.2021 00:47:13.569,1.3515700000000002,1.35139,1,1.57
06.08.2021 00:47:24.810,1.3515700000000002,1.35139,1,1.6
06.08.2021 00:47:26.514,1.3515700000000002,1.35139,1,1.2
06.08.2021 00:47:31.417,1.3515700000000002,1.35139,1,1.6
06.08.2021 00:47:50.430,1.35156,1.3514000000000002,1,1.2
06.08.2021 00:47:55.306,1.35156,1.35138,1,1.72
06.08.2021 00:47:58.526,1.35156,1.3514000000000002,1,1.12
06.08.2021 00:47:58.704,1.3515700000000002,1.3514000000000002,1,1
06.08.2021 00:47:58.917,1.35156,1.35141,1,1
06.08.2021 00:47:59.019,1.3515700000000002,1.3514000000000002,1,1
06.08.2021 00:47:59.120,1.3515700000000002,1.35142,1,1
06.08.2021 00:47:59.322,1.35159,1.35143,1,1
06.08.2021 00:47:59.574,1.3516100000000002,1.35142,1,1.62
06.08.2021 00:47:59.675,1.3516100000000002,1.35144,1,1.5
06.08.2021 00:48:00.111,1.35162,1.35145,1,1
06.08.2021 00:48:00.326,1.35164,1.35146,1,1
06.08.2021 00:48:00.578,1.35165,1.3514700000000002,1,1
06.08.2021 00:48:00.688,1.35166,1.35149,1,1
06.08.2021 00:48:00.744,1.35164,1.35148,1,1.2
06.08.2021 00:48:06.883,1.35165,1.3514700000000002,1,1.6
06.08.2021 00:48:06.984,1.35164,1.35148,1,1.12
06.08.2021 00:48:16.072,1.35162,1.3514700000000002,1,1.87
06.08.2021 00:48:17.274,1.3516299999999999,1.35145,1,1.12
06.08.2021 00:48:17.924,1.3516000000000001,1.35145,1,1.7
06.08.2021 00:48:18.299,1.3516000000000001,1.35145,1,1
06.08.2021 00:48:21.210,1.35162,1.35144,1,1.5
06.08.2021 00:48:21.510,1.3516000000000001,1.35145,1,1
06.08.2021 00:48:23.274,1.3516000000000001,1.35144,1,1.6
06.08.2021 00:48:31.095,1.3516299999999999,1.35145,1,1.6
06.08.2021 00:48:31.742,1.35162,1.35146,1,1.7
06.08.2021 00:48:31.886,1.35162,1.35146,1,1.7
06.08.2021 00:48:32.151,1.3516299999999999,1.35145,1,1.7
06.08.2021 00:48:32.404,1.3516299999999999,1.35148,1,1.5
06.08.2021 00:48:33.496,1.35166,1.35148,1,1.12
06.08.2021 00:49:09.477,1.35166,1.35148,1,1.5
06.08.2021 00:50:04.748,1.35165,1.3515000000000001,1,1.5
06.08.2021 00:50:04.900,1.35168,1.3515000000000001,1,1.7
06.08.2021 00:50:05.165,1.35168,1.3515100000000002,1,1.6
06.08.2021 00:50:05.267,1.35169,1.35153,1,1.12
06.08.2021 00:50:05.368,1.3517000000000001,1.35152,1,1.62
06.08.2021 00:50:05.469,1.35169,1.35153,1,1.7
06.08.2021 00:50:09.471,1.3517100000000002,1.35155,1,1.12
06.08.2021 00:50:09.622,1.35172,1.35156,1,1.62
06.08.2021 00:50:09.728,1.35173,1.3515700000000002,1,1.5
06.08.2021 00:50:09.829,1.35175,1.35158,1,1.12
06.08.2021 00:50:10.176,1.35175,1.35158,1,1.5
06.08.2021 00:50:11.680,1.35176,1.3516000000000001,1,1.5
06.08.2021 00:50:13.045,1.35176,1.3516100000000002,1,1.57
06.08.2021 00:50:13.146,1.3517700000000001,1.3516000000000001,1,1.7
06.08.2021 00:50:13.259,1.35176,1.3516100000000002,1,1.7
06.08.2021 00:50:13.480,1.3517700000000001,1.3516000000000001,1,1.7
06.08.2021 00:50:13.581,1.35178,1.3516299999999999,1,1.5
06.08.2021 00:50:13.913,1.35179,1.35164,1,1.12
06.08.2021 00:50:14.075,1.3518000000000001,1.3516299999999999,1,1.5
06.08.2021 00:50:14.976,1.3518000000000001,1.3516299999999999,1,1.5
06.08.2021 00:50:15.281,1.3518200000000002,1.35164,1,1.5
06.08.2021 00:50:15.332,1.3518100000000002,1.3517000000000001,1,1
06.08.2021 00:50:15.383,1.35185,1.3517000000000001,1,1.5
06.08.2021 00:50:16.656,1.3518700000000001,1.3517000000000001,1,1
06.08.2021 00:50:16.757,1.35188,1.3517100000000002,1,1.12
06.08.2021 00:50:16.858,1.35183,1.3517000000000001,1,1.5
06.08.2021 00:50:16.997,1.35184,1.35165,1,1.89
06.08.2021 00:50:17.148,1.3518200000000002,1.35166,1,1.35
06.08.2021 00:50:22.443,1.35184,1.35166,1,1.6
06.08.2021 00:50:22.544,1.35184,1.35166,1,1.6
06.08.2021 00:50:22.645,1.35184,1.35166,1,1.6
06.08.2021 00:50:23.321,1.35184,1.35166,1,2.1
06.08.2021 00:50:26.625,1.35179,1.35166,1,1.1
06.08.2021 00:50:26.726,1.3518000000000001,1.3516299999999999,1,2.47
06.08.2021 00:50:26.827,1.35179,1.35164,1,1.6
06.08.2021 00:50:26.928,1.35179,1.35164,1,1.6
06.08.2021 00:50:27.029,1.3518100000000002,1.35164,1,1.6
06.08.2021 00:50:27.079,1.3518200000000002,1.3516700000000001,1,1.1
06.08.2021 00:50:27.180,1.3518200000000002,1.3516700000000001,1,1.22
06.08.2021 00:50:39.071,1.35184,1.3516700000000001,1,1.1
06.08.2021 00:50:39.172,1.35184,1.3516700000000001,1,1.1
06.08.2021 00:50:39.424,1.35185,1.35168,1,1.1
06.08.2021 00:50:39.525,1.35186,1.35168,1,1.1
06.08.2021 00:50:41.030,1.35186,1.35168,1,1.1
06.08.2021 00:51:21.440,1.35185,1.35169,1,2.1
06.08.2021 00:51:21.545,1.35186,1.35168,1,2.1
06.08.2021 00:51:30.506,1.35185,1.35169,1,2.1
06.08.2021 00:51:32.024,1.3518700000000001,1.35169,1,2.1
06.08.2021 00:51:32.758,1.35186,1.35168,1,2.85
06.08.2021 00:51:33.125,1.35186,1.35168,1,2.1
06.08.2021 00:51:36.904,1.35185,1.3517000000000001,1,1.1
06.08.2021 00:51:39.420,1.35185,1.35169,1,1.12
06.08.2021 00:51:39.521,1.35184,1.35169,1,1.1
06.08.2021 00:51:42.584,1.35183,1.3516700000000001,1,2.85
06.08.2021 00:51:42.685,1.35184,1.3516700000000001,1,1.1
06.08.2021 00:51:45.192,1.35184,1.35166,1,1.6
06.08.2021 00:51:45.293,1.35183,1.35166,1,1.6
06.08.2021 00:51:45.721,1.35183,1.3516700000000001,1,2.32
06.08.2021 00:51:45.782,1.35185,1.3516700000000001,1,2.32
06.08.2021 00:51:45.883,1.35185,1.3516700000000001,1,2.35
06.08.2021 00:51:50.621,1.35184,1.35168,1,1.72
06.08.2021 00:51:50.906,1.35184,1.35169,1,1.57
06.08.2021 00:51:51.057,1.35186,1.35168,1,3.85
06.08.2021 00:51:51.417,1.35185,1.35172,1,1
06.08.2021 00:51:57.437,1.35183,1.35172,1,1
06.08.2021 00:52:03.597,1.3518700000000001,1.35172,1,1
06.08.2021 00:52:07.553,1.35189,1.3517100000000002,1,1.57
06.08.2021 00:52:07.604,1.3519,1.35173,1,1.2
06.08.2021 00:52:07.755,1.3519100000000002,1.35172,1,1.6
06.08.2021 00:52:07.856,1.3519100000000002,1.35174,1,2.32
06.08.2021 00:52:07.906,1.35194,1.35176,1,1
06.08.2021 00:52:08.269,1.35195,1.3517700000000001,1,1
06.08.2021 00:52:08.370,1.35194,1.35179,1,1
06.08.2021 00:52:11.086,1.35195,1.3517700000000001,1,1.1
06.08.2021 00:52:12.515,1.35193,1.35176,1,1.6
06.08.2021 00:52:13.535,1.35193,1.35176,1,1.2
06.08.2021 00:52:19.370,1.35195,1.3517700000000001,1,1
06.08.2021 00:52:21.726,1.3519200000000002,1.3517700000000001,1,1.1
06.08.2021 00:52:22.215,1.35194,1.35178,1,1
06.08.2021 00:52:23.415,1.3519200000000002,1.3517700000000001,1,1
06.08.2021 00:52:26.034,1.3519100000000002,1.35176,1,1.57
06.08.2021 00:52:26.135,1.3519,1.35175,1,1.12
06.08.2021 00:52:32.709,1.3519100000000002,1.35175,1,1
06.08.2021 00:52:32.760,1.35194,1.35178,1,1
06.08.2021 00:52:32.861,1.35194,1.3518000000000001,1,1
06.08.2021 00:52:33.315,1.35195,1.3518000000000001,1,1.5
06.08.2021 00:52:35.382,1.35196,1.3518000000000001,1,1
06.08.2021 00:52:42.545,1.35195,1.35179,1,1
06.08.2021 00:52:45.798,1.3519700000000001,1.35179,1,1
06.08.2021 00:52:46.006,1.35198,1.35179,1,1.5
06.08.2021 00:52:46.108,1.35196,1.3518000000000001,1,1
06.08.2021 00:52:46.504,1.35198,1.35179,1,1.5
06.08.2021 00:52:51.110,1.35195,1.3518000000000001,1,1.12
06.08.2021 00:53:00.753,1.35193,1.3517700000000001,1,1.1
06.08.2021 00:53:01.786,1.3519200000000002,1.35176,1,1.97
06.08.2021 00:53:01.888,1.35193,1.35175,1,1.95
06.08.2021 00:53:03.292,1.3519200000000002,1.35175,1,1.2
06.08.2021 00:53:03.393,1.3519,1.35174,1,1.1
06.08.2021 00:53:03.494,1.3519100000000002,1.35172,1,1.6
06.08.2021 00:53:07.534,1.3519,1.35175,1,1
06.08.2021 00:53:07.635,1.3519200000000002,1.35175,1,1.6
06.08.2021 00:53:07.736,1.3519200000000002,1.35175,1,2.85
06.08.2021 00:53:15.353,1.35193,1.35175,1,1.1
06.08.2021 00:53:15.584,1.3519,1.35175,1,1.6
06.08.2021 00:53:15.685,1.3519100000000002,1.35173,1,1.72
06.08.2021 00:53:15.963,1.35188,1.35173,1,1
06.08.2021 00:53:16.064,1.35184,1.35174,1,1
06.08.2021 00:53:16.468,1.35184,1.35168,1,1.6
06.08.2021 00:53:16.569,1.35183,1.35169,1,1.12
06.08.2021 00:53:18.022,1.35184,1.35166,1,2.1
06.08.2021 00:53:21.614,1.35184,1.35166,1,1.2
06.08.2021 00:53:23.364,1.35183,1.3516700000000001,1,1.6
06.08.2021 00:53:34.146,1.35184,1.35166,1,2.1
06.08.2021 00:53:34.356,1.35183,1.3516700000000001,1,2.1
06.08.2021 00:53:39.436,1.35183,1.35168,1,1.1
06.08.2021 00:53:39.587,1.35183,1.35168,1,1.1
06.08.2021 00:53:45.859,1.35185,1.35168,1,1.6
06.08.2021 00:53:45.910,1.35186,1.3517000000000001,1,1
06.08.2021 00:53:49.823,1.3518700000000001,1.3517000000000001,1,1
06.08.2021 00:54:09.866,1.35186,1.3517000000000001,1,1
06.08.2021 00:54:09.967,1.35183,1.3517100000000002,1,1
06.08.2021 00:54:10.626,1.35183,1.3517000000000001,1,1
06.08.2021 00:54:27.434,1.35185,1.3517000000000001,1,1
06.08.2021 00:54:30.358,1.35185,1.35168,1,1
06.08.2021 00:54:30.596,1.3518200000000002,1.3516700000000001,1,1.87
06.08.2021 00:54:30.700,1.3518200000000002,1.35166,1,1.12
06.08.2021 00:54:31.664,1.3518200000000002,1.35165,1,1.5
06.08.2021 00:54:46.556,1.3518000000000001,1.35165,1,1
06.08.2021 00:54:46.807,1.3518000000000001,1.35165,1,1
06.08.2021 00:54:51.521,1.3518200000000002,1.35165,1,1
06.08.2021 00:54:51.672,1.35183,1.35168,1,1.12
06.08.2021 00:54:51.823,1.35185,1.3516700000000001,1,1.12
06.08.2021 00:54:52.858,1.35184,1.3516700000000001,1,1.87
06.08.2021 00:54:53.704,1.35184,1.35169,1,1
06.08.2021 00:54:53.755,1.35185,1.3516700000000001,1,1.12
06.08.2021 00:54:53.856,1.35183,1.35166,1,1.57
06.08.2021 00:55:00.579,1.3518100000000002,1.35164,1,1.12
06.08.2021 00:55:00.681,1.35179,1.35166,1,1
06.08.2021 00:55:01.071,1.3518100000000002,1.35166,1,1
06.08.2021 00:55:03.648,1.35176,1.3516700000000001,1,1
06.08.2021 00:55:03.943,1.35178,1.35166,1,1
06.08.2021 00:55:05.415,1.35179,1.3516700000000001,1,1
06.08.2021 00:55:05.470,1.3517700000000001,1.3516700000000001,1,1
06.08.2021 00:55:07.894,1.3518000000000001,1.35166,1,1
06.08.2021 00:55:08.258,1.3518000000000001,1.35164,1,1
06.08.2021 00:55:08.309,1.35175,1.3516100000000002,1,1
06.08.2021 00:55:08.460,1.35172,1.35158,1,1
06.08.2021 00:55:08.561,1.3517100000000002,1.3515700000000002,1,1
06.08.2021 00:55:08.669,1.3517000000000001,1.35153,1,1.5
06.08.2021 00:55:08.771,1.35169,1.35153,1,1
06.08.2021 00:55:11.893,1.35169,1.35155,1,1
06.08.2021 00:55:19.460,1.3517000000000001,1.35156,1,1
06.08.2021 00:55:19.561,1.35172,1.3515700000000002,1,1
06.08.2021 00:55:19.612,1.35174,1.35158,1,1
06.08.2021 00:55:28.046,1.35176,1.35159,1,1
06.08.2021 00:55:28.428,1.3517700000000001,1.3516100000000002,1,1
06.08.2021 00:55:30.234,1.3517700000000001,1.35162,1,1
06.08.2021 00:55:30.335,1.35178,1.35164,1,1
06.08.2021 00:55:33.327,1.35179,1.35165,1,1
06.08.2021 00:55:46.877,1.3518200000000002,1.35166,1,1
06.08.2021 00:55:46.978,1.35183,1.3516700000000001,1,1
06.08.2021 00:55:47.079,1.35184,1.3516700000000001,1,1
06.08.2021 00:55:47.725,1.35184,1.35169,1,1
06.08.2021 00:55:55.997,1.35185,1.35169,1,1
06.08.2021 00:55:57.116,1.3518700000000001,1.35172,1,1
06.08.2021 00:56:24.475,1.35189,1.35172,1,1
06.08.2021 00:56:24.525,1.3519100000000002,1.35174,1.87,1
06.08.2021 00:56:25.197,1.3519,1.35173,1,1
06.08.2021 00:56:39.128,1.3519100000000002,1.35174,1,1
06.08.2021 00:56:57.373,1.3519200000000002,1.3517700000000001,1,1
06.08.2021 00:56:58.733,1.3519,1.35175,1,1
06.08.2021 00:57:12.452,1.3519,1.35173,1,1
06.08.2021 00:57:13.532,1.35189,1.35172,1,1
06.08.2021 00:57:24.825,1.3519,1.35175,1,1
06.08.2021 00:57:30.025,1.35189,1.35172,1,1
06.08.2021 00:57:30.127,1.35186,1.3517000000000001,1.1,1
06.08.2021 00:57:30.228,1.35184,1.35168,1.1,1
06.08.2021 00:57:30.329,1.35186,1.35169,1.1,1
06.08.2021 00:57:30.430,1.35185,1.3517000000000001,1.1,1
06.08.2021 00:58:01.835,1.35186,1.35169,1.6,1
06.08.2021 00:58:19.808,1.35185,1.3517000000000001,1.22,1
06.08.2021 00:58:19.909,1.35184,1.3516700000000001,1.1,1
06.08.2021 00:58:20.010,1.3518200000000002,1.3516700000000001,1.1,1
06.08.2021 00:58:35.867,1.35184,1.3516700000000001,1.6,1
06.08.2021 00:58:36.082,1.35184,1.35168,2.1,1
06.08.2021 00:58:38.791,1.35184,1.35168,2.1,1
06.08.2021 00:58:38.892,1.35183,1.3516700000000001,1.22,1
06.08.2021 00:58:43.958,1.35183,1.35168,1.97,1
06.08.2021 00:58:44.908,1.35183,1.35168,1.22,1
06.08.2021 00:58:47.190,1.35184,1.35168,1.22,1
06.08.2021 00:58:56.843,1.3518200000000002,1.3516700000000001,1.1,1.12
06.08.2021 00:58:56.994,1.3518100000000002,1.35165,1,1.5
06.08.2021 00:58:59.740,1.3518100000000002,1.3516700000000001,1.12,1.5
06.08.2021 00:59:23.053,1.3518200000000002,1.35166,1,1.12
06.08.2021 00:59:36.880,1.3518100000000002,1.35164,1,1.2
06.08.2021 00:59:36.931,1.35183,1.35168,1.5,1
06.08.2021 00:59:37.089,1.35184,1.35169,1,1
06.08.2021 00:59:37.190,1.3518700000000001,1.3517100000000002,1,1
06.08.2021 00:59:37.291,1.35188,1.35173,1,1
06.08.2021 00:59:49.795,1.35188,1.35172,1,1
06.08.2021 00:59:49.955,1.3518700000000001,1.3517000000000001,1,1.5
06.08.2021 01:00:00.285,1.35186,1.35169,1,1
06.08.2021 01:00:00.587,1.35184,1.35169,1,1.5
06.08.2021 01:00:00.688,1.3518200000000002,1.3516700000000001,1,1.87
06.08.2021 01:00:00.789,1.3518200000000002,1.3517000000000001,1,1
06.08.2021 01:00:00.890,1.3518100000000002,1.35164,1,1.12
06.08.2021 01:00:00.940,1.35178,1.35164,1,1
06.08.2021 01:00:01.041,1.35179,1.3516299999999999,1,1
06.08.2021 01:00:01.142,1.35178,1.3516299999999999,1,1
06.08.2021 01:00:01.394,1.35179,1.35162,1,1.5
06.08.2021 01:00:01.811,1.35179,1.35162,1,1.12
06.08.2021 01:00:02.325,1.35178,1.3516299999999999,1,1.5
06.08.2021 01:00:02.531,1.35178,1.3516299999999999,1,1.12
06.08.2021 01:00:03.267,1.35178,1.35162,1,1.12
06.08.2021 01:00:03.368,1.3517700000000001,1.3516100000000002,1,1.12
06.08.2021 01:00:08.867,1.35176,1.35159,1,1.5
06.08.2021 01:00:08.968,1.35176,1.35159,1,1.5
06.08.2021 01:00:09.228,1.35176,1.35159,1,1.12
06.08.2021 01:00:13.080,1.35174,1.35159,1,1
06.08.2021 01:00:18.107,1.35175,1.35158,1.1,1
06.08.2021 01:00:18.298,1.35174,1.35159,1.1,1
06.08.2021 01:00:33.913,1.35175,1.35158,1.1,1
06.08.2021 01:00:41.012,1.35174,1.35159,1.1,1
06.08.2021 01:00:42.509,1.35173,1.35156,1.1,1.5
06.08.2021 01:00:43.925,1.35173,1.35156,1.1,1.5
06.08.2021 01:00:46.171,1.35172,1.3515700000000002,1.1,1.12
06.08.2021 01:00:48.377,1.35173,1.35156,1.1,1.12
06.08.2021 01:00:52.787,1.35172,1.35155,1.1,1.5
06.08.2021 01:00:52.888,1.3517000000000001,1.35155,1.1,1
06.08.2021 01:01:11.162,1.35172,1.35155,1.1,1.12
06.08.2021 01:01:11.264,1.35172,1.3515700000000002,1.1,1.12
06.08.2021 01:01:16.345,1.35174,1.35159,1.1,1
06.08.2021 01:01:21.289,1.35174,1.35159,1.1,1.12
06.08.2021 01:01:21.715,1.35175,1.35158,1.1,1.12
06.08.2021 01:01:59.110,1.35174,1.35159,1.1,1.12
06.08.2021 01:01:59.211,1.3517000000000001,1.3515700000000002,1.1,1
06.08.2021 01:01:59.312,1.3517000000000001,1.3515700000000002,1.1,1
06.08.2021 01:01:59.573,1.3517000000000001,1.35155,1.1,1
06.08.2021 01:02:00.405,1.3517000000000001,1.35154,1.1,1.62
06.08.2021 01:02:05.649,1.35169,1.35155,1,1.5
06.08.2021 01:02:05.801,1.35168,1.35154,1,1
06.08.2021 01:02:05.902,1.35165,1.3515100000000002,1,1.5
06.08.2021 01:02:06.003,1.35165,1.35149,1,1.5
06.08.2021 01:02:06.104,1.35165,1.35149,1,1
06.08.2021 01:02:10.781,1.3516299999999999,1.3514700000000002,1,1.5
06.08.2021 01:02:12.316,1.3516100000000002,1.35146,1,1.5
06.08.2021 01:02:13.137,1.35162,1.35145,1,1.12
06.08.2021 01:02:14.653,1.3516000000000001,1.35145,1,1.5
06.08.2021 01:02:18.786,1.3516100000000002,1.3514700000000002,1,1
06.08.2021 01:02:18.998,1.3516299999999999,1.35146,1,1
06.08.2021 01:02:22.235,1.35162,1.35145,1,1
06.08.2021 01:02:28.545,1.3516299999999999,1.35146,1,1
06.08.2021 01:02:30.090,1.3516000000000001,1.35144,1,1.12
06.08.2021 01:02:30.321,1.3516100000000002,1.3514700000000002,1,1
06.08.2021 01:02:30.815,1.3516100000000002,1.35145,1,1
06.08.2021 01:02:31.043,1.35162,1.35146,1,1
06.08.2021 01:02:31.144,1.3516100000000002,1.35145,1,1
06.08.2021 01:02:45.335,1.3515700000000002,1.35141,1,1.5
06.08.2021 01:02:45.385,1.35158,1.35144,1,1
06.08.2021 01:03:00.100,1.3516000000000001,1.35144,1,1
06.08.2021 01:03:01.777,1.3516100000000002,1.3514700000000002,1,1
06.08.2021 01:03:23.851,1.3516299999999999,1.3514700000000002,1,1
06.08.2021 01:03:26.698,1.35165,1.35148,1,1
06.08.2021 01:03:30.127,1.35166,1.3515100000000002,1,1
06.08.2021 01:03:31.215,1.35168,1.3515100000000002,1.5,1
06.08.2021 01:03:31.316,1.3517000000000001,1.35155,1.12,1
06.08.2021 01:03:31.367,1.3517100000000002,1.35156,1.12,1
06.08.2021 01:03:31.720,1.35174,1.35156,1.12,1
06.08.2021 01:03:50.690,1.35172,1.35155,1,1
06.08.2021 01:03:58.881,1.35173,1.35155,1.5,1
06.08.2021 01:03:59.145,1.3517100000000002,1.35156,1,1
06.08.2021 01:03:59.297,1.35172,1.35156,1.5,1
06.08.2021 01:04:02.886,1.35172,1.3515700000000002,1,1
06.08.2021 01:04:03.315,1.35174,1.3515700000000002,1,1
06.08.2021 01:04:03.415,1.35176,1.35159,1.5,1
06.08.2021 01:04:09.274,1.3517700000000001,1.35159,1.12,1
06.08.2021 01:04:13.072,1.35178,1.3516100000000002,1.01,1
06.08.2021 01:04:13.124,1.3518100000000002,1.35162,1.45,1
06.08.2021 01:04:13.174,1.3518000000000001,1.3516299999999999,1.2,1
06.08.2021 01:04:13.225,1.3518200000000002,1.35164,1.7,1
06.08.2021 01:04:13.477,1.35184,1.35166,2.85,1
06.08.2021 01:04:13.844,1.35185,1.35166,1.6,1
06.08.2021 01:04:14.758,1.35183,1.35165,1,1
06.08.2021 01:04:25.253,1.3518100000000002,1.35165,1.5,1
06.08.2021 01:04:25.454,1.35178,1.3516299999999999,1,1
06.08.2021 01:04:25.606,1.3518000000000001,1.35162,1,1
06.08.2021 01:04:25.808,1.3518000000000001,1.3516100000000002,1.87,1
06.08.2021 01:04:25.909,1.35178,1.35162,1,1
06.08.2021 01:04:28.259,1.3518000000000001,1.3516100000000002,2.1,1
06.08.2021 01:04:29.261,1.35178,1.3516000000000001,1.5,1
06.08.2021 01:04:29.362,1.35176,1.35158,1,1
06.08.2021 01:04:29.490,1.35176,1.35159,1.2,1
06.08.2021 01:04:32.837,1.3517700000000001,1.3516000000000001,1.1,1
06.08.2021 01:04:33.565,1.3518000000000001,1.3516100000000002,2.32,1
06.08.2021 01:04:33.947,1.3518000000000001,1.35164,1.87,1
06.08.2021 01:04:34.048,1.3518200000000002,1.35166,1.87,1
06.08.2021 01:04:34.391,1.35184,1.35166,1,1
06.08.2021 01:04:34.771,1.35186,1.35168,1.12,1
06.08.2021 01:04:40.920,1.35186,1.35169,1.12,1
06.08.2021 01:04:43.659,1.35186,1.35169,1.5,1
06.08.2021 01:04:45.595,1.3518700000000001,1.35168,1.12,1
06.08.2021 01:04:47.996,1.35185,1.35168,2.07,1
06.08.2021 01:04:48.097,1.35179,1.35164,1,1.12
06.08.2021 01:04:48.198,1.3518200000000002,1.35166,1.1,1
06.08.2021 01:04:48.349,1.3518200000000002,1.35164,2.32,1
06.08.2021 01:04:54.000,1.3518100000000002,1.3516700000000001,1.2,1
06.08.2021 01:04:57.035,1.3518200000000002,1.3516700000000001,1,1
06.08.2021 01:04:57.187,1.35183,1.35168,1.6,1
06.08.2021 01:04:57.555,1.35183,1.35168,1.1,1
06.08.2021 01:04:59.043,1.35184,1.35168,1.2,1
06.08.2021 01:04:59.377,1.35185,1.35169,1.6,1
06.08.2021 01:04:59.478,1.35185,1.3517000000000001,1.1,1
06.08.2021 01:05:00.432,1.3518700000000001,1.3517100000000002,1.22,1
06.08.2021 01:05:00.533,1.3518700000000001,1.3517100000000002,1.87,1
06.08.2021 01:05:00.911,1.3518700000000001,1.3517000000000001,1,1
06.08.2021 01:05:01.622,1.35186,1.3517000000000001,1,1
06.08.2021 01:05:01.673,1.35183,1.35168,1,1
06.08.2021 01:05:01.774,1.3518200000000002,1.3516700000000001,1,1
06.08.2021 01:05:01.824,1.35179,1.35164,1,1.12
06.08.2021 01:05:01.925,1.35178,1.3516100000000002,1,1.5
06.08.2021 01:05:02.026,1.35179,1.35162,1,1
06.08.2021 01:05:02.158,1.3518100000000002,1.35165,1.57,1
06.08.2021 01:05:02.273,1.3518200000000002,1.35165,1.5,1
06.08.2021 01:05:02.991,1.3518200000000002,1.35166,1,1
06.08.2021 01:05:03.206,1.3518000000000001,1.35162,1,1.5
06.08.2021 01:05:03.308,1.3518200000000002,1.35165,1,1
06.08.2021 01:05:03.459,1.3518000000000001,1.35165,1,1
06.08.2021 01:05:07.574,1.3518100000000002,1.35166,1,1
06.08.2021 01:05:27.973,1.35185,1.3516700000000001,1.57,1
06.08.2021 01:05:29.866,1.35186,1.3517000000000001,1,1
06.08.2021 01:05:38.709,1.3518700000000001,1.3517100000000002,1.5,1
06.08.2021 01:05:38.845,1.3518700000000001,1.35172,1,1
06.08.2021 01:05:40.080,1.3518700000000001,1.35173,1,1
06.08.2021 01:05:50.163,1.35186,1.3517100000000002,1,1
06.08.2021 01:05:50.423,1.35185,1.35168,1,1
06.08.2021 01:05:51.245,1.35183,1.35168,1,1
06.08.2021 01:05:56.812,1.35185,1.3516700000000001,1,1
06.08.2021 01:05:56.913,1.35185,1.3517000000000001,1,1
06.08.2021 01:05:57.175,1.3518700000000001,1.3517000000000001,1,1
06.08.2021 01:06:20.072,1.35186,1.35169,1.12,1
06.08.2021 01:06:20.173,1.35184,1.35169,1.5,1
06.08.2021 01:06:20.274,1.3518200000000002,1.3516700000000001,1.12,1
06.08.2021 01:06:20.425,1.35183,1.35166,1.5,1
06.08.2021 01:06:20.546,1.3518200000000002,1.3516700000000001,1.12,1
06.08.2021 01:06:20.648,1.35179,1.35164,1,1
06.08.2021 01:06:20.748,1.3518200000000002,1.35164,1.5,1
06.08.2021 01:06:20.849,1.35179,1.35164,1,1
06.08.2021 01:06:21.511,1.35179,1.35162,1,1
06.08.2021 01:06:21.796,1.3518100000000002,1.3516299999999999,1.5,1
06.08.2021 01:06:22.046,1.3518000000000001,1.35164,1.12,1
06.08.2021 01:06:41.413,1.3518100000000002,1.35164,1.12,1
06.08.2021 01:06:41.514,1.3518200000000002,1.35166,1.5,1
06.08.2021 01:06:41.615,1.3518200000000002,1.35166,1,1
06.08.2021 01:06:41.766,1.35184,1.35168,1.62,1
06.08.2021 01:06:41.867,1.35185,1.3516700000000001,1.5,1
06.08.2021 01:06:47.705,1.3518100000000002,1.35166,1,1
06.08.2021 01:06:47.806,1.3518000000000001,1.35165,1,1
06.08.2021 01:06:48.679,1.3518200000000002,1.35164,1.12,1
06.08.2021 01:06:48.780,1.35179,1.35162,1,1
06.08.2021 01:06:48.931,1.35179,1.35164,1,1
06.08.2021 01:06:58.828,1.3518100000000002,1.3516299999999999,1,1
06.08.2021 01:06:58.931,1.3518200000000002,1.35165,1.6,1
06.08.2021 01:06:59.032,1.35183,1.35164,1.12,1
06.08.2021 01:06:59.133,1.3518200000000002,1.35165,1.5,1
06.08.2021 01:06:59.284,1.3518200000000002,1.35165,1.12,1
06.08.2021 01:07:00.341,1.3518200000000002,1.3516700000000001,1.12,1
06.08.2021 01:07:08.259,1.35183,1.3516700000000001,1,1
06.08.2021 01:07:20.190,1.35188,1.3517100000000002,1.7,1
06.08.2021 01:07:20.291,1.35188,1.35172,1.7,1
06.08.2021 01:07:20.392,1.35189,1.3517000000000001,1.7,1
06.08.2021 01:07:28.436,1.35188,1.3517000000000001,1,1
06.08.2021 01:07:46.048,1.35188,1.3517000000000001,1.5,1
06.08.2021 01:07:46.336,1.35188,1.3517000000000001,1,1
06.08.2021 01:07:46.460,1.3518700000000001,1.35172,1,1
06.08.2021 01:07:50.222,1.3518700000000001,1.3517100000000002,1.5,1
06.08.2021 01:08:09.329,1.35188,1.35169,1.87,1
06.08.2021 01:08:12.062,1.35185,1.3516700000000001,1,1
06.08.2021 01:08:12.360,1.35185,1.35169,1,1
06.08.2021 01:08:41.564,1.35184,1.3516700000000001,1,1
06.08.2021 01:08:41.715,1.3518100000000002,1.35166,1,1
06.08.2021 01:08:41.816,1.3518000000000001,1.3516299999999999,1.5,1
06.08.2021 01:08:42.130,1.3518100000000002,1.35165,1.12,1
06.08.2021 01:08:50.892,1.3518200000000002,1.35164,1.5,1
06.08.2021 01:08:52.252,1.3518200000000002,1.35166,1.5,1
06.08.2021 01:08:52.403,1.35183,1.35168,1.5,1
06.08.2021 01:08:52.554,1.35183,1.35168,1.12,1
06.08.2021 01:08:52.655,1.3518700000000001,1.3516700000000001,2.37,1
06.08.2021 01:08:52.866,1.3518700000000001,1.3516700000000001,1.62,1
06.08.2021 01:08:59.446,1.3518700000000001,1.3516700000000001,1.12,1
06.08.2021 01:09:03.378,1.35185,1.35168,1,1
06.08.2021 01:09:26.778,1.35184,1.3516700000000001,1,1
06.08.2021 01:09:26.912,1.35183,1.35166,1,1
06.08.2021 01:09:28.214,1.3518200000000002,1.35165,1,1
06.08.2021 01:09:52.199,1.35178,1.3516299999999999,1,1
06.08.2021 01:09:52.300,1.35178,1.3516100000000002,1,1
06.08.2021 01:10:02.286,1.35179,1.3516100000000002,1.12,1
06.08.2021 01:10:05.679,1.35179,1.35164,1.12,1
06.08.2021 01:10:09.847,1.35178,1.3516100000000002,1,1
06.08.2021 01:10:12.006,1.3518000000000001,1.35162,1.5,1
06.08.2021 01:10:27.793,1.3517700000000001,1.35162,1,1
06.08.2021 01:10:39.172,1.35179,1.35162,1,1
06.08.2021 01:10:39.581,1.3518100000000002,1.35164,1,1
06.08.2021 01:11:12.994,1.3518200000000002,1.35165,1,1
06.08.2021 01:11:13.145,1.35184,1.3516700000000001,1,1
06.08.2021 01:11:37.774,1.35185,1.35169,2.62,1
06.08.2021 01:11:37.825,1.35184,1.35168,1,1
06.08.2021 01:11:41.049,1.35184,1.35169,1,1
06.08.2021 01:11:44.228,1.3518700000000001,1.3517000000000001,1.95,1
06.08.2021 01:11:44.329,1.3518700000000001,1.35172,1,1
06.08.2021 01:11:44.744,1.3519200000000002,1.35178,1,1
06.08.2021 01:11:44.845,1.35193,1.35176,1.12,1
06.08.2021 01:11:45.056,1.35194,1.35178,1,1
06.08.2021 01:11:45.157,1.35196,1.35179,2,1
06.08.2021 01:11:45.259,1.35196,1.35179,1,1
06.08.2021 01:11:45.411,1.3519700000000001,1.35179,1,1
06.08.2021 01:11:45.577,1.35198,1.3518000000000001,1.12,1
06.08.2021 01:11:58.494,1.35195,1.35178,1,1
06.08.2021 01:12:26.449,1.3519100000000002,1.35174,1,1
06.08.2021 01:12:29.099,1.35193,1.35176,1,1
06.08.2021 01:12:51.780,1.35194,1.3517700000000001,1,1
06.08.2021 01:12:59.344,1.35195,1.3518000000000001,1,1
06.08.2021 01:13:00.639,1.3519700000000001,1.3518100000000002,1,1
06.08.2021 01:13:01.027,1.352,1.3518100000000002,1.87,1
06.08.2021 01:13:01.128,1.35199,1.35183,1.12,1
06.08.2021 01:13:01.449,1.35198,1.35183,1,1
06.08.2021 01:13:05.799,1.35198,1.3518000000000001,1,1
06.08.2021 01:13:09.858,1.35199,1.3518200000000002,1,1
06.08.2021 01:13:09.959,1.35199,1.35183,1,1
06.08.2021 01:13:14.361,1.3520100000000002,1.35184,1,1
06.08.2021 01:13:14.861,1.3520200000000002,1.35184,1,1
06.08.2021 01:13:17.126,1.35203,1.3518700000000001,1,1
06.08.2021 01:13:19.825,1.3520100000000002,1.35186,1,1
06.08.2021 01:13:20.153,1.35199,1.35184,1,1
06.08.2021 01:13:35.007,1.35198,1.3518200000000002,1,1
06.08.2021 01:13:45.336,1.3519700000000001,1.3518000000000001,1,1
06.08.2021 01:13:46.122,1.35196,1.35179,1,1
06.08.2021 01:13:52.669,1.35195,1.35178,1,1
06.08.2021 01:14:05.226,1.3519200000000002,1.3517700000000001,1,1
06.08.2021 01:14:05.948,1.35193,1.35178,1,1
06.08.2021 01:14:18.560,1.3519100000000002,1.35176,1,1
06.08.2021 01:14:29.660,1.35193,1.35176,1,1
06.08.2021 01:14:32.916,1.3519100000000002,1.35176,1.5,1
06.08.2021 01:14:33.017,1.35189,1.35172,1,1
06.08.2021 01:14:33.420,1.3518700000000001,1.35172,1,1
06.08.2021 01:14:50.786,1.35185,1.3517000000000001,1,1
06.08.2021 01:15:00.022,1.35185,1.35168,1,1
06.08.2021 01:15:00.541,1.3518200000000002,1.35169,1,1
06.08.2021 01:15:00.591,1.35179,1.35164,1,1
06.08.2021 01:15:00.642,1.3517700000000001,1.3516299999999999,1,1
06.08.2021 01:15:00.796,1.35174,1.3516000000000001,1,1
06.08.2021 01:15:01.001,1.35173,1.35159,1,1
06.08.2021 01:15:01.051,1.35174,1.35156,1,1
06.08.2021 01:15:01.152,1.35173,1.35156,1,1
06.08.2021 01:15:01.483,1.3517100000000002,1.35154,1,1
06.08.2021 01:15:40.137,1.35169,1.35154,1,1
06.08.2021 01:15:47.832,1.35168,1.35153,1,1
06.08.2021 01:15:48.186,1.35168,1.3515000000000001,1,1
06.08.2021 01:15:54.473,1.3517000000000001,1.35153,1,1
06.08.2021 01:15:54.749,1.35172,1.35154,1,1
06.08.2021 01:16:30.040,1.35172,1.35156,1,1
06.08.2021 01:16:55.641,1.35172,1.35155,1,1
06.08.2021 01:16:55.692,1.3516700000000001,1.35152,1,1.12
06.08.2021 01:17:04.860,1.3517000000000001,1.35152,1.5,1
06.08.2021 01:17:04.961,1.35173,1.35154,1.95,1
06.08.2021 01:17:06.220,1.35176,1.35155,3.6,1
06.08.2021 01:17:06.271,1.35174,1.3515700000000002,1,1
06.08.2021 01:17:06.485,1.3517700000000001,1.3515700000000002,1.1,1
06.08.2021 01:17:06.887,1.3517700000000001,1.35158,1.5,1
06.08.2021 01:17:08.180,1.35179,1.35158,1.95,1
06.08.2021 01:17:08.281,1.35179,1.3516100000000002,3.07,1
06.08.2021 01:17:08.382,1.3518200000000002,1.3516299999999999,3.12,1
06.08.2021 01:17:08.483,1.3518000000000001,1.3516299999999999,1,1
06.08.2021 01:17:08.584,1.35183,1.35164,1.5,1
06.08.2021 01:17:08.634,1.3518200000000002,1.35165,1,1
06.08.2021 01:17:08.751,1.35185,1.35168,2,1
06.08.2021 01:17:08.802,1.3518700000000001,1.35169,1.2,1
06.08.2021 01:17:09.264,1.35189,1.3517000000000001,1.6,1
06.08.2021 01:17:16.864,1.35188,1.35169,1,1
06.08.2021 01:17:16.915,1.35185,1.3516700000000001,1,1
06.08.2021 01:17:27.202,1.35185,1.35168,1,1
06.08.2021 01:18:04.039,1.3518200000000002,1.35168,1,1
06.08.2021 01:18:04.142,1.3518000000000001,1.35166,1,1
06.08.2021 01:18:04.243,1.3518000000000001,1.35164,1,1
06.08.2021 01:18:13.917,1.3517700000000001,1.35162,1,1
06.08.2021 01:19:00.703,1.3517700000000001,1.3516000000000001,1,1
06.08.2021 01:19:42.027,1.35174,1.3516000000000001,1,1
06.08.2021 01:19:42.128,1.35173,1.3515700000000002,1,1
06.08.2021 01:19:51.869,1.3517100000000002,1.35155,1,1
06.08.2021 01:20:01.834,1.35169,1.35153,1,1
06.08.2021 01:20:01.935,1.3516700000000001,1.35153,1,1
06.08.2021 01:20:02.086,1.35169,1.35153,1,1
06.08.2021 01:20:17.746,1.35166,1.35152,1,1.12
06.08.2021 01:20:18.539,1.35165,1.3515100000000002,1,1
06.08.2021 01:21:04.062,1.35168,1.35152,1,1
06.08.2021 01:21:04.847,1.3517000000000001,1.35152,1.12,1
06.08.2021 01:21:04.948,1.3517100000000002,1.35154,2,1
06.08.2021 01:21:05.049,1.3517100000000002,1.35154,1.87,1
06.08.2021 01:21:05.150,1.3517000000000001,1.35152,1,1
06.08.2021 01:21:05.852,1.35172,1.35153,1.12,1
06.08.2021 01:21:05.903,1.35169,1.35153,1,1
06.08.2021 01:21:06.068,1.3517100000000002,1.35154,1.12,1
06.08.2021 01:21:07.107,1.35173,1.35154,1,1
06.08.2021 01:21:07.287,1.35174,1.35155,1.12,1
06.08.2021 01:21:07.338,1.35172,1.35154,1,1
06.08.2021 01:21:07.489,1.35172,1.35156,1,1
06.08.2021 01:21:08.919,1.35172,1.35156,1.5,1
06.08.2021 01:21:12.359,1.35174,1.35156,1.5,1
06.08.2021 01:21:12.700,1.35173,1.3515700000000002,1.12,1
06.08.2021 01:21:12.801,1.35174,1.35156,1.5,1
06.08.2021 01:21:16.098,1.35175,1.35155,1.87,1
06.08.2021 01:21:21.372,1.35173,1.35156,1,1
06.08.2021 01:21:26.254,1.35173,1.3515700000000002,1,1
06.08.2021 01:21:31.865,1.35173,1.35155,1,1
06.08.2021 01:22:11.452,1.3517000000000001,1.35155,1,1.12
06.08.2021 01:22:38.565,1.35169,1.35154,1,1
06.08.2021 01:23:00.886,1.3516700000000001,1.35152,1,1.12
06.08.2021 01:23:07.017,1.35166,1.35149,1,1.5
06.08.2021 01:23:07.118,1.35165,1.3515000000000001,1,1.5
06.08.2021 01:23:07.243,1.35165,1.3515000000000001,1,1.5
06.08.2021 01:23:07.348,1.35168,1.3515100000000002,1,1
06.08.2021 01:23:08.881,1.35166,1.3515100000000002,1,1.12
06.08.2021 01:23:16.414,1.35165,1.3514700000000002,1,1.62
06.08.2021 01:23:17.728,1.35162,1.3514700000000002,1,2.37
06.08.2021 01:23:17.931,1.35162,1.3514700000000002,1,2.37
06.08.2021 01:23:26.154,1.35162,1.35148,1,1
06.08.2021 01:23:35.406,1.35162,1.3514700000000002,1,2.37
06.08.2021 01:23:47.612,1.35162,1.35148,1,1
06.08.2021 01:23:47.884,1.3516299999999999,1.3514700000000002,1,1
06.08.2021 01:23:50.276,1.35162,1.3514700000000002,1,1.5
06.08.2021 01:23:50.377,1.35164,1.3514700000000002,1,1
06.08.2021 01:23:53.008,1.3516299999999999,1.35148,1,1
06.08.2021 01:23:53.109,1.35164,1.35148,1,1.62
06.08.2021 01:23:54.268,1.35164,1.3515000000000001,1,1
06.08.2021 01:24:00.376,1.3516700000000001,1.35149,1,1.5
06.08.2021 01:24:00.747,1.3516700000000001,1.3515000000000001,1,1
06.08.2021 01:24:09.423,1.3516700000000001,1.35153,1,1
06.08.2021 01:24:10.616,1.3516700000000001,1.35152,1,1.12
06.08.2021 01:24:10.717,1.35168,1.35153,1,1
06.08.2021 01:24:12.110,1.35173,1.3516100000000002,1.3,1
06.08.2021 01:24:12.261,1.3517700000000001,1.35162,1.6,1
06.08.2021 01:24:12.311,1.3517700000000001,1.35162,1.1,1
06.08.2021 01:24:12.412,1.35179,1.35162,1.62,1
06.08.2021 01:24:12.513,1.3518200000000002,1.35164,3.6,1
06.08.2021 01:24:13.134,1.35184,1.35165,1.1,1
06.08.2021 01:24:13.235,1.35183,1.3516700000000001,1.1,1
06.08.2021 01:24:13.441,1.35185,1.35166,2.45,1
06.08.2021 01:24:13.587,1.35184,1.3516700000000001,2.14,1
06.08.2021 01:24:14.207,1.35184,1.35168,2.14,1
06.08.2021 01:24:16.127,1.35184,1.3516700000000001,1,1
06.08.2021 01:24:21.882,1.35186,1.3516700000000001,1.72,1
06.08.2021 01:24:22.554,1.35184,1.35166,2.45,1
06.08.2021 01:24:23.126,1.35184,1.3516700000000001,2.45,1
06.08.2021 01:24:27.878,1.35184,1.35165,1.1,1
06.08.2021 01:24:28.446,1.35184,1.35168,1.7,1
06.08.2021 01:24:28.503,1.35185,1.3516700000000001,1.57,1
06.08.2021 01:24:29.299,1.3518700000000001,1.3517100000000002,2.45,1
06.08.2021 01:24:29.400,1.35188,1.3517100000000002,1.1,1
06.08.2021 01:24:31.098,1.3519,1.3517100000000002,1.1,1
06.08.2021 01:24:31.564,1.35188,1.35172,1.1,1
06.08.2021 01:24:35.755,1.35189,1.3517100000000002,1.1,1
06.08.2021 01:24:37.186,1.35189,1.35172,1.1,1
06.08.2021 01:24:38.910,1.3519,1.35173,1.1,1
06.08.2021 01:24:39.076,1.3519,1.3517000000000001,1.1,1
06.08.2021 01:24:39.222,1.35189,1.3517100000000002,1.1,1
06.08.2021 01:24:46.760,1.3519,1.3517000000000001,1.1,1
06.08.2021 01:24:55.343,1.3519,1.35173,1.62,1
06.08.2021 01:24:55.799,1.3519100000000002,1.35174,1.7,1
06.08.2021 01:24:55.900,1.3519200000000002,1.35175,1.6,1
06.08.2021 01:24:56.001,1.35194,1.35176,1.6,1
06.08.2021 01:24:56.067,1.35194,1.35178,1.2,1
06.08.2021 01:24:56.268,1.35194,1.3517700000000001,1,1
06.08.2021 01:25:01.392,1.3519100000000002,1.35176,1,1
06.08.2021 01:25:02.341,1.35195,1.35176,1.1,1
06.08.2021 01:25:05.579,1.35195,1.35175,3.1,1
06.08.2021 01:25:10.098,1.35195,1.35175,3.22,1
06.08.2021 01:25:11.804,1.35195,1.35176,1.6,1
06.08.2021 01:25:12.107,1.35195,1.3517700000000001,1.2,1
06.08.2021 01:25:14.082,1.35195,1.35179,1,1
06.08.2021 01:25:14.183,1.3519700000000001,1.35178,1.87,1
06.08.2021 01:25:14.540,1.35196,1.3518000000000001,1,1
06.08.2021 01:25:15.022,1.35195,1.35179,1,1
06.08.2021 01:25:17.246,1.35195,1.3518000000000001,1,1
06.08.2021 01:25:17.347,1.3519700000000001,1.3518100000000002,1,1
06.08.2021 01:25:17.694,1.3519700000000001,1.35178,1,1
06.08.2021 01:25:17.845,1.35196,1.35178,1,1
06.08.2021 01:25:19.319,1.3519700000000001,1.35178,1.5,1
06.08.2021 01:25:19.484,1.3519700000000001,1.35179,1,1
06.08.2021 01:25:19.991,1.35198,1.35179,1.87,1
06.08.2021 01:25:20.822,1.3519700000000001,1.35179,1,1
06.08.2021 01:25:21.213,1.3519700000000001,1.3518000000000001,1.12,1
06.08.2021 01:25:22.115,1.35198,1.35176,1.87,1
06.08.2021 01:25:22.216,1.3519700000000001,1.35176,1,1
06.08.2021 01:25:22.317,1.3519700000000001,1.3517700000000001,1.12,1
06.08.2021 01:25:22.428,1.3519700000000001,1.35179,1.12,1
06.08.2021 01:25:22.529,1.35198,1.35176,1.12,1
06.08.2021 01:25:22.579,1.3519700000000001,1.35176,1.5,1
06.08.2021 01:25:22.731,1.3519700000000001,1.35175,1.5,1
06.08.2021 01:25:28.326,1.35196,1.3517700000000001,1.5,1
06.08.2021 01:25:32.304,1.35195,1.3518000000000001,1.12,1
06.08.2021 01:25:32.417,1.35193,1.35179,1,1
06.08.2021 01:25:34.160,1.3519700000000001,1.3518000000000001,1.6,1
06.08.2021 01:25:36.365,1.35198,1.35178,1.6,1
06.08.2021 01:25:41.099,1.35198,1.35178,1.2,1
06.08.2021 01:25:41.812,1.35198,1.35179,1.39,1
06.08.2021 01:25:49.099,1.352,1.35179,1.7,1
06.08.2021 01:25:57.098,1.35199,1.3518000000000001,2.45,1
06.08.2021 01:25:57.310,1.352,1.35179,1.12,1
06.08.2021 01:25:58.228,1.352,1.3518000000000001,2.32,1
06.08.2021 01:25:59.166,1.3520100000000002,1.3518000000000001,1.57,1
06.08.2021 01:25:59.267,1.3520100000000002,1.3518200000000002,1.12,1
06.08.2021 01:25:59.419,1.3520100000000002,1.35184,1,1
06.08.2021 01:25:59.834,1.3520200000000002,1.35184,1.62,1
06.08.2021 01:25:59.935,1.3520200000000002,1.35185,1.62,1
06.08.2021 01:26:00.036,1.35203,1.3518700000000001,1.5,1
06.08.2021 01:26:00.137,1.3520400000000001,1.35186,1,1
06.08.2021 01:26:00.238,1.35206,1.3518700000000001,3.5,1
06.08.2021 01:26:00.862,1.35203,1.3518700000000001,1,1
06.08.2021 01:26:03.109,1.3520400000000001,1.35186,1.95,1
06.08.2021 01:26:03.210,1.35205,1.35185,1.97,1
06.08.2021 01:26:03.311,1.3520400000000001,1.35185,2.1,1
06.08.2021 01:26:03.412,1.35205,1.35183,2.85,1
06.08.2021 01:26:03.513,1.3520400000000001,1.35183,1.6,1
06.08.2021 01:26:04.291,1.3520100000000002,1.35183,1.5,1
06.08.2021 01:26:05.648,1.3520200000000002,1.3518100000000002,2.82,1
06.08.2021 01:26:05.749,1.3520200000000002,1.3518100000000002,4.32,1
06.08.2021 01:26:12.598,1.3520100000000002,1.3518100000000002,1.1,1
06.08.2021 01:26:20.231,1.35203,1.3518100000000002,2.47,1
06.08.2021 01:26:22.402,1.3520200000000002,1.3518200000000002,1.87,1
06.08.2021 01:26:25.362,1.3520200000000002,1.35183,1.12,1
06.08.2021 01:26:28.099,1.3520200000000002,1.35183,1.5,1
06.08.2021 01:26:28.578,1.35203,1.35183,1,1
06.08.2021 01:26:36.098,1.3520400000000001,1.35183,2.47,1
06.08.2021 01:26:40.654,1.3520200000000002,1.3518100000000002,1.5,1
06.08.2021 01:26:40.758,1.3520100000000002,1.35183,1.5,1
06.08.2021 01:26:41.073,1.3520100000000002,1.3518100000000002,1.6,1
06.08.2021 01:26:43.599,1.352,1.3518000000000001,1,1
06.08.2021 01:26:46.502,1.3520100000000002,1.3518200000000002,1,1
06.08.2021 01:26:51.599,1.352,1.35183,1,1
06.08.2021 01:26:52.100,1.35198,1.35183,1,1
06.08.2021 01:27:00.702,1.35199,1.3518200000000002,1,1
06.08.2021 01:27:08.813,1.35195,1.35178,1,1
06.08.2021 01:27:08.914,1.3519200000000002,1.35178,1,1
06.08.2021 01:27:09.530,1.35193,1.3517700000000001,1.5,1
06.08.2021 01:27:09.631,1.3519200000000002,1.3517700000000001,1.5,1
06.08.2021 01:27:10.992,1.3519100000000002,1.35176,1.12,1
06.08.2021 01:27:16.106,1.3519100000000002,1.35175,1.12,1
06.08.2021 01:27:16.427,1.3519,1.35174,1,1
06.08.2021 01:27:34.311,1.3519200000000002,1.35175,1.12,1
06.08.2021 01:28:17.853,1.3519200000000002,1.3517700000000001,1,1
06.08.2021 01:28:17.954,1.35195,1.35178,1.12,1
06.08.2021 01:28:42.608,1.3519200000000002,1.35176,1,1
06.08.2021 01:28:42.728,1.3519100000000002,1.35176,1,1
06.08.2021 01:28:42.880,1.3519200000000002,1.35176,1,1
06.08.2021 01:29:28.169,1.3519100000000002,1.35174,1,1
06.08.2021 01:29:30.219,1.35189,1.35174,1,1
06.08.2021 01:29:30.595,1.35188,1.3517100000000002,1,1
06.08.2021 01:29:37.062,1.35189,1.35174,1,1
06.08.2021 01:30:02.437,1.35188,1.3517100000000002,1,1
06.08.2021 01:30:47.742,1.35189,1.35172,1.5,1
06.08.2021 01:30:54.061,1.35189,1.35173,1,1
06.08.2021 01:30:57.398,1.35189,1.35174,1,1.12
06.08.2021 01:31:01.655,1.3519100000000002,1.3517700000000001,1,1
06.08.2021 01:31:39.173,1.35193,1.3517700000000001,1.12,1
06.08.2021 01:31:39.274,1.35195,1.3518100000000002,1.62,1
06.08.2021 01:31:39.683,1.35193,1.35179,1,1
06.08.2021 01:31:40.110,1.3519700000000001,1.35183,1.12,1.5
06.08.2021 01:31:40.211,1.35199,1.35185,1,1
06.08.2021 01:31:43.460,1.3520100000000002,1.3518700000000001,1.12,1
06.08.2021 01:31:43.561,1.35203,1.35186,1.12,1
06.08.2021 01:31:43.826,1.3520200000000002,1.35188,1,1
06.08.2021 01:31:44.732,1.35203,1.35189,1,1
06.08.2021 01:31:44.833,1.35205,1.3519100000000002,1,1
06.08.2021 01:31:46.842,1.35206,1.3519200000000002,1,1
06.08.2021 01:31:49.357,1.35206,1.3519,1,1
06.08.2021 01:32:28.500,1.3520400000000001,1.3519,1,1
06.08.2021 01:32:28.652,1.3520200000000002,1.35188,1,1.5
06.08.2021 01:32:35.953,1.35203,1.3518700000000001,1.5,1
06.08.2021 01:32:41.682,1.35203,1.3518700000000001,1.5,1
06.08.2021 01:32:43.661,1.35203,1.3518700000000001,1.12,1
06.08.2021 01:33:47.028,1.35199,1.35185,1,1
06.08.2021 01:33:47.717,1.35198,1.35184,1.12,1
06.08.2021 01:34:01.996,1.3519700000000001,1.3518000000000001,1,1.5
06.08.2021 01:34:02.097,1.35196,1.35179,1,1
06.08.2021 01:34:02.148,1.35193,1.35179,1,1
06.08.2021 01:34:02.466,1.3519100000000002,1.3517700000000001,1,1.5
06.08.2021 01:34:02.617,1.3519100000000002,1.3517700000000001,1,1
06.08.2021 01:34:17.619,1.3519100000000002,1.3517700000000001,1.12,1.5
06.08.2021 01:34:23.942,1.3519200000000002,1.35176,1,1
06.08.2021 01:34:24.043,1.3519,1.35173,1,1
06.08.2021 01:34:29.426,1.3518700000000001,1.3517100000000002,1,1.12
06.08.2021 01:34:29.527,1.35183,1.35169,1,1.5
06.08.2021 01:34:29.628,1.35184,1.35168,1,1
06.08.2021 01:34:44.655,1.35184,1.35168,1.5,1
06.08.2021 01:34:45.664,1.35184,1.35168,1.5,1.12
06.08.2021 01:35:22.783,1.35183,1.35169,1.5,1
06.08.2021 01:35:33.753,1.35183,1.35169,1.5,1.12
06.08.2021 01:35:44.924,1.35186,1.3517100000000002,2.25,1
06.08.2021 01:35:45.025,1.3518700000000001,1.3517100000000002,1.5,1
06.08.2021 01:35:45.075,1.35189,1.35175,2,1
06.08.2021 01:35:45.176,1.35189,1.35175,1,1
06.08.2021 01:35:56.650,1.35188,1.35172,1,1
06.08.2021 01:36:22.509,1.35188,1.35174,1,1.5
06.08.2021 01:36:22.610,1.3519,1.35176,1.87,1
06.08.2021 01:36:28.216,1.3519200000000002,1.35178,1.12,1
06.08.2021 01:36:59.928,1.35195,1.35178,2,1
06.08.2021 01:37:06.222,1.35194,1.35179,2,1
06.08.2021 01:37:06.677,1.35195,1.35178,2,1
06.08.2021 01:37:08.447,1.35195,1.35178,2,1
06.08.2021 01:37:08.969,1.35194,1.35179,2,1
06.08.2021 01:37:15.870,1.35195,1.35179,1.5,1
06.08.2021 01:37:16.967,1.35195,1.35179,1,1
06.08.2021 01:37:22.804,1.35196,1.35179,1.5,1
06.08.2021 01:37:24.677,1.35196,1.35179,1.5,1
06.08.2021 01:37:24.778,1.35195,1.35178,1,1
06.08.2021 01:37:31.742,1.35195,1.35178,1.5,1
06.08.2021 01:37:33.740,1.35195,1.35178,1.12,1
06.08.2021 01:37:36.198,1.35194,1.3517700000000001,1,1
06.08.2021 01:37:36.414,1.35193,1.35178,1.5,1
06.08.2021 01:37:37.089,1.35193,1.35178,1.62,1
06.08.2021 01:37:37.501,1.3519100000000002,1.35178,1,1
06.08.2021 01:37:39.387,1.3519200000000002,1.35175,1.62,1
06.08.2021 01:37:44.224,1.3519100000000002,1.35176,1,1
06.08.2021 01:37:44.326,1.3519,1.35175,1,1
06.08.2021 01:37:53.331,1.3519,1.35175,1.5,1
06.08.2021 01:37:54.336,1.3519100000000002,1.35174,1.12,1
06.08.2021 01:37:55.384,1.35189,1.35172,1,1
06.08.2021 01:37:55.961,1.35189,1.35172,1.5,1
06.08.2021 01:37:56.401,1.35189,1.35172,1.5,1
06.08.2021 01:38:00.207,1.35188,1.35173,1.12,1
06.08.2021 01:38:00.690,1.35189,1.35172,1.5,1
06.08.2021 01:38:03.591,1.35188,1.35173,1.5,1.12
06.08.2021 01:38:04.242,1.35189,1.35174,1.5,1
06.08.2021 01:38:04.599,1.3519,1.35173,1.5,1
06.08.2021 01:38:06.597,1.3519,1.35173,1.5,1.12
06.08.2021 01:38:17.951,1.3519200000000002,1.35175,1.5,1
06.08.2021 01:38:19.851,1.3519100000000002,1.35176,1.5,1
06.08.2021 01:38:25.735,1.3519100000000002,1.35176,1.5,1
06.08.2021 01:38:31.710,1.3519100000000002,1.35176,1.12,1
06.08.2021 01:38:56.292,1.35193,1.3517700000000001,1.12,1
06.08.2021 01:38:56.493,1.35195,1.3518100000000002,1,1
06.08.2021 01:38:56.594,1.35198,1.35183,1.5,1
06.08.2021 01:38:56.644,1.35198,1.35185,1,1
06.08.2021 01:38:56.746,1.3520200000000002,1.35185,1,1
06.08.2021 01:38:56.897,1.3520400000000001,1.35185,1.62,1
06.08.2021 01:38:57.003,1.3520400000000001,1.3518700000000001,1.5,1
06.08.2021 01:39:03.678,1.3520200000000002,1.3518700000000001,1,1
06.08.2021 01:39:11.462,1.3520200000000002,1.35186,1,1
06.08.2021 01:39:18.885,1.35203,1.3518700000000001,1.87,1
06.08.2021 01:39:24.408,1.3520400000000001,1.3518700000000001,1.5,1
06.08.2021 01:39:25.224,1.35205,1.3518700000000001,1.12,1
06.08.2021 01:39:26.892,1.3520400000000001,1.3518700000000001,1,1
06.08.2021 01:39:31.012,1.35203,1.35186,1,1
06.08.2021 01:39:36.922,1.3520100000000002,1.3518700000000001,1,1
06.08.2021 01:40:03.274,1.3520200000000002,1.3518700000000001,1.12,1
06.08.2021 01:40:04.437,1.3520400000000001,1.3518700000000001,1.62,1
06.08.2021 01:40:04.946,1.3520400000000001,1.3518700000000001,1.5,1
06.08.2021 01:40:16.806,1.3520200000000002,1.3518700000000001,1,1
06.08.2021 01:40:18.502,1.35199,1.35185,1,1.12
06.08.2021 01:40:18.653,1.35199,1.35183,1,1
06.08.2021 01:40:18.754,1.35196,1.35184,1,1
06.08.2021 01:40:18.905,1.35198,1.35184,1,1
06.08.2021 01:40:29.512,1.35199,1.35183,1.5,1
06.08.2021 01:40:31.374,1.3519700000000001,1.3518200000000002,1.12,1
06.08.2021 01:40:31.476,1.3519700000000001,1.3518000000000001,1,1
06.08.2021 01:40:31.779,1.35196,1.3518100000000002,1.62,1
06.08.2021 01:40:38.593,1.35194,1.35179,1,1
06.08.2021 01:40:38.744,1.35194,1.3517700000000001,1.5,1
06.08.2021 01:40:39.356,1.35194,1.3517700000000001,1.62,1
06.08.2021 01:40:40.239,1.3519100000000002,1.35176,1.12,1
06.08.2021 01:40:41.232,1.3519200000000002,1.35175,2.37,1
06.08.2021 01:40:41.618,1.35189,1.35174,1.5,1
06.08.2021 01:40:43.102,1.35189,1.35174,4.25,1
06.08.2021 01:40:43.153,1.3519,1.35173,2.25,1
06.08.2021 01:40:43.204,1.3519,1.35173,2.75,1
06.08.2021 01:40:43.614,1.35189,1.35174,2.75,1
06.08.2021 01:40:45.212,1.3519,1.35173,1.87,1
06.08.2021 01:40:50.697,1.3518700000000001,1.35173,1,1
06.08.2021 01:40:50.836,1.3519,1.35173,1.5,1
06.08.2021 01:41:25.222,1.35189,1.35172,1,1
06.08.2021 01:41:30.507,1.35189,1.3517100000000002,1,1
06.08.2021 01:41:30.863,1.35188,1.3517100000000002,1,1
06.08.2021 01:41:35.309,1.35188,1.3517000000000001,1,1
06.08.2021 01:41:55.276,1.35186,1.3517000000000001,1.1,1
06.08.2021 01:41:57.029,1.3518700000000001,1.3517000000000001,1.95,1
06.08.2021 01:41:57.130,1.35186,1.35172,1.12,1
06.08.2021 01:42:17.922,1.35186,1.3517000000000001,1,1
06.08.2021 01:42:40.303,1.35186,1.3517000000000001,1.5,1.12
06.08.2021 01:42:41.252,1.35185,1.3517100000000002,1.5,1
06.08.2021 01:42:42.294,1.35185,1.35169,1.12,1.5
06.08.2021 01:42:56.318,1.35185,1.35169,1.5,1.12
06.08.2021 01:43:03.343,1.35184,1.3517000000000001,1.5,1.5
06.08.2021 01:43:31.460,1.35184,1.35168,1.12,1
06.08.2021 01:43:32.462,1.35183,1.35169,1.12,1
06.08.2021 01:43:57.618,1.35183,1.35168,1.12,1.62
06.08.2021 01:44:04.601,1.35183,1.35168,1.12,1.62
06.08.2021 01:44:18.667,1.35183,1.35168,1.12,1.62
06.08.2021 01:44:19.684,1.35184,1.3516700000000001,1.12,1.5
06.08.2021 01:44:20.669,1.35184,1.3516700000000001,1.5,1.5
06.08.2021 01:44:28.036,1.3518200000000002,1.35166,1,1
06.08.2021 01:44:28.698,1.3518200000000002,1.35166,1,1
06.08.2021 01:44:29.428,1.3518100000000002,1.35166,1,1
06.08.2021 01:44:31.711,1.3518100000000002,1.35165,1,1.62
06.08.2021 01:44:42.542,1.35179,1.3516299999999999,1,1
06.08.2021 01:44:44.552,1.3517700000000001,1.3516299999999999,1,1.5
06.08.2021 01:44:44.763,1.35178,1.3516100000000002,2,1.5
06.08.2021 01:44:44.814,1.35173,1.3516000000000001,1,1.5
06.08.2021 01:44:44.864,1.35172,1.3515700000000002,1,1.12
06.08.2021 01:44:44.915,1.3517100000000002,1.35155,1,1
06.08.2021 01:44:45.016,1.3517100000000002,1.35154,1,1.12
06.08.2021 01:44:45.167,1.3517000000000001,1.35153,1,1.12
06.08.2021 01:44:47.260,1.35168,1.3515100000000002,1,1
06.08.2021 01:44:51.937,1.35169,1.35152,1,1
06.08.2021 01:44:52.038,1.35172,1.35155,1,1
06.08.2021 01:44:52.225,1.35172,1.3515700000000002,1,1
06.08.2021 01:44:53.397,1.35174,1.35159,1.12,1
06.08.2021 01:45:00.901,1.35175,1.35158,1.6,1
06.08.2021 01:45:08.429,1.35174,1.35159,1.5,1
06.08.2021 01:45:08.935,1.35176,1.3516100000000002,1,1
06.08.2021 01:45:09.036,1.3518100000000002,1.3516700000000001,1.5,1
06.08.2021 01:45:09.137,1.3518200000000002,1.3516700000000001,1,1
06.08.2021 01:45:14.490,1.35184,1.3516700000000001,1,1
06.08.2021 01:45:18.096,1.35184,1.3517000000000001,2.25,1
06.08.2021 01:45:18.440,1.35185,1.3517000000000001,1,1
06.08.2021 01:45:19.171,1.35185,1.35168,1.5,1
06.08.2021 01:45:19.372,1.35186,1.35169,1,1
06.08.2021 01:45:21.727,1.35185,1.35168,1,1
06.08.2021 01:45:24.011,1.35186,1.35169,1.12,1
06.08.2021 01:45:24.112,1.35185,1.3516700000000001,1,1
06.08.2021 01:45:24.543,1.35186,1.35169,1.12,1
06.08.2021 01:45:24.949,1.35186,1.35169,2,1
06.08.2021 01:45:26.387,1.35185,1.35169,2,1
06.08.2021 01:45:26.982,1.35186,1.3517000000000001,3.5,1
06.08.2021 01:45:27.365,1.35185,1.3517100000000002,1.5,1
06.08.2021 01:45:32.580,1.35185,1.35169,1.5,1
06.08.2021 01:45:33.260,1.35184,1.3517100000000002,1.5,1
06.08.2021 01:45:40.179,1.35186,1.3517100000000002,3.5,1
06.08.2021 01:46:46.696,1.35188,1.35173,1.87,1.87
06.08.2021 01:46:46.747,1.35189,1.35174,1,1.1
06.08.2021 01:46:46.848,1.35195,1.3518100000000002,3.5,1
06.08.2021 01:46:46.899,1.35195,1.35183,1,1
06.08.2021 01:46:47.000,1.35196,1.35185,1,1
06.08.2021 01:46:47.055,1.352,1.35185,1.62,1
06.08.2021 01:46:47.106,1.3520400000000001,1.3518700000000001,1.5,1
06.08.2021 01:46:47.157,1.3520400000000001,1.35189,1,1
06.08.2021 01:46:48.119,1.35206,1.3519,1,1
06.08.2021 01:46:48.170,1.35208,1.3519100000000002,1,1
06.08.2021 01:46:48.976,1.35206,1.3519100000000002,1,1
06.08.2021 01:46:49.948,1.35207,1.3519200000000002,1,1
06.08.2021 01:46:53.557,1.35206,1.3519100000000002,1,1
06.08.2021 01:46:54.846,1.35208,1.3519100000000002,1,1
06.08.2021 01:46:54.947,1.35208,1.35193,1,1
06.08.2021 01:47:02.811,1.35207,1.3519200000000002,1,1
06.08.2021 01:47:12.263,1.35207,1.3519100000000002,1,1
06.08.2021 01:47:14.471,1.35205,1.3519,1,1
06.08.2021 01:47:14.572,1.35205,1.35188,1,1
06.08.2021 01:47:14.673,1.3520200000000002,1.3518700000000001,1,1
06.08.2021 01:47:18.278,1.3520200000000002,1.35186,1,1
06.08.2021 01:47:18.379,1.352,1.35185,1,1
06.08.2021 01:47:18.505,1.3520100000000002,1.35185,1,1
06.08.2021 01:47:22.663,1.352,1.35183,1,1
06.08.2021 01:47:32.696,1.3520100000000002,1.35186,1,1
06.08.2021 01:47:32.948,1.35199,1.35184,1,1
06.08.2021 01:47:33.526,1.3520200000000002,1.35185,1.5,1
06.08.2021 01:47:34.291,1.3520100000000002,1.35184,1,1
06.08.2021 01:48:11.024,1.352,1.35183,1,1
06.08.2021 01:48:12.357,1.352,1.35185,1,1
06.08.2021 01:48:12.508,1.3520100000000002,1.35189,1,1
06.08.2021 01:48:12.724,1.3520400000000001,1.35189,1,1
06.08.2021 01:48:17.886,1.3520400000000001,1.35189,1.5,1
06.08.2021 01:48:27.325,1.3520400000000001,1.35189,1,1
06.08.2021 01:48:29.201,1.35205,1.35188,1.5,1
06.08.2021 01:48:32.953,1.3520100000000002,1.35186,1,1
06.08.2021 01:48:33.858,1.3520100000000002,1.35186,1.5,1
06.08.2021 01:48:37.258,1.3520100000000002,1.35186,1,1
06.08.2021 01:48:52.098,1.35203,1.35186,1.5,1
06.08.2021 01:48:53.285,1.35203,1.35186,1.12,1
06.08.2021 01:48:55.029,1.3520200000000002,1.35185,1,1
06.08.2021 01:49:01.146,1.3520200000000002,1.3518700000000001,1.5,1
06.08.2021 01:49:01.373,1.35203,1.3518700000000001,1.5,1
06.08.2021 01:49:05.302,1.3520400000000001,1.35186,1.12,1
06.08.2021 01:49:06.025,1.35203,1.35186,1,1
06.08.2021 01:49:11.664,1.35203,1.3518700000000001,1.12,1
06.08.2021 01:49:13.977,1.3520200000000002,1.3518700000000001,1,1
06.08.2021 01:49:16.579,1.35205,1.35188,1.5,1
06.08.2021 01:49:16.680,1.35206,1.35189,1.62,1
06.08.2021 01:49:17.291,1.35206,1.35189,1.5,1
06.08.2021 01:49:17.363,1.35206,1.35189,1,1
06.08.2021 01:49:33.729,1.35203,1.35185,1,1.5
06.08.2021 01:49:33.830,1.35203,1.35185,1,1.12
06.08.2021 01:49:36.050,1.3520100000000002,1.35186,1,1.12
06.08.2021 01:49:38.822,1.3520100000000002,1.35186,1.5,1
06.08.2021 01:49:40.476,1.3520100000000002,1.35184,1.5,1
06.08.2021 01:49:40.900,1.3520100000000002,1.35184,1.5,1
06.08.2021 01:49:45.874,1.35199,1.35183,1.5,1.12
06.08.2021 01:49:46.045,1.35196,1.3518100000000002,1,1.5
06.08.2021 01:49:46.146,1.35196,1.35179,1,1.5
06.08.2021 01:49:46.248,1.35195,1.3518000000000001,1,1.12
06.08.2021 01:49:47.177,1.35195,1.35178,1,1
06.08.2021 01:49:54.985,1.35194,1.3518200000000002,1.12,1.5
06.08.2021 01:49:55.036,1.35195,1.35178,1.12,1
06.08.2021 01:49:55.087,1.35196,1.3518200000000002,1.5,1
06.08.2021 01:49:56.350,1.35198,1.3518100000000002,1.5,1
06.08.2021 01:49:58.206,1.3519700000000001,1.3518000000000001,1,1
06.08.2021 01:50:01.071,1.35195,1.35178,1,1.12
06.08.2021 01:50:41.359,1.35196,1.3518100000000002,1,1
06.08.2021 01:50:41.559,1.35198,1.3518100000000002,1.5,1
06.08.2021 01:50:41.953,1.352,1.35183,1.5,1
06.08.2021 01:50:42.054,1.35199,1.35184,1.12,1
06.08.2021 01:50:42.396,1.3520100000000002,1.35184,1.12,1
06.08.2021 01:50:43.571,1.3520100000000002,1.35186,1.12,1
06.08.2021 01:50:44.783,1.35203,1.35188,1,1
06.08.2021 01:50:59.662,1.3520200000000002,1.3518700000000001,1,1
06.08.2021 01:50:59.763,1.352,1.35183,1,1
06.08.2021 01:51:04.882,1.35199,1.3518200000000002,1,1
06.08.2021 01:51:16.938,1.3519700000000001,1.3518200000000002,1,1
06.08.2021 01:51:17.089,1.35195,1.35178,1,1
06.08.2021 01:51:20.392,1.35194,1.3517700000000001,1,1
06.08.2021 01:51:20.498,1.3519100000000002,1.3517700000000001,1,1
06.08.2021 01:51:23.928,1.35193,1.35179,1,1
06.08.2021 01:51:25.221,1.35195,1.3518200000000002,1,1
06.08.2021 01:51:25.322,1.3520100000000002,1.35184,1.12,1
06.08.2021 01:51:25.473,1.3520100000000002,1.35186,1.5,1
06.08.2021 01:51:25.675,1.35199,1.35183,1,1.5
06.08.2021 01:51:25.726,1.352,1.35186,1,1
06.08.2021 01:51:25.777,1.3520200000000002,1.35188,1.12,1
06.08.2021 01:51:26.317,1.3520100000000002,1.35185,1,1
06.08.2021 01:51:26.418,1.35195,1.3518100000000002,1,1
06.08.2021 01:51:46.044,1.35194,1.35179,1,1
06.08.2021 01:51:48.188,1.3519200000000002,1.35178,1,1
06.08.2021 01:51:58.881,1.35194,1.3518000000000001,1,1
06.08.2021 01:51:58.982,1.352,1.35184,1.5,1
06.08.2021 01:51:59.083,1.35198,1.35184,1,1
06.08.2021 01:51:59.184,1.3519700000000001,1.3518200000000002,1,1.5
06.08.2021 01:51:59.285,1.35196,1.3518000000000001,1,1.12
06.08.2021 01:52:40.094,1.35194,1.3518000000000001,1,1
06.08.2021 01:52:40.254,1.35193,1.35176,1,1.5
06.08.2021 01:52:40.355,1.3519100000000002,1.35175,1,1.5
06.08.2021 01:52:41.247,1.3519100000000002,1.35175,1,1.5
06.08.2021 01:52:42.243,1.3519,1.35176,1,1
06.08.2021 01:52:42.344,1.3518700000000001,1.35172,1,1.5
06.08.2021 01:52:42.499,1.35188,1.35172,1,1
06.08.2021 01:52:55.007,1.35186,1.3517100000000002,1,1.5
06.08.2021 01:52:55.108,1.35184,1.35169,1,1
06.08.2021 01:52:56.107,1.35184,1.35168,1,1
06.08.2021 01:52:59.674,1.35183,1.35166,1.12,1
06.08.2021 01:53:02.081,1.35186,1.35172,1,1
06.08.2021 01:53:02.132,1.3518700000000001,1.3517100000000002,1,1
06.08.2021 01:53:02.283,1.3518700000000001,1.35172,1.12,1
06.08.2021 01:53:05.707,1.35189,1.3517100000000002,1.5,1
06.08.2021 01:53:09.012,1.3518700000000001,1.35172,1,1
06.08.2021 01:53:09.298,1.35189,1.35172,1.5,1
06.08.2021 01:53:09.399,1.35189,1.35172,1.12,1
06.08.2021 01:53:09.570,1.3518700000000001,1.35172,1,1
06.08.2021 01:53:10.918,1.35189,1.35173,1.62,1
06.08.2021 01:53:11.020,1.3519,1.35172,1.62,1
06.08.2021 01:53:11.170,1.35189,1.35174,1.5,1
06.08.2021 01:53:11.224,1.35188,1.3517100000000002,1,1
06.08.2021 01:53:12.178,1.35188,1.3517100000000002,1,2.75
06.08.2021 01:53:12.288,1.35189,1.3517700000000001,1.5,1
06.08.2021 01:53:12.440,1.3519100000000002,1.35174,1.5,1
06.08.2021 01:53:12.541,1.3519100000000002,1.35176,1.62,1
06.08.2021 01:53:13.197,1.3519200000000002,1.35175,1.62,1
06.08.2021 01:53:13.712,1.3519100000000002,1.35176,1.5,1
06.08.2021 01:53:14.220,1.35193,1.3517700000000001,1,1
06.08.2021 01:53:15.522,1.35193,1.35179,1,1
06.08.2021 01:53:15.786,1.35194,1.35179,1.12,1
06.08.2021 01:53:16.840,1.35195,1.3518000000000001,1,1
06.08.2021 01:53:17.953,1.35196,1.3518000000000001,1.5,1
06.08.2021 01:53:20.782,1.35195,1.3518000000000001,1,1
06.08.2021 01:53:21.119,1.3519700000000001,1.3518000000000001,1.5,1
06.08.2021 01:53:21.782,1.35195,1.3518000000000001,1,1
06.08.2021 01:53:27.118,1.35195,1.3518100000000002,1,1
06.08.2021 01:53:30.806,1.35195,1.3518000000000001,1.12,1
06.08.2021 01:53:31.932,1.35195,1.3518000000000001,1.62,1
06.08.2021 01:53:31.983,1.35193,1.35178,1,1.12
06.08.2021 01:53:32.089,1.3519100000000002,1.3517700000000001,1,1.5
06.08.2021 01:54:05.697,1.35194,1.35178,1,1
06.08.2021 01:54:37.164,1.35193,1.35178,1.5,1.5
06.08.2021 01:54:41.178,1.35195,1.35178,1.5,1.5
06.08.2021 01:54:49.204,1.35194,1.35179,1.5,1.12
06.08.2021 01:54:51.216,1.35194,1.35179,1.5,1.5
06.08.2021 01:54:53.227,1.35194,1.35179,1.5,1.12
06.08.2021 01:54:54.227,1.35195,1.35178,1.5,1.12
06.08.2021 01:54:55.969,1.3519200000000002,1.3517700000000001,1,1.5
06.08.2021 01:54:59.246,1.35195,1.35178,1.62,1.12
06.08.2021 01:55:02.116,1.35194,1.35179,1.5,1.12
06.08.2021 01:55:03.116,1.35194,1.35179,1.5,1.12
06.08.2021 01:55:07.126,1.35194,1.35179,1.5,1.5
06.08.2021 01:55:44.203,1.35194,1.3518000000000001,1.5,1.12
06.08.2021 01:55:46.404,1.35195,1.35179,1.5,1.12
06.08.2021 01:55:47.423,1.35195,1.35179,1.5,1.12
06.08.2021 01:55:48.214,1.3519200000000002,1.35178,1.12,1.12
06.08.2021 01:55:53.595,1.3519200000000002,1.35178,1.12,1.5
06.08.2021 01:56:09.658,1.35193,1.3517700000000001,1.5,1.5
06.08.2021 01:56:12.634,1.3519,1.35176,1,1.5
06.08.2021 01:56:13.677,1.3519,1.35176,1,1.5
06.08.2021 01:56:28.760,1.3519,1.35176,1,1.5
06.08.2021 01:56:38.784,1.3519,1.35176,1,1.5
06.08.2021 01:56:42.795,1.3519,1.35176,1,1.5
06.08.2021 01:56:43.800,1.3519,1.35176,1,1.5
06.08.2021 01:57:34.427,1.3519100000000002,1.35175,1,1.5
06.08.2021 01:57:46.026,1.3519100000000002,1.35175,1,1.5
06.08.2021 01:58:07.091,1.3519100000000002,1.35175,1.12,1.5
06.08.2021 01:58:15.115,1.3519,1.35176,1.12,1.5
06.08.2021 01:58:19.170,1.3519100000000002,1.35175,1.12,1.5
06.08.2021 01:58:24.073,1.3519100000000002,1.35175,1,1
06.08.2021 01:58:24.124,1.35188,1.35172,1,1.5
06.08.2021 01:58:24.275,1.35188,1.35172,1,1
06.08.2021 01:58:25.778,1.35185,1.3517100000000002,1,1
06.08.2021 01:58:32.875,1.35188,1.35172,1,1
06.08.2021 01:59:04.534,1.35186,1.35173,1,1
06.08.2021 01:59:07.816,1.3518700000000001,1.35173,1,1
06.08.2021 01:59:09.278,1.35186,1.3517000000000001,1,1
06.08.2021 01:59:10.923,1.35184,1.3517100000000002,1,1
06.08.2021 01:59:14.975,1.35185,1.3517100000000002,1,1
06.08.2021 01:59:18.359,1.3518700000000001,1.3517100000000002,1.5,1
06.08.2021 01:59:20.671,1.35185,1.35169,1,1
06.08.2021 01:59:22.235,1.35186,1.35172,1.87,1
06.08.2021 01:59:34.922,1.3518700000000001,1.35172,1,1
06.08.2021 01:59:35.023,1.35186,1.35175,1,1
06.08.2021 01:59:35.485,1.35189,1.35175,1.12,1
06.08.2021 01:59:47.341,1.3519,1.35176,1,1
06.08.2021 01:59:47.442,1.3519200000000002,1.35178,1.5,1
06.08.2021 01:59:48.029,1.35193,1.3517700000000001,1.12,1
06.08.2021 01:59:53.950,1.3519200000000002,1.35178,1.5,1
06.08.2021 01:59:54.051,1.35195,1.35179,1,1
06.08.2021 01:59:54.101,1.352,1.35184,1.5,1.5
06.08.2021 01:59:54.203,1.3520200000000002,1.35188,1,1
06.08.2021 01:59:54.471,1.35203,1.35189,1,1
06.08.2021 02:00:00.155,1.3520200000000002,1.35188,1,1
06.08.2021 02:00:00.256,1.3520100000000002,1.35185,1,1
06.08.2021 02:00:01.746,1.35198,1.35184,1,1
06.08.2021 02:01:23.808,1.352,1.35185,1.5,1
06.08.2021 02:01:28.347,1.3520100000000002,1.35186,1,1
06.08.2021 02:02:13.848,1.35199,1.35184,1,1
06.08.2021 02:02:33.811,1.35198,1.35184,1,1
06.08.2021 02:03:00.343,1.352,1.35184,1,1
06.08.2021 02:03:00.445,1.3520200000000002,1.35188,1,1
06.08.2021 02:03:17.847,1.35203,1.3519100000000002,1,2
06.08.2021 02:03:17.897,1.35207,1.35194,1.12,1
06.08.2021 02:03:17.948,1.3521,1.35196,1.5,1.12
06.08.2021 02:03:18.049,1.3521200000000002,1.35198,1,1
06.08.2021 02:03:18.409,1.35215,1.35199,1,1
06.08.2021 02:03:18.560,1.3521200000000002,1.3519700000000001,1,1
06.08.2021 02:03:18.661,1.3521200000000002,1.3519700000000001,1,1.6
06.08.2021 02:03:18.762,1.35213,1.35198,1,1
06.08.2021 02:03:18.916,1.3521400000000001,1.35199,1,1
06.08.2021 02:03:19.024,1.3521400000000001,1.35198,1,2.7
06.08.2021 02:03:19.074,1.35216,1.3520100000000002,1,1
06.08.2021 02:03:19.125,1.35217,1.3520200000000002,1,1.5
06.08.2021 02:03:19.176,1.35219,1.3520400000000001,1,1
06.08.2021 02:03:19.276,1.35218,1.352,1,1.5
06.08.2021 02:03:19.377,1.35217,1.35199,1,2
06.08.2021 02:03:19.428,1.3521400000000001,1.352,1,1.5
06.08.2021 02:03:19.529,1.3521200000000002,1.3520200000000002,1,1
06.08.2021 02:03:19.579,1.35213,1.3519700000000001,1,1.5
06.08.2021 02:03:19.730,1.3521400000000001,1.35198,1,1.5
06.08.2021 02:03:20.442,1.35215,1.35198,1,1.5
06.08.2021 02:03:28.144,1.3521400000000001,1.35198,1,1
06.08.2021 02:04:01.945,1.35213,1.35196,1,1.12
06.08.2021 02:04:04.219,1.3521200000000002,1.3519700000000001,1,1.5
06.08.2021 02:04:06.714,1.3521400000000001,1.3519700000000001,1,1.12
06.08.2021 02:04:07.663,1.3521400000000001,1.352,1,1
06.08.2021 02:04:21.159,1.35215,1.3520100000000002,1,1
06.08.2021 02:04:25.089,1.3522,1.3520200000000002,1,1
06.08.2021 02:04:33.983,1.3522,1.35203,1,1
06.08.2021 02:04:34.134,1.3522,1.35206,1,1
06.08.2021 02:04:34.454,1.3522200000000002,1.35208,1,1.5
06.08.2021 02:04:34.746,1.35224,1.35209,1,1
06.08.2021 02:04:49.365,1.3522500000000002,1.3521,1,1
06.08.2021 02:04:51.839,1.35226,1.35209,1,1.5
06.08.2021 02:05:06.896,1.35226,1.35209,1,1.5
06.08.2021 02:05:22.944,1.3522500000000002,1.3521,1,1.5
06.08.2021 02:05:41.090,1.35228,1.3521100000000001,1,1
06.08.2021 02:06:04.250,1.3523,1.35216,1,1
06.08.2021 02:06:04.411,1.3523100000000001,1.35216,1,1
06.08.2021 02:06:04.685,1.35233,1.35215,1.5,1
06.08.2021 02:06:04.786,1.3523200000000002,1.35216,1,1
06.08.2021 02:06:26.125,1.3523100000000001,1.35217,1,1.5
06.08.2021 02:06:26.236,1.35234,1.35217,1.5,1.5
06.08.2021 02:06:27.127,1.35234,1.35217,1.12,1.5
06.08.2021 02:06:28.085,1.35234,1.35217,1.12,1.5
06.08.2021 02:06:29.090,1.35234,1.35217,1.12,1.5
06.08.2021 02:06:51.347,1.3523500000000002,1.3522100000000001,1,1
06.08.2021 02:06:51.398,1.35238,1.35224,2.75,1
06.08.2021 02:06:51.449,1.35234,1.35224,1,1
06.08.2021 02:06:51.550,1.35233,1.35216,1,2
06.08.2021 02:06:51.651,1.35233,1.35216,1,2
06.08.2021 02:06:55.149,1.35233,1.35218,1,1.62
06.08.2021 02:06:55.531,1.35234,1.35217,1,2
06.08.2021 02:06:56.573,1.3523200000000002,1.35218,1,1.5
06.08.2021 02:06:57.532,1.3523200000000002,1.35218,1,1.5
06.08.2021 02:07:17.106,1.3523100000000001,1.35216,1,1.5
06.08.2021 02:07:17.156,1.3523,1.3521400000000001,1,1.12
06.08.2021 02:07:17.207,1.3522500000000002,1.3521400000000001,1,1.5
06.08.2021 02:07:17.308,1.3522200000000002,1.35209,1,1.6
06.08.2021 02:07:17.359,1.35223,1.35207,1,1.1
06.08.2021 02:07:17.592,1.3522100000000001,1.35208,1,1
06.08.2021 02:07:17.692,1.3522200000000002,1.35205,1,1.57
06.08.2021 02:07:17.978,1.3522,1.3520400000000001,1,1.5
06.08.2021 02:07:18.191,1.3522,1.3520400000000001,1,1
06.08.2021 02:07:19.957,1.35219,1.35203,1,1.5
06.08.2021 02:07:20.339,1.35219,1.3520400000000001,1,1
06.08.2021 02:07:21.410,1.35218,1.3520200000000002,1,1
06.08.2021 02:07:21.511,1.35217,1.3520200000000002,1,1
06.08.2021 02:07:21.742,1.35217,1.3520100000000002,1,1
06.08.2021 02:07:22.958,1.35219,1.35199,1,3
06.08.2021 02:07:26.955,1.35219,1.3520100000000002,1,1
06.08.2021 02:07:27.367,1.35218,1.352,1,2.25
06.08.2021 02:07:27.916,1.35218,1.3520100000000002,1,1
06.08.2021 02:07:28.208,1.35218,1.352,1,1.5
06.08.2021 02:07:29.125,1.35219,1.3520100000000002,1,1
06.08.2021 02:07:29.284,1.35219,1.35199,1,1.5
06.08.2021 02:07:31.625,1.35218,1.3520100000000002,1,1
06.08.2021 02:07:34.901,1.35216,1.352,1,1
06.08.2021 02:07:35.012,1.35217,1.352,1,2.25
06.08.2021 02:07:35.125,1.35218,1.3520400000000001,1,1
06.08.2021 02:07:49.657,1.3522,1.35203,1,1
06.08.2021 02:07:49.759,1.3522100000000001,1.35203,1,1.12
06.08.2021 02:07:49.860,1.3522100000000001,1.3520200000000002,1,4.32
06.08.2021 02:07:49.961,1.35224,1.35207,1,1.1
06.08.2021 02:07:50.062,1.3522500000000002,1.35206,1,3.85
06.08.2021 02:07:50.163,1.3522500000000002,1.35208,1,2.32
06.08.2021 02:07:50.332,1.35226,1.35207,1,2.35
06.08.2021 02:07:50.830,1.35226,1.35206,1,1.1
06.08.2021 02:08:07.450,1.35227,1.35208,1,1.1
06.08.2021 02:08:08.234,1.35226,1.3521100000000001,1,1
06.08.2021 02:08:11.224,1.35228,1.3521,1,1.5
06.08.2021 02:08:32.248,1.3523,1.3521200000000002,1,1
06.08.2021 02:09:00.581,1.3523200000000002,1.3521200000000002,1,1
06.08.2021 02:09:00.682,1.35233,1.35216,1,1
06.08.2021 02:09:00.733,1.35234,1.35218,1.12,1
06.08.2021 02:09:00.936,1.35236,1.35218,1.12,1
06.08.2021 02:09:01.037,1.35237,1.3522,1.5,1
06.08.2021 02:09:01.139,1.35237,1.3522,1,1
06.08.2021 02:09:01.407,1.35234,1.35217,1,2.32
06.08.2021 02:09:01.913,1.35236,1.35218,1,1.1
06.08.2021 02:09:02.446,1.35239,1.3522,1,1
06.08.2021 02:09:03.081,1.35239,1.3522100000000001,1,1
06.08.2021 02:09:03.182,1.3524100000000001,1.35224,1,1
06.08.2021 02:09:03.282,1.3524100000000001,1.3522200000000002,1,1.95
06.08.2021 02:09:03.383,1.3524200000000002,1.3522200000000002,1,1
06.08.2021 02:09:03.620,1.3524100000000001,1.3522200000000002,1,1.95
06.08.2021 02:09:06.517,1.35239,1.35223,1,1
06.08.2021 02:09:09.435,1.35238,1.35219,1,1.95
06.08.2021 02:09:09.536,1.35236,1.3522100000000001,1,1
06.08.2021 02:09:09.587,1.3523500000000002,1.3522200000000002,1,1
06.08.2021 02:09:09.688,1.3523500000000002,1.35217,1,1.6
06.08.2021 02:09:09.818,1.35234,1.35218,1,1.1
06.08.2021 02:09:09.919,1.35236,1.35217,1,1
06.08.2021 02:09:29.889,1.35234,1.35217,1,1
06.08.2021 02:09:39.260,1.35234,1.35216,1,1.12
06.08.2021 02:09:39.361,1.3523100000000001,1.35216,1,1
06.08.2021 02:09:39.462,1.35229,1.3521200000000002,1,2
06.08.2021 02:09:39.513,1.35229,1.3521100000000001,1,2.7
06.08.2021 02:09:39.563,1.35228,1.35215,1,1
06.08.2021 02:09:39.885,1.35228,1.3521100000000001,1,1.62
06.08.2021 02:09:40.858,1.35227,1.3521,1,1.5
06.08.2021 02:09:41.010,1.35227,1.3521,1,1
06.08.2021 02:09:41.960,1.3522500000000002,1.35209,1,1.87
06.08.2021 02:09:45.188,1.35226,1.35208,1,1
06.08.2021 02:09:46.120,1.35224,1.35206,1,1.7
06.08.2021 02:09:46.348,1.35226,1.35207,1,1
06.08.2021 02:09:46.500,1.35227,1.35209,1,1
06.08.2021 02:10:00.589,1.35226,1.35207,1,1.5
06.08.2021 02:10:00.640,1.3522500000000002,1.3520400000000001,1,2
06.08.2021 02:10:00.691,1.3522200000000002,1.3520400000000001,1,1.5
06.08.2021 02:10:00.792,1.3522,1.3520400000000001,1,1.12
06.08.2021 02:10:00.894,1.35219,1.3520200000000002,1,1.87
06.08.2021 02:10:14.690,1.35218,1.352,1,1.87
06.08.2021 02:10:27.769,1.3522,1.3520200000000002,1,1
06.08.2021 02:10:43.558,1.3522,1.3520100000000002,1,1.5
06.08.2021 02:10:49.529,1.3522,1.3520400000000001,1,1
06.08.2021 02:10:57.070,1.3522,1.35203,1,1
06.08.2021 02:10:57.171,1.35218,1.3520100000000002,1,1.2
06.08.2021 02:10:57.678,1.35218,1.352,1,1.12
06.08.2021 02:10:58.595,1.35218,1.3520100000000002,1,1
06.08.2021 02:10:59.717,1.35217,1.3520100000000002,1,1
06.08.2021 02:11:09.829,1.35216,1.35199,1,1
06.08.2021 02:11:32.348,1.35216,1.35199,1,1
06.08.2021 02:11:32.673,1.35217,1.35199,1,2.25
06.08.2021 02:11:57.695,1.35217,1.3520100000000002,1,1
06.08.2021 02:11:58.100,1.35216,1.352,1,3
06.08.2021 02:11:58.206,1.35217,1.352,1,2.62
06.08.2021 02:11:58.307,1.35216,1.352,1,3
06.08.2021 02:12:01.780,1.35218,1.3520100000000002,1,1
06.08.2021 02:12:10.283,1.35217,1.35199,1,4.12
06.08.2021 02:12:10.793,1.35217,1.352,1,1.87
06.08.2021 02:12:10.844,1.35218,1.3520200000000002,1,1
06.08.2021 02:12:15.328,1.35219,1.35203,1,1
06.08.2021 02:12:22.246,1.3522200000000002,1.35205,1.12,1
06.08.2021 02:12:22.347,1.35223,1.35206,1.12,1
06.08.2021 02:12:35.070,1.35223,1.35206,1,1.5
06.08.2021 02:12:35.120,1.35224,1.35209,1,1
06.08.2021 02:12:35.229,1.35228,1.35213,2.25,1
06.08.2021 02:12:35.844,1.35228,1.3521100000000001,1,1.12
06.08.2021 02:12:36.662,1.35228,1.35213,1,1
06.08.2021 02:12:42.998,1.35229,1.3521400000000001,1,1
06.08.2021 02:12:43.099,1.3523100000000001,1.35216,1,1
06.08.2021 02:12:48.902,1.35233,1.35218,1,1
06.08.2021 02:12:51.285,1.35237,1.3522,1.12,1
06.08.2021 02:12:51.998,1.3523500000000002,1.35219,1,1
06.08.2021 02:12:52.209,1.35237,1.3522,1,1
06.08.2021 02:12:52.352,1.35237,1.35218,1,1.5
06.08.2021 02:13:02.665,1.35236,1.3522,1,1
06.08.2021 02:13:05.679,1.35237,1.35218,1,1
06.08.2021 02:13:05.830,1.35237,1.3522100000000001,1,1
06.08.2021 02:13:09.887,1.35236,1.3522,1,1
06.08.2021 02:13:10.272,1.35238,1.3522200000000002,1,1
06.08.2021 02:13:15.103,1.35239,1.35224,1.12,1
06.08.2021 02:13:15.363,1.3524100000000001,1.3522500000000002,1,1
06.08.2021 02:13:33.772,1.35239,1.35223,1,1
06.08.2021 02:13:33.823,1.35238,1.3522100000000001,1,1.12
06.08.2021 02:13:55.095,1.35238,1.35223,1,1
06.08.2021 02:13:55.549,1.3524,1.35223,1,1
06.08.2021 02:13:58.142,1.3524200000000002,1.35227,1,1
06.08.2021 02:13:58.243,1.35247,1.3523,2.62,1
06.08.2021 02:13:58.394,1.35248,1.35233,1.12,1
06.08.2021 02:14:00.075,1.35246,1.3523100000000001,1,1.5
06.08.2021 02:14:01.380,1.3524500000000002,1.35227,1,1.62
06.08.2021 02:14:01.641,1.35244,1.35227,1,1
06.08.2021 02:14:02.140,1.35243,1.35228,1,1
06.08.2021 02:14:06.154,1.35243,1.35227,1,1
06.08.2021 02:14:08.166,1.35244,1.35226,1,1
06.08.2021 02:14:09.435,1.35243,1.35227,1,1
06.08.2021 02:14:13.075,1.3524200000000002,1.35224,1,1.5
06.08.2021 02:14:13.186,1.3524100000000001,1.3522500000000002,1,1.5
06.08.2021 02:14:14.187,1.3524200000000002,1.35224,1,1.12
06.08.2021 02:14:19.201,1.3524100000000001,1.3522500000000002,1,1.5
06.08.2021 02:14:26.224,1.3524200000000002,1.35223,1,2
06.08.2021 02:14:28.431,1.3524,1.35224,1,1
06.08.2021 02:14:28.532,1.35238,1.3522200000000002,1,1
06.08.2021 02:14:28.834,1.35239,1.3522,1,1
06.08.2021 02:14:28.997,1.35237,1.3522100000000001,1,1
06.08.2021 02:14:29.098,1.35236,1.35218,1,1.6
06.08.2021 02:14:29.199,1.35234,1.35218,1,1.2
06.08.2021 02:14:29.978,1.35236,1.35216,1,1
06.08.2021 02:14:30.265,1.35236,1.35218,1,1.12
06.08.2021 02:14:33.743,1.35236,1.35217,1,1
06.08.2021 02:14:35.265,1.35236,1.35219,1,1
06.08.2021 02:14:48.005,1.35236,1.35217,1,1
06.08.2021 02:14:48.106,1.3523100000000001,1.35215,1,1
06.08.2021 02:14:48.308,1.3523,1.3521400000000001,1,1.5
06.08.2021 02:14:59.498,1.3523100000000001,1.35215,1,1
06.08.2021 02:15:00.341,1.35233,1.35216,1,1
06.08.2021 02:15:00.392,1.35234,1.35219,1.12,1
06.08.2021 02:15:00.594,1.3523500000000002,1.35219,1,1
06.08.2021 02:15:01.075,1.35237,1.3522200000000002,1.12,1
06.08.2021 02:15:01.177,1.3524100000000001,1.35226,1.5,1
06.08.2021 02:15:01.278,1.3524200000000002,1.3522500000000002,1,1
06.08.2021 02:15:01.480,1.35243,1.35226,1,1
06.08.2021 02:15:01.582,1.35244,1.35228,1.12,1
06.08.2021 02:15:01.838,1.35246,1.35227,1,1
06.08.2021 02:15:02.067,1.35244,1.35226,1,1.5
06.08.2021 02:15:02.168,1.35244,1.35229,1,1
06.08.2021 02:15:02.269,1.35246,1.35228,1,1
06.08.2021 02:15:02.421,1.3524500000000002,1.35227,1,1
06.08.2021 02:15:02.541,1.35244,1.35226,1,1.12
06.08.2021 02:15:02.774,1.35246,1.35227,1,1
06.08.2021 02:15:02.875,1.35246,1.35229,1,1
06.08.2021 02:15:03.262,1.35244,1.35227,1,1
06.08.2021 02:15:04.400,1.3524100000000001,1.35224,1,1
06.08.2021 02:15:04.450,1.3524200000000002,1.3522500000000002,1,1
06.08.2021 02:15:04.551,1.3524,1.35224,1,1.12
06.08.2021 02:15:04.652,1.3524,1.35223,1,1.12
06.08.2021 02:15:04.937,1.35239,1.3522100000000001,1,1.12
06.08.2021 02:15:07.193,1.35239,1.35223,1,1
06.08.2021 02:15:17.628,1.35239,1.3522100000000001,1,1
06.08.2021 02:15:18.929,1.35236,1.3522,1,1.5
06.08.2021 02:15:23.576,1.35236,1.35218,1,1
06.08.2021 02:15:24.055,1.35236,1.35216,1,1.12
06.08.2021 02:15:24.106,1.3523200000000002,1.35216,1,1
06.08.2021 02:15:24.434,1.3523200000000002,1.3521400000000001,1,1
06.08.2021 02:15:25.961,1.35233,1.35216,1,1
06.08.2021 02:15:28.739,1.35234,1.35218,1.12,1
06.08.2021 02:15:29.626,1.3523500000000002,1.35219,1,1
06.08.2021 02:15:29.987,1.35234,1.35217,1,1
06.08.2021 02:15:31.782,1.35233,1.35217,1,1
06.08.2021 02:15:56.115,1.3523200000000002,1.3521400000000001,1,1
06.08.2021 02:15:56.216,1.3523100000000001,1.35213,1,1
06.08.2021 02:16:15.650,1.3523200000000002,1.35217,1,1
06.08.2021 02:16:15.801,1.3523500000000002,1.35218,1.12,1
06.08.2021 02:16:28.167,1.35236,1.35219,1.12,1
06.08.2021 02:16:32.723,1.35236,1.3522100000000001,1.12,1
06.08.2021 02:16:32.824,1.35237,1.3522200000000002,1,1
06.08.2021 02:16:32.925,1.3524,1.35223,1.12,1
06.08.2021 02:16:33.238,1.3524100000000001,1.35223,1,1
06.08.2021 02:16:33.389,1.3524200000000002,1.35226,1,1
06.08.2021 02:16:34.216,1.35243,1.35228,1,1
06.08.2021 02:16:34.317,1.3524500000000002,1.3523,1.12,1
06.08.2021 02:16:34.418,1.35247,1.3523,1,1
06.08.2021 02:16:35.591,1.35247,1.35229,1,1
06.08.2021 02:16:36.283,1.35247,1.3523,1,1
06.08.2021 02:16:36.791,1.35247,1.35229,1,1.5
06.08.2021 02:16:37.864,1.35247,1.35229,1,1.12
06.08.2021 02:16:38.149,1.35246,1.3523100000000001,1,1
06.08.2021 02:16:40.124,1.35246,1.35229,1,1
06.08.2021 02:16:47.795,1.3524500000000002,1.35228,1,1
06.08.2021 02:16:54.608,1.3524500000000002,1.35227,1,1.5
06.08.2021 02:17:08.161,1.35247,1.35229,1,1
06.08.2021 02:17:08.512,1.35246,1.35227,1,1.5
06.08.2021 02:17:40.856,1.3524500000000002,1.35227,1,1.5
06.08.2021 02:17:48.109,1.3524500000000002,1.35229,1,1
06.08.2021 02:17:48.965,1.35246,1.35227,1,1.5
06.08.2021 02:17:53.025,1.35248,1.3523,1.5,1
06.08.2021 02:17:53.126,1.35246,1.35229,1,1
06.08.2021 02:17:53.228,1.3524500000000002,1.35228,1,1.57
06.08.2021 02:17:53.625,1.35246,1.35227,1,1.7
06.08.2021 02:17:54.602,1.3524500000000002,1.35228,1,1.5
06.08.2021 02:17:55.551,1.35249,1.3523,1,1
06.08.2021 02:17:57.332,1.35248,1.35233,1,1
06.08.2021 02:18:02.637,1.35247,1.3523,1,1
06.08.2021 02:18:26.546,1.3524500000000002,1.3523,1,1
06.08.2021 02:18:26.808,1.35243,1.35228,1,2
06.08.2021 02:18:26.858,1.35243,1.3522500000000002,1,1.5
06.08.2021 02:18:26.959,1.3524200000000002,1.35224,1,1
