Gmt time,Ask,Bid,AskVolume,BidVolume
13.08.2021 00:00:00.679,1.35789,1.35774,1.2,1
13.08.2021 00:00:02.878,1.35789,1.3577100000000002,1,1
13.08.2021 00:00:10.574,1.35788,1.3577299999999999,1,1
13.08.2021 00:00:39.967,1.3579,1.35774,1,1
13.08.2021 00:00:51.710,1.3579,1.35776,1.5,1
13.08.2021 00:00:54.480,1.3579200000000002,1.35776,2.25,1
13.08.2021 00:00:54.581,1.35794,1.35778,1,1
13.08.2021 00:00:54.710,1.35793,1.3577700000000001,1,1
13.08.2021 00:00:59.410,1.35795,1.35779,1,1
13.08.2021 00:00:59.511,1.35796,1.35782,1,1
13.08.2021 00:01:00.326,1.35795,1.35779,1,1.5
13.08.2021 00:01:28.156,1.35796,1.35782,1,1
13.08.2021 00:01:31.603,1.35798,1.3578100000000002,2.25,1
13.08.2021 00:01:32.524,1.35799,1.35783,1.14,1
13.08.2021 00:01:58.837,1.3580200000000002,1.35786,2.62,1
13.08.2021 00:01:58.887,1.3580400000000001,1.35789,2.25,1
13.08.2021 00:01:58.938,1.35806,1.3579200000000002,1.5,1
13.08.2021 00:01:59.039,1.35809,1.35793,1.5,1
13.08.2021 00:01:59.089,1.35809,1.35793,1,1
13.08.2021 00:02:01.077,1.3581,1.35795,1,1
13.08.2021 00:02:09.702,1.3581100000000002,1.3579700000000001,1,1
13.08.2021 00:02:15.578,1.3581400000000001,1.3579700000000001,1,1
13.08.2021 00:02:26.686,1.3581400000000001,1.35799,1,1
13.08.2021 00:02:30.564,1.35816,1.35798,1,1
13.08.2021 00:02:36.240,1.35815,1.358,1,1
13.08.2021 00:02:36.359,1.35815,1.35798,1,1
13.08.2021 00:02:44.119,1.35813,1.3579700000000001,1,1
13.08.2021 00:02:44.170,1.3581100000000002,1.35796,1,1
13.08.2021 00:02:57.977,1.3581400000000001,1.35795,1.12,1
13.08.2021 00:03:05.558,1.3581400000000001,1.35799,1,1
13.08.2021 00:03:05.704,1.35816,1.35799,1,1
13.08.2021 00:03:05.855,1.35818,1.3580100000000002,1.5,1
13.08.2021 00:03:07.105,1.3582200000000002,1.35806,1,1
13.08.2021 00:03:07.155,1.35825,1.35808,1.5,1
13.08.2021 00:03:07.206,1.35825,1.35808,1.5,1
13.08.2021 00:03:07.307,1.3582400000000001,1.35809,1,1
13.08.2021 00:03:07.407,1.35823,1.3580400000000001,1,1
13.08.2021 00:03:07.609,1.3582400000000001,1.35807,1,1
13.08.2021 00:03:08.271,1.35826,1.35808,1.5,1
13.08.2021 00:03:17.574,1.35823,1.35808,1,1
13.08.2021 00:03:17.676,1.3582100000000001,1.35806,1,1
13.08.2021 00:03:18.324,1.3582,1.35805,1,1
13.08.2021 00:03:18.734,1.3582,1.35803,1,1
13.08.2021 00:03:20.680,1.35818,1.35803,1,1
13.08.2021 00:03:22.696,1.35817,1.358,1,1
13.08.2021 00:03:49.297,1.35815,1.358,1,1
13.08.2021 00:04:10.207,1.35816,1.3580200000000002,1,1
13.08.2021 00:04:36.366,1.35817,1.35803,1,1
13.08.2021 00:04:36.467,1.3582100000000001,1.35805,1,1
13.08.2021 00:04:36.993,1.3582400000000001,1.35808,1.5,1
13.08.2021 00:04:37.095,1.3582400000000001,1.35808,1,1
13.08.2021 00:04:43.898,1.3582200000000002,1.35806,1,1
13.08.2021 00:04:43.999,1.3582100000000001,1.35805,1,1
13.08.2021 00:04:44.100,1.35819,1.35803,1,1
13.08.2021 00:04:44.201,1.35817,1.3580100000000002,1,1
13.08.2021 00:04:44.666,1.35816,1.358,1,1
13.08.2021 00:05:03.600,1.35817,1.35803,1,1
13.08.2021 00:05:03.906,1.35818,1.3580400000000001,1,1
13.08.2021 00:05:04.007,1.3582,1.35806,1.5,1
13.08.2021 00:05:04.210,1.3582200000000002,1.35806,1,1
13.08.2021 00:05:04.513,1.35823,1.35809,1,1
13.08.2021 00:05:21.682,1.3582100000000001,1.35807,1,1
13.08.2021 00:05:54.157,1.3582400000000001,1.35808,1.87,1
13.08.2021 00:06:18.060,1.3582200000000002,1.35806,1,1
13.08.2021 00:08:14.939,1.35823,1.35807,1,1
13.08.2021 00:08:22.799,1.35827,1.35813,1.5,1
13.08.2021 00:08:22.849,1.35829,1.35815,1,1
13.08.2021 00:08:23.051,1.3583100000000001,1.35815,1,1
13.08.2021 00:08:24.291,1.3583200000000002,1.35818,1,1
13.08.2021 00:08:24.442,1.35837,1.3582100000000001,1,1
13.08.2021 00:08:30.616,1.35837,1.35823,1,1
13.08.2021 00:08:57.662,1.35836,1.3582200000000002,1,1
13.08.2021 00:09:20.164,1.3583500000000002,1.35819,1,1
13.08.2021 00:09:20.266,1.35833,1.35819,1,1.12
13.08.2021 00:09:21.085,1.3583200000000002,1.35816,1,1.12
13.08.2021 00:09:21.186,1.35826,1.3581100000000002,1,1
13.08.2021 00:09:21.287,1.35825,1.3581100000000002,1,1
13.08.2021 00:09:22.900,1.3582400000000001,1.3581,1,1
13.08.2021 00:09:23.145,1.35823,1.35809,1,1
13.08.2021 00:09:26.183,1.3582200000000002,1.35806,1,1.12
13.08.2021 00:09:41.296,1.3582400000000001,1.35808,1,1
13.08.2021 00:10:03.267,1.35823,1.35806,1,1
13.08.2021 00:10:03.318,1.3582,1.35806,1,1
13.08.2021 00:10:04.111,1.35818,1.3580400000000001,1,1
13.08.2021 00:10:04.452,1.35818,1.3580200000000002,1,1
13.08.2021 00:10:12.307,1.35819,1.35803,1,1
13.08.2021 00:10:12.408,1.35817,1.35803,1,1.5
13.08.2021 00:10:12.459,1.35825,1.35808,1,1
13.08.2021 00:10:12.509,1.3582200000000002,1.35808,1,1
13.08.2021 00:10:12.610,1.3582100000000001,1.35805,1,1
13.08.2021 00:10:13.805,1.3582,1.3580400000000001,1,1
13.08.2021 00:10:16.535,1.35818,1.3580200000000002,1,1
13.08.2021 00:10:16.636,1.35823,1.35809,1,1
13.08.2021 00:10:16.686,1.3582100000000001,1.35807,1,1
13.08.2021 00:10:16.787,1.3582100000000001,1.3580400000000001,1,1
13.08.2021 00:10:16.838,1.35819,1.3580200000000002,1,1
13.08.2021 00:10:16.939,1.35818,1.3580200000000002,1,1
13.08.2021 00:10:17.040,1.35817,1.3580100000000002,1,1
13.08.2021 00:10:20.826,1.35818,1.35803,1,1
13.08.2021 00:10:21.645,1.35819,1.3580400000000001,1,1
13.08.2021 00:10:23.453,1.3582200000000002,1.35805,1.5,1
13.08.2021 00:10:28.142,1.35823,1.35806,1.1,1
13.08.2021 00:10:28.626,1.35823,1.35807,1,1
13.08.2021 00:10:28.935,1.35825,1.35807,2.32,1
13.08.2021 00:10:30.936,1.35826,1.35809,1.1,1
13.08.2021 00:10:31.222,1.3582400000000001,1.3581100000000002,1.12,1
13.08.2021 00:10:31.323,1.3583,1.3581400000000001,1,1
13.08.2021 00:10:31.424,1.35834,1.35819,1.5,1
13.08.2021 00:10:31.475,1.35836,1.3582,1.12,1
13.08.2021 00:10:31.576,1.3584,1.3582100000000001,1.6,1
13.08.2021 00:10:31.677,1.3584100000000001,1.3582400000000001,2.7,1
13.08.2021 00:10:31.979,1.3584200000000002,1.35827,1.1,1
13.08.2021 00:10:32.321,1.35843,1.35827,1.22,1
13.08.2021 00:10:32.422,1.35844,1.35826,1.95,1
13.08.2021 00:10:32.740,1.35843,1.35827,1.97,1
13.08.2021 00:10:33.057,1.35844,1.35828,1.22,1
13.08.2021 00:10:33.612,1.3584200000000002,1.35827,1.1,1
13.08.2021 00:10:37.515,1.3584500000000002,1.35828,2.75,1
13.08.2021 00:10:38.316,1.35844,1.35829,1.5,1
13.08.2021 00:10:39.114,1.35843,1.35829,1,1
13.08.2021 00:10:47.468,1.35843,1.35827,1,1
13.08.2021 00:10:49.551,1.3584100000000001,1.35826,1,1
13.08.2021 00:10:52.821,1.3584200000000002,1.35826,1,1
13.08.2021 00:10:52.872,1.35844,1.35828,1.12,1
13.08.2021 00:10:56.273,1.3584200000000002,1.35826,1,1
13.08.2021 00:10:57.098,1.3584100000000001,1.35825,1,1
13.08.2021 00:10:58.885,1.35839,1.35823,1,1
13.08.2021 00:11:00.449,1.35839,1.35823,2,1
13.08.2021 00:11:00.550,1.35836,1.3582,1.5,1
13.08.2021 00:11:00.909,1.3583500000000002,1.35819,1.12,1
13.08.2021 00:11:03.082,1.35836,1.3582,1,1
13.08.2021 00:11:03.183,1.35836,1.3582200000000002,1,1
13.08.2021 00:12:38.786,1.3583500000000002,1.3582100000000001,1,1
13.08.2021 00:13:00.600,1.35833,1.35819,1,1.87
13.08.2021 00:13:13.297,1.3583100000000001,1.35817,1,1.87
13.08.2021 00:13:20.677,1.3583,1.35816,1,1.12
13.08.2021 00:13:38.756,1.3583100000000001,1.35815,1,1.5
13.08.2021 00:13:38.943,1.35833,1.35817,1,1
13.08.2021 00:13:48.114,1.35833,1.35819,1,1
13.08.2021 00:13:48.345,1.35836,1.3582,1,1
13.08.2021 00:13:48.496,1.35839,1.35823,1,1
13.08.2021 00:13:48.647,1.3584,1.35825,1,1
13.08.2021 00:13:48.748,1.3584100000000001,1.35827,1.5,1
13.08.2021 00:13:48.849,1.35848,1.35833,1,1
13.08.2021 00:13:48.950,1.35851,1.35837,1,1
13.08.2021 00:13:49.421,1.3585500000000001,1.35839,1,1
13.08.2021 00:13:49.522,1.35857,1.3584100000000001,1,1
13.08.2021 00:13:50.472,1.35858,1.3584200000000002,1,1
13.08.2021 00:13:51.816,1.3585600000000002,1.3584200000000002,1,1
13.08.2021 00:13:51.866,1.35854,1.35837,1,1
13.08.2021 00:13:58.892,1.35851,1.35836,1,1.5
13.08.2021 00:14:01.279,1.35854,1.35837,1,1
13.08.2021 00:14:01.640,1.3585500000000001,1.35838,1,1
13.08.2021 00:14:10.069,1.35854,1.35838,1,1
13.08.2021 00:14:10.432,1.3585200000000002,1.35836,1,1
13.08.2021 00:14:11.860,1.3585,1.35834,1,1
13.08.2021 00:14:11.961,1.35849,1.35833,1,1.12
13.08.2021 00:14:12.062,1.35846,1.3583,1,1
13.08.2021 00:14:12.163,1.3584500000000002,1.3583,1,1
13.08.2021 00:14:12.264,1.35844,1.35828,1,1
13.08.2021 00:14:12.714,1.35843,1.35828,1,1
13.08.2021 00:14:12.815,1.3584200000000002,1.35827,1,1
13.08.2021 00:14:13.039,1.3584100000000001,1.3582400000000001,1,1.12
13.08.2021 00:14:18.099,1.35839,1.35825,1,1
13.08.2021 00:14:19.754,1.35837,1.35823,1,1
13.08.2021 00:14:20.230,1.35836,1.3582100000000001,1,1
13.08.2021 00:14:20.481,1.3583500000000002,1.3582,1,1
13.08.2021 00:14:23.743,1.35834,1.35819,1,1
13.08.2021 00:14:25.872,1.3583200000000002,1.35818,1,1
13.08.2021 00:14:26.032,1.35833,1.35819,1,1
13.08.2021 00:14:35.527,1.3583500000000002,1.35819,1,1
13.08.2021 00:14:37.614,1.35834,1.35817,1,1.5
13.08.2021 00:14:37.926,1.3583200000000002,1.35816,1,1
13.08.2021 00:14:44.285,1.35833,1.35819,1,1
13.08.2021 00:14:49.538,1.3583200000000002,1.35816,1,1.12
13.08.2021 00:14:50.697,1.3583100000000001,1.35816,1,1.12
13.08.2021 00:14:52.942,1.3583,1.35815,1,1.12
13.08.2021 00:14:56.193,1.3583,1.35813,1,1
13.08.2021 00:14:56.294,1.35825,1.3581,1,1.12
13.08.2021 00:14:56.648,1.35825,1.35808,1,1.12
13.08.2021 00:15:06.303,1.35825,1.35809,1,1
13.08.2021 00:15:06.404,1.35827,1.3581200000000002,1.12,1
13.08.2021 00:15:06.655,1.35827,1.35809,1,1.12
13.08.2021 00:15:12.477,1.3582400000000001,1.35809,1,1
13.08.2021 00:15:13.296,1.3582200000000002,1.35807,1,1.5
13.08.2021 00:15:13.505,1.3582200000000002,1.35807,1,1
13.08.2021 00:15:13.710,1.3582100000000001,1.35805,1,1.62
13.08.2021 00:15:13.761,1.3582200000000002,1.3580400000000001,1,1
13.08.2021 00:15:13.811,1.35818,1.3580100000000002,1,2.45
13.08.2021 00:15:13.969,1.35818,1.3580100000000002,1,1.2
13.08.2021 00:15:14.170,1.35817,1.358,1,1
13.08.2021 00:15:14.272,1.35815,1.358,1,1.12
13.08.2021 00:15:15.263,1.3581200000000002,1.3579700000000001,1,1.2
13.08.2021 00:15:15.628,1.35815,1.35798,1,1
13.08.2021 00:15:15.729,1.35816,1.358,1.12,1
13.08.2021 00:15:16.490,1.3581400000000001,1.358,1,1
13.08.2021 00:15:30.882,1.35815,1.3580100000000002,1,1
13.08.2021 00:15:32.620,1.35817,1.3580100000000002,1,1
13.08.2021 00:16:04.433,1.35816,1.358,1,1
13.08.2021 00:16:26.281,1.35818,1.35803,1,1
13.08.2021 00:16:26.382,1.3582,1.3580400000000001,1.5,1
13.08.2021 00:16:26.534,1.3582,1.3580400000000001,1.12,1
13.08.2021 00:16:26.635,1.35819,1.35805,1.5,1
13.08.2021 00:16:26.745,1.3582,1.3580400000000001,1.12,1
13.08.2021 00:16:26.846,1.3582100000000001,1.35807,1.62,1
13.08.2021 00:16:26.990,1.35819,1.35805,1.12,1
13.08.2021 00:16:27.091,1.3582200000000002,1.35806,1.5,1
13.08.2021 00:16:28.709,1.3582200000000002,1.35806,1.12,1
13.08.2021 00:16:40.854,1.3582,1.35806,1,1
13.08.2021 00:17:07.196,1.35818,1.3580400000000001,1,1
13.08.2021 00:17:07.398,1.35816,1.3580200000000002,1,1
13.08.2021 00:17:09.835,1.35816,1.358,1.12,1
13.08.2021 00:17:25.048,1.35816,1.3580200000000002,1.12,1
13.08.2021 00:17:25.149,1.35818,1.3580200000000002,1.12,1
13.08.2021 00:17:38.467,1.35819,1.35805,1.12,1
13.08.2021 00:17:38.911,1.3582200000000002,1.35806,1.12,1
13.08.2021 00:17:47.669,1.35823,1.35809,1.12,1
13.08.2021 00:17:47.770,1.35826,1.35813,1,1
13.08.2021 00:17:47.921,1.35829,1.35815,1.62,1
13.08.2021 00:17:48.022,1.3583,1.3581400000000001,1.62,1
13.08.2021 00:17:48.173,1.35829,1.35815,1.5,1
13.08.2021 00:17:48.274,1.35829,1.35813,1,1
13.08.2021 00:17:48.375,1.3583100000000001,1.35815,1.5,1
13.08.2021 00:17:49.190,1.3583,1.35816,1.12,1
13.08.2021 00:17:53.016,1.3583100000000001,1.35815,1.5,1
13.08.2021 00:17:53.120,1.3583100000000001,1.35815,1.12,1
13.08.2021 00:17:55.882,1.3583200000000002,1.35816,1.5,1
13.08.2021 00:17:55.983,1.35836,1.3582200000000002,1.62,1
13.08.2021 00:17:56.084,1.35838,1.3582400000000001,1,1
13.08.2021 00:17:56.135,1.3584100000000001,1.35825,1.5,1
13.08.2021 00:17:56.236,1.3584100000000001,1.35825,1.12,1
13.08.2021 00:17:56.337,1.3584,1.35826,1.5,1
13.08.2021 00:17:56.507,1.3584,1.35826,1.12,1
13.08.2021 00:17:56.608,1.3584200000000002,1.35828,1.5,1
13.08.2021 00:17:56.735,1.3584200000000002,1.35828,1.12,1
13.08.2021 00:17:58.986,1.35844,1.35828,1.12,1
13.08.2021 00:17:59.087,1.3584500000000002,1.3583100000000001,1.5,1
13.08.2021 00:17:59.238,1.3584500000000002,1.3583100000000001,1.5,1
13.08.2021 00:17:59.339,1.35847,1.3583200000000002,1.62,1
13.08.2021 00:17:59.440,1.35848,1.3583100000000001,1.62,1
13.08.2021 00:18:04.495,1.35847,1.3583200000000002,1.5,1
13.08.2021 00:18:12.564,1.35846,1.3583,1,1
13.08.2021 00:18:15.231,1.3584500000000002,1.3583100000000001,1.5,1
13.08.2021 00:18:15.382,1.35846,1.3583,1.12,1
13.08.2021 00:18:20.110,1.3584500000000002,1.35829,1,1
13.08.2021 00:18:22.740,1.3584200000000002,1.35828,1,1
13.08.2021 00:18:25.871,1.3584,1.35826,1,1.5
13.08.2021 00:18:35.577,1.3584200000000002,1.35828,1,1
13.08.2021 00:18:35.729,1.35844,1.3583,1,1
13.08.2021 00:18:35.830,1.35846,1.3583200000000002,1,1
13.08.2021 00:19:05.080,1.3584500000000002,1.35829,1,1
13.08.2021 00:22:22.045,1.35847,1.3583100000000001,1,1
13.08.2021 00:22:22.146,1.35848,1.3583200000000002,1,1
13.08.2021 00:22:22.247,1.3585,1.35834,1.12,1
13.08.2021 00:22:22.348,1.35849,1.3583500000000002,1,1.5
13.08.2021 00:22:22.919,1.3585,1.35836,1,1.12
13.08.2021 00:22:42.283,1.35848,1.3583200000000002,1,1.12
13.08.2021 00:22:42.384,1.35843,1.35829,1,1.62
13.08.2021 00:22:42.649,1.35844,1.35828,1,1
13.08.2021 00:22:59.381,1.3584,1.35826,1,1.12
13.08.2021 00:22:59.482,1.3584,1.3582400000000001,1,1.5
13.08.2021 00:22:59.610,1.3584,1.3582400000000001,1,1
13.08.2021 00:22:59.711,1.35834,1.35817,1,2.37
13.08.2021 00:22:59.761,1.3583200000000002,1.35816,1,1.1
13.08.2021 00:23:02.221,1.3583100000000001,1.35815,1,1
13.08.2021 00:23:24.766,1.35829,1.3581400000000001,1,1.5
13.08.2021 00:23:33.913,1.35827,1.35813,1,1.5
13.08.2021 00:23:35.520,1.3583,1.3581400000000001,1,1.5
13.08.2021 00:23:46.175,1.35829,1.35815,1,1
13.08.2021 00:23:46.226,1.35826,1.3581200000000002,1,1.5
13.08.2021 00:23:46.327,1.35826,1.3581200000000002,1,1
13.08.2021 00:23:46.428,1.3582400000000001,1.3581,1,1
13.08.2021 00:24:35.141,1.35823,1.35809,1,1
13.08.2021 00:24:35.242,1.3582200000000002,1.35806,1,1
13.08.2021 00:24:37.821,1.3582100000000001,1.35805,1,1
13.08.2021 00:24:38.023,1.35818,1.3580400000000001,1,1
13.08.2021 00:24:38.125,1.35818,1.3580200000000002,1,1
13.08.2021 00:25:11.145,1.35816,1.358,1,1
13.08.2021 00:25:41.327,1.35813,1.35799,1,1
13.08.2021 00:25:41.428,1.3581,1.35794,1,1
13.08.2021 00:25:41.631,1.35809,1.35793,1,1
13.08.2021 00:27:00.718,1.35807,1.3579100000000002,1,1
13.08.2021 00:27:03.627,1.35809,1.35793,1,1
13.08.2021 00:27:03.932,1.35809,1.35795,1,1
13.08.2021 00:27:04.033,1.3581400000000001,1.358,1,1
13.08.2021 00:27:04.134,1.35818,1.35803,1,1
13.08.2021 00:27:04.235,1.35819,1.35803,1.5,1
13.08.2021 00:27:04.692,1.3582100000000001,1.3580400000000001,1.5,1
13.08.2021 00:27:32.904,1.35819,1.3580400000000001,1,1
13.08.2021 00:27:33.005,1.35819,1.35803,1,1
13.08.2021 00:27:33.106,1.35818,1.35803,1,1
13.08.2021 00:27:33.207,1.35819,1.3580100000000002,1,1
13.08.2021 00:27:38.596,1.35816,1.3580100000000002,1,1
13.08.2021 00:27:42.474,1.35816,1.358,1,1
13.08.2021 00:28:47.493,1.3581400000000001,1.35798,1,1
13.08.2021 00:28:47.605,1.3581200000000002,1.35798,1,1
13.08.2021 00:28:47.706,1.3581,1.35794,1,1
13.08.2021 00:28:47.807,1.35806,1.3579200000000002,1,1.5
13.08.2021 00:28:47.908,1.35806,1.3579,1,1
13.08.2021 00:28:58.193,1.35806,1.3579200000000002,1,1
13.08.2021 00:29:04.618,1.35808,1.35794,1,1
13.08.2021 00:29:04.719,1.3581200000000002,1.35796,1,1
13.08.2021 00:29:05.297,1.35813,1.35799,1,1
13.08.2021 00:29:05.398,1.3581400000000001,1.358,1,1
13.08.2021 00:29:05.789,1.35817,1.3580100000000002,1.5,1
13.08.2021 00:29:54.695,1.35816,1.358,1,1
13.08.2021 00:29:56.234,1.35813,1.35799,1,1
13.08.2021 00:30:54.964,1.3581100000000002,1.3579700000000001,1,1
13.08.2021 00:30:57.551,1.35809,1.35795,1,1
13.08.2021 00:30:57.652,1.35808,1.35794,1,1
13.08.2021 00:30:57.753,1.35807,1.35793,1,1
13.08.2021 00:30:58.156,1.35805,1.3579100000000002,1,1
13.08.2021 00:30:58.380,1.35805,1.35789,1,1
13.08.2021 00:30:59.452,1.35803,1.3578700000000001,1,1
13.08.2021 00:31:01.448,1.3580100000000002,1.35785,1,1
13.08.2021 00:31:06.156,1.358,1.35784,1,1
13.08.2021 00:31:06.413,1.3580100000000002,1.35785,1,1
13.08.2021 00:31:19.946,1.3580200000000002,1.35788,1,1
13.08.2021 00:31:22.580,1.3580400000000001,1.3578700000000001,1,1
13.08.2021 00:31:36.133,1.3580200000000002,1.35786,1,1
13.08.2021 00:31:38.216,1.35799,1.35785,1,1
13.08.2021 00:32:29.331,1.35798,1.35783,1,1
13.08.2021 00:34:48.847,1.35798,1.35782,1,1
13.08.2021 00:36:21.279,1.35799,1.35783,1,1
13.08.2021 00:36:21.380,1.35803,1.3578700000000001,1.5,1
13.08.2021 00:36:21.431,1.35803,1.35789,1,1
13.08.2021 00:36:21.532,1.35805,1.35789,1.12,1
13.08.2021 00:36:21.633,1.35807,1.3579100000000002,1,1
13.08.2021 00:36:24.112,1.35807,1.35793,1,1
13.08.2021 00:36:24.163,1.35809,1.35794,1,1
13.08.2021 00:36:24.214,1.3581100000000002,1.3579700000000001,1.12,1
13.08.2021 00:36:24.315,1.3581400000000001,1.35798,1.5,1
13.08.2021 00:36:24.365,1.3581400000000001,1.35798,1,1
13.08.2021 00:36:24.681,1.35815,1.3579700000000001,1,1
13.08.2021 00:36:36.294,1.3581200000000002,1.3579700000000001,1,1
13.08.2021 00:37:00.979,1.3581,1.35796,1,1
13.08.2021 00:37:01.080,1.35809,1.35795,1,1
13.08.2021 00:37:02.140,1.35807,1.35793,1,1
13.08.2021 00:37:43.803,1.3581,1.35794,1,1
13.08.2021 00:37:43.954,1.3581100000000002,1.35795,1,1
13.08.2021 00:39:39.034,1.35813,1.3579700000000001,1,1
13.08.2021 00:39:48.335,1.35813,1.35799,1,1
13.08.2021 00:39:48.436,1.35816,1.358,1.12,1
13.08.2021 00:39:48.537,1.35817,1.35803,1,1
13.08.2021 00:39:51.330,1.35819,1.35805,1,1
13.08.2021 00:40:09.742,1.35823,1.35807,1,1
13.08.2021 00:40:09.843,1.35826,1.3581100000000002,1.5,1
13.08.2021 00:40:09.949,1.35826,1.3581100000000002,1,1
13.08.2021 00:40:10.050,1.35827,1.35813,1,1
13.08.2021 00:40:10.151,1.3583100000000001,1.35818,1,1
13.08.2021 00:40:10.252,1.35833,1.35817,1,1
13.08.2021 00:40:10.453,1.3583100000000001,1.35816,1,1
13.08.2021 00:40:12.128,1.3583,1.3581400000000001,1,1
13.08.2021 00:41:13.037,1.3583100000000001,1.35817,1,1
13.08.2021 00:41:13.138,1.35834,1.35818,1.12,1
13.08.2021 00:41:13.354,1.3583100000000001,1.35817,1,1
13.08.2021 00:41:20.544,1.3583100000000001,1.35815,1,1
13.08.2021 00:41:26.368,1.3583,1.35813,1,1
13.08.2021 00:41:52.548,1.3583,1.3581400000000001,1,1
13.08.2021 00:41:52.599,1.3583200000000002,1.35816,1,1
13.08.2021 00:41:58.058,1.35829,1.35815,1,1
13.08.2021 00:42:14.974,1.3583100000000001,1.35817,1.12,1
13.08.2021 00:42:15.075,1.35833,1.35819,1.5,1
13.08.2021 00:42:16.023,1.35834,1.35818,1.12,1
13.08.2021 00:42:22.823,1.35836,1.3582200000000002,1,1
13.08.2021 00:42:22.974,1.35838,1.3582200000000002,1,1
13.08.2021 00:42:31.312,1.35836,1.3582,1,1
13.08.2021 00:42:31.413,1.35834,1.3582,1,1
13.08.2021 00:42:31.528,1.35833,1.35819,1,1
13.08.2021 00:42:34.686,1.3583200000000002,1.35816,1,1
13.08.2021 00:42:35.057,1.3583,1.35816,1,1
13.08.2021 00:42:36.482,1.35828,1.3581400000000001,1,1
13.08.2021 00:42:38.758,1.35827,1.3581100000000002,1,1
13.08.2021 00:42:39.796,1.3582400000000001,1.35808,1,1.5
13.08.2021 00:43:15.272,1.3582200000000002,1.35808,2.25,1
13.08.2021 00:43:15.373,1.35818,1.35803,1,1
13.08.2021 00:43:15.474,1.35818,1.3580200000000002,1,1
13.08.2021 00:43:37.305,1.35818,1.3580400000000001,1,1
13.08.2021 00:45:16.712,1.3582200000000002,1.35808,1,1
13.08.2021 00:45:16.863,1.35825,1.35809,1,1
13.08.2021 00:45:33.364,1.35825,1.3581100000000002,1,1
13.08.2021 00:46:59.977,1.35825,1.35809,1,1
13.08.2021 00:47:16.969,1.35823,1.35809,1,1
13.08.2021 00:47:20.947,1.3582100000000001,1.35807,1,1
13.08.2021 00:47:21.048,1.3582,1.35806,1,1
13.08.2021 00:47:41.136,1.35819,1.35803,1,1.5
13.08.2021 00:47:41.401,1.35818,1.3580200000000002,1,1
13.08.2021 00:47:41.602,1.35816,1.35803,1,1
13.08.2021 00:47:42.008,1.35817,1.35803,1,1
13.08.2021 00:47:45.339,1.35815,1.3580100000000002,1,1
13.08.2021 00:48:22.122,1.3581400000000001,1.358,1,1
13.08.2021 00:48:22.324,1.35813,1.3579700000000001,1,1.12
13.08.2021 00:49:10.446,1.3581400000000001,1.358,1,1
13.08.2021 00:49:10.547,1.35815,1.3580100000000002,1,1
13.08.2021 00:49:12.199,1.35816,1.3580200000000002,1,1
13.08.2021 00:49:12.470,1.35817,1.35803,1,1
13.08.2021 00:49:14.770,1.35819,1.35805,1,1
13.08.2021 00:49:15.319,1.3582100000000001,1.35807,1,1
13.08.2021 00:49:19.566,1.35823,1.35809,1,1
13.08.2021 00:49:19.718,1.35826,1.3581100000000002,1,1
13.08.2021 00:49:20.125,1.35829,1.3581100000000002,1,1
13.08.2021 00:49:20.561,1.3583,1.3581400000000001,1.5,1
13.08.2021 00:49:21.018,1.3583100000000001,1.3581400000000001,1,1
13.08.2021 00:49:21.430,1.35833,1.35816,1,1
13.08.2021 00:50:38.371,1.35836,1.35817,1.5,1
13.08.2021 00:50:38.472,1.35836,1.35819,2,1
13.08.2021 00:50:38.523,1.35837,1.3582100000000001,1.5,1
13.08.2021 00:50:39.854,1.3584,1.35823,1.6,1
13.08.2021 00:50:40.007,1.35839,1.3582400000000001,1.12,1
13.08.2021 00:50:44.470,1.35839,1.3582200000000002,1,1
13.08.2021 00:50:53.072,1.35839,1.3582200000000002,1.7,1
13.08.2021 00:50:56.319,1.3584,1.3582100000000001,1.5,1
13.08.2021 00:51:01.092,1.35838,1.3582200000000002,1,1
13.08.2021 00:51:01.217,1.35838,1.3582,1,1
13.08.2021 00:51:03.719,1.35837,1.3582,1,1
13.08.2021 00:51:03.821,1.3583500000000002,1.35819,1,1
13.08.2021 00:51:10.111,1.3583500000000002,1.35817,1,1
13.08.2021 00:51:10.213,1.3583,1.3581400000000001,1,1
13.08.2021 00:51:16.832,1.35829,1.3581200000000002,1.1,1
13.08.2021 00:51:16.882,1.35827,1.3581100000000002,1,1
13.08.2021 00:51:18.009,1.35825,1.3581,1,1
13.08.2021 00:51:18.162,1.35825,1.35808,1,1
13.08.2021 00:51:52.133,1.35826,1.35809,1.5,1
13.08.2021 00:51:52.234,1.35825,1.3581,1,1
13.08.2021 00:52:05.048,1.35828,1.35813,1,1
13.08.2021 00:52:05.149,1.3583100000000001,1.3581400000000001,1.12,1
13.08.2021 00:52:05.544,1.3583200000000002,1.35817,1,1
13.08.2021 00:52:05.696,1.35833,1.35818,1,1
13.08.2021 00:52:05.797,1.35838,1.3582,1.62,1
13.08.2021 00:52:05.899,1.35838,1.3582,1.12,1
13.08.2021 00:52:06.080,1.35838,1.3582200000000002,1.12,1
13.08.2021 00:52:06.232,1.3584,1.35823,1,1
13.08.2021 00:52:20.071,1.35836,1.3582200000000002,1,1
13.08.2021 00:52:20.450,1.3583500000000002,1.3582100000000001,1,1
13.08.2021 00:53:13.767,1.35837,1.35823,1,1
13.08.2021 00:53:15.005,1.3584,1.3582400000000001,1,1
13.08.2021 00:53:18.411,1.3584200000000002,1.35826,1.12,1
13.08.2021 00:53:35.187,1.35843,1.35827,1.12,1
13.08.2021 00:54:00.502,1.3584500000000002,1.35828,1.5,1
13.08.2021 00:54:00.628,1.35844,1.35829,1.5,1
13.08.2021 00:54:01.622,1.35844,1.35829,1.5,1
13.08.2021 00:54:07.810,1.35846,1.3583,1.5,1
13.08.2021 00:54:07.861,1.35846,1.3583,1.12,1
13.08.2021 00:54:17.888,1.3584500000000002,1.3583100000000001,1.5,1
13.08.2021 00:54:20.865,1.35847,1.35833,1.5,1
13.08.2021 00:54:21.385,1.35848,1.3583200000000002,1.5,1
13.08.2021 00:54:22.485,1.35847,1.35833,1.5,1
13.08.2021 00:54:23.490,1.35847,1.35833,1.5,1
13.08.2021 00:54:41.427,1.35847,1.35833,1.5,1
13.08.2021 00:54:44.016,1.3584500000000002,1.3583100000000001,1,1
13.08.2021 00:55:00.599,1.35844,1.3583100000000001,1,1
13.08.2021 00:55:01.040,1.35844,1.3583,1.5,1
13.08.2021 00:55:01.191,1.35843,1.35827,1,1
13.08.2021 00:55:18.644,1.3584100000000001,1.35827,1,1
13.08.2021 00:55:18.745,1.35839,1.35825,1,1
13.08.2021 00:55:18.896,1.35838,1.3582200000000002,1,1
13.08.2021 00:55:19.047,1.35836,1.3582,1,1
13.08.2021 00:55:32.314,1.35834,1.35818,1,1.5
13.08.2021 00:55:32.415,1.3583100000000001,1.35817,1,1
13.08.2021 00:56:51.886,1.35833,1.35819,1,1
13.08.2021 00:56:51.987,1.3583500000000002,1.3582100000000001,1,1
13.08.2021 00:56:52.239,1.35837,1.3582100000000001,1,1
13.08.2021 00:56:52.390,1.35839,1.35823,1.12,1
13.08.2021 00:56:58.262,1.35836,1.3582200000000002,1,1
13.08.2021 00:57:16.539,1.35838,1.3582400000000001,1.5,1
13.08.2021 00:57:23.179,1.35838,1.3582200000000002,1,1
13.08.2021 00:57:23.480,1.35836,1.3582200000000002,1,1
13.08.2021 00:57:24.763,1.35834,1.3582,1,1.5
13.08.2021 00:57:30.080,1.35834,1.3582,1.1,1
13.08.2021 00:57:30.131,1.3583100000000001,1.35817,1.1,1
13.08.2021 00:57:31.006,1.3583200000000002,1.35816,1.1,1
13.08.2021 00:57:33.084,1.3583200000000002,1.35816,1.1,1
13.08.2021 00:57:33.648,1.3583200000000002,1.35816,1.1,1
13.08.2021 00:57:41.649,1.3583100000000001,1.35815,1.1,1
13.08.2021 00:57:41.901,1.3583,1.35816,1.1,1
13.08.2021 00:57:42.010,1.35829,1.35813,1.1,1
13.08.2021 00:57:42.111,1.35827,1.3581,1.1,1
13.08.2021 00:57:42.214,1.35826,1.3581100000000002,1.1,1
13.08.2021 00:57:42.315,1.35826,1.3581100000000002,1.1,1
13.08.2021 00:57:42.973,1.35825,1.35809,1.1,1
13.08.2021 00:57:45.037,1.35825,1.35809,1.1,1
13.08.2021 00:57:53.913,1.35825,1.35809,1.1,1
13.08.2021 00:57:54.180,1.3582400000000001,1.3581,1.1,1
13.08.2021 00:58:17.244,1.35825,1.35809,1.1,1
13.08.2021 00:58:18.146,1.3582200000000002,1.35806,1.1,1
13.08.2021 00:58:18.196,1.3582,1.3580400000000001,1.1,1.12
13.08.2021 00:58:18.247,1.3582,1.35803,1,1.62
13.08.2021 00:58:18.298,1.3582,1.35803,1.1,1.5
13.08.2021 00:58:22.661,1.3582,1.35803,1.1,1
13.08.2021 00:58:24.447,1.3582,1.35803,1.1,1
13.08.2021 00:58:34.588,1.35819,1.3580400000000001,1.1,1
13.08.2021 00:58:38.103,1.3582,1.35803,1,1
13.08.2021 00:58:38.153,1.3582,1.35803,1.1,1
13.08.2021 00:59:28.066,1.3582,1.35803,1.1,1
13.08.2021 00:59:31.696,1.3582,1.35803,1.1,1
13.08.2021 00:59:32.010,1.35818,1.3580200000000002,1.1,1
13.08.2021 00:59:32.111,1.35813,1.35799,1.1,1.12
13.08.2021 00:59:32.212,1.3581400000000001,1.35798,1.1,1
13.08.2021 00:59:32.550,1.35813,1.35799,1.1,1
13.08.2021 00:59:35.323,1.3581400000000001,1.3579700000000001,1.1,1
13.08.2021 00:59:35.440,1.3581200000000002,1.35796,1.1,1
13.08.2021 00:59:35.762,1.3581100000000002,1.35796,1.1,1.12
13.08.2021 00:59:37.049,1.3581100000000002,1.35796,1,1
13.08.2021 00:59:37.100,1.3581200000000002,1.35795,1.1,1
13.08.2021 00:59:37.665,1.35809,1.35794,1.1,1
13.08.2021 00:59:37.767,1.3580400000000001,1.3579100000000002,1.1,1
13.08.2021 00:59:37.868,1.3580400000000001,1.3579,1.1,1.5
13.08.2021 00:59:40.695,1.35805,1.35789,1.1,1
13.08.2021 00:59:41.744,1.35805,1.35789,1.1,1
13.08.2021 00:59:41.795,1.3580200000000002,1.35788,1.1,1
13.08.2021 00:59:41.913,1.35803,1.3578700000000001,1.1,1
13.08.2021 00:59:45.059,1.35803,1.3578700000000001,1,1
13.08.2021 00:59:45.160,1.35805,1.35788,1.1,1
13.08.2021 00:59:45.261,1.35805,1.35788,1.1,1
13.08.2021 00:59:51.403,1.35805,1.35788,1.22,1
13.08.2021 00:59:51.504,1.3580400000000001,1.35789,1.22,1
13.08.2021 00:59:58.132,1.35805,1.35788,1.6,1
13.08.2021 00:59:59.809,1.35806,1.3579,2.1,1
13.08.2021 01:00:00.581,1.35805,1.3579100000000002,1.5,1
13.08.2021 01:00:01.603,1.3580400000000001,1.35788,1.5,1.12
13.08.2021 01:00:05.831,1.35803,1.35789,1.12,1
13.08.2021 01:00:06.577,1.35803,1.3578700000000001,1,1.12
13.08.2021 01:00:07.135,1.35803,1.3578700000000001,1.5,1
13.08.2021 01:00:07.644,1.3580100000000002,1.3578700000000001,1.12,1
13.08.2021 01:00:17.159,1.3580100000000002,1.3578700000000001,1.5,1
13.08.2021 01:00:18.170,1.3580100000000002,1.3578700000000001,1.12,1
13.08.2021 01:00:18.491,1.35803,1.3578700000000001,1.5,1
13.08.2021 01:00:25.723,1.358,1.35786,1,1.5
13.08.2021 01:00:26.244,1.3580100000000002,1.35785,1,1.62
13.08.2021 01:00:34.216,1.3580200000000002,1.35786,1.12,1.12
13.08.2021 01:00:46.403,1.3580100000000002,1.35785,1,1.12
13.08.2021 01:00:46.604,1.35798,1.35784,1,1.12
13.08.2021 01:00:46.705,1.3580200000000002,1.3578700000000001,1.5,1
13.08.2021 01:00:47.752,1.3580200000000002,1.3578700000000001,1.12,1.12
13.08.2021 01:00:50.766,1.3580200000000002,1.3578700000000001,1.5,1.12
13.08.2021 01:00:51.057,1.35803,1.35786,1.6,1.12
13.08.2021 01:01:01.039,1.3580200000000002,1.3578700000000001,1.22,1.12
13.08.2021 01:01:01.840,1.35803,1.35786,1.1,1.5
13.08.2021 01:01:02.804,1.3580200000000002,1.3578700000000001,1.22,1.5
13.08.2021 01:01:03.809,1.3580200000000002,1.3578700000000001,1.22,1.5
13.08.2021 01:01:04.963,1.3580200000000002,1.3578700000000001,1.22,1.5
13.08.2021 01:01:05.064,1.3580200000000002,1.3578700000000001,1.22,1.5
13.08.2021 01:01:05.227,1.3580400000000001,1.35788,1.6,1
13.08.2021 01:01:09.175,1.3580400000000001,1.35788,1.6,1
13.08.2021 01:01:09.276,1.3580200000000002,1.35786,1.22,1.5
13.08.2021 01:01:09.477,1.3580200000000002,1.35786,1.22,1.5
13.08.2021 01:01:09.833,1.3580100000000002,1.3578700000000001,1.22,1
13.08.2021 01:01:22.755,1.3580100000000002,1.3578700000000001,1.22,1
13.08.2021 01:01:22.876,1.3580200000000002,1.35786,1.22,1.5
13.08.2021 01:01:24.357,1.3580100000000002,1.3578700000000001,1.22,1.12
13.08.2021 01:01:24.790,1.3580100000000002,1.3578700000000001,1.22,1.12
13.08.2021 01:01:25.342,1.3580200000000002,1.35786,1.22,1.5
13.08.2021 01:01:27.347,1.3580200000000002,1.35786,1.6,1.12
13.08.2021 01:01:30.174,1.3580100000000002,1.3578700000000001,1.6,1.12
13.08.2021 01:01:56.056,1.3580100000000002,1.3578700000000001,1.5,1
13.08.2021 01:01:56.157,1.3580100000000002,1.3578700000000001,1.6,1
13.08.2021 01:02:03.205,1.3580100000000002,1.3578700000000001,1.22,1
13.08.2021 01:02:03.522,1.3580200000000002,1.35786,1.22,1
13.08.2021 01:02:03.640,1.3580100000000002,1.3578700000000001,1.22,1.5
13.08.2021 01:02:06.241,1.3580400000000001,1.3578700000000001,1.6,1.12
13.08.2021 01:02:10.794,1.35805,1.35789,1.6,1
13.08.2021 01:02:14.720,1.35806,1.3579100000000002,1.1,1.5
13.08.2021 01:02:14.771,1.3581200000000002,1.35798,1.87,1
13.08.2021 01:02:15.023,1.3581200000000002,1.35798,1,1.1
13.08.2021 01:02:15.174,1.35815,1.35799,1,1.1
13.08.2021 01:02:15.275,1.35815,1.3580100000000002,1.12,1.1
13.08.2021 01:02:15.376,1.35817,1.358,1.12,1.1
13.08.2021 01:02:16.085,1.35816,1.3580100000000002,1,1
13.08.2021 01:02:41.587,1.35819,1.3580100000000002,1,1
13.08.2021 01:02:41.738,1.3582,1.3580200000000002,1,1
13.08.2021 01:02:41.986,1.3582,1.35803,1.12,1
13.08.2021 01:02:42.879,1.3582,1.35805,1,1
13.08.2021 01:02:47.014,1.3582100000000001,1.35805,1.5,1
13.08.2021 01:02:47.115,1.3582100000000001,1.35807,1,1
13.08.2021 01:02:47.411,1.3582200000000002,1.35807,1,1
13.08.2021 01:02:47.512,1.3582200000000002,1.3581,1,1
13.08.2021 01:02:47.664,1.35817,1.3581,1.5,1
13.08.2021 01:02:47.714,1.3582100000000001,1.35806,1,1
13.08.2021 01:02:47.765,1.3582100000000001,1.35805,1.5,1
13.08.2021 01:02:47.816,1.3582100000000001,1.35807,1,1
13.08.2021 01:02:47.866,1.3582200000000002,1.3580400000000001,1.5,1
13.08.2021 01:02:48.483,1.3582,1.35803,1,1
13.08.2021 01:02:49.768,1.35819,1.3580200000000002,1,1
13.08.2021 01:02:49.919,1.35819,1.35803,1,1
13.08.2021 01:02:51.429,1.35817,1.3580200000000002,1,1
13.08.2021 01:03:14.022,1.3582,1.35803,1.12,1
13.08.2021 01:03:14.433,1.3582100000000001,1.3580400000000001,1.5,1
13.08.2021 01:03:14.634,1.3582100000000001,1.3580400000000001,1,1
13.08.2021 01:03:14.743,1.3582100000000001,1.35806,1,1
13.08.2021 01:03:14.897,1.3582100000000001,1.35807,1,1
13.08.2021 01:03:15.448,1.3582200000000002,1.35807,1,1
13.08.2021 01:03:16.251,1.3582100000000001,1.35809,1,1
13.08.2021 01:03:24.661,1.3582100000000001,1.3581100000000002,1,1
13.08.2021 01:03:26.148,1.35823,1.3581,1,1
13.08.2021 01:03:26.299,1.35827,1.3581100000000002,1.12,1
13.08.2021 01:03:28.229,1.35825,1.3581,1,1
13.08.2021 01:03:37.614,1.35825,1.3581100000000002,1,1
13.08.2021 01:03:37.715,1.35828,1.3581200000000002,1,1
13.08.2021 01:03:40.130,1.35829,1.35813,1,1
13.08.2021 01:03:52.646,1.35826,1.3581200000000002,1,1
13.08.2021 01:03:52.747,1.35825,1.3581,1,1
13.08.2021 01:03:52.848,1.3582400000000001,1.3581,1,1
13.08.2021 01:03:53.123,1.35823,1.35808,1,1.5
13.08.2021 01:03:53.224,1.3582200000000002,1.35806,1,1.12
13.08.2021 01:03:53.890,1.35823,1.35807,1,1
13.08.2021 01:04:24.297,1.35823,1.35808,1,1
13.08.2021 01:04:33.661,1.3582100000000001,1.35807,1,1
13.08.2021 01:04:33.712,1.3582100000000001,1.3580400000000001,1,1
13.08.2021 01:04:33.762,1.35817,1.35803,1,1
13.08.2021 01:04:52.269,1.35817,1.358,1,1
13.08.2021 01:04:52.338,1.35818,1.35803,1,1
13.08.2021 01:04:52.439,1.3582100000000001,1.35805,1,1
13.08.2021 01:04:52.540,1.3582200000000002,1.35808,1.12,1
13.08.2021 01:04:52.742,1.35825,1.35807,1.12,1
13.08.2021 01:04:52.994,1.3582400000000001,1.35809,1.12,1
13.08.2021 01:05:07.219,1.35823,1.35807,1,1
13.08.2021 01:05:40.370,1.3582100000000001,1.35805,1,1
13.08.2021 01:05:40.571,1.35819,1.35805,1,1
13.08.2021 01:05:40.672,1.35823,1.35807,1.5,1
13.08.2021 01:05:41.076,1.35823,1.35809,1,1
13.08.2021 01:05:48.088,1.35825,1.35809,1.5,1
13.08.2021 01:06:00.054,1.35826,1.35809,1,1
13.08.2021 01:06:05.128,1.35826,1.3581,1,1
13.08.2021 01:06:38.597,1.35825,1.3581,1,1
13.08.2021 01:07:32.878,1.35825,1.35807,1,1
13.08.2021 01:07:32.979,1.3582100000000001,1.35807,1,1
13.08.2021 01:07:33.130,1.3582,1.35806,1,1
13.08.2021 01:07:33.307,1.35823,1.35807,1,1
13.08.2021 01:07:33.408,1.35823,1.35808,1,1
13.08.2021 01:07:36.427,1.3582200000000002,1.35807,1,1
13.08.2021 01:07:38.239,1.35823,1.35808,1,1
13.08.2021 01:07:52.647,1.35825,1.3581,1,1
13.08.2021 01:08:16.613,1.35827,1.3581,1,1
13.08.2021 01:08:26.621,1.35828,1.3581200000000002,1,1
13.08.2021 01:08:26.873,1.3583,1.3581400000000001,1,1
13.08.2021 01:08:26.974,1.3583500000000002,1.35818,1.62,1
13.08.2021 01:08:27.076,1.3583500000000002,1.35818,1.5,1
13.08.2021 01:08:27.126,1.35836,1.35819,1,1
13.08.2021 01:08:27.178,1.35837,1.3582200000000002,1.62,1
13.08.2021 01:08:27.279,1.35837,1.3582200000000002,1,1
13.08.2021 01:08:27.743,1.3584,1.35823,2.62,1
13.08.2021 01:08:28.997,1.35838,1.35823,1,1
13.08.2021 01:08:31.587,1.35839,1.35825,1,1
13.08.2021 01:08:32.032,1.3584100000000001,1.35827,1,1
13.08.2021 01:08:40.661,1.3584,1.3582400000000001,1,1
13.08.2021 01:08:45.925,1.35839,1.35823,1,1
13.08.2021 01:09:18.372,1.3584100000000001,1.35825,1,1
13.08.2021 01:09:30.881,1.3584500000000002,1.35829,1.5,1
13.08.2021 01:09:31.009,1.3584500000000002,1.3583100000000001,1.5,1
13.08.2021 01:09:31.855,1.35846,1.3583200000000002,1.5,1
13.08.2021 01:09:31.956,1.35848,1.35834,1.12,1
13.08.2021 01:09:32.329,1.3585,1.35834,1,1
13.08.2021 01:09:33.980,1.3585200000000002,1.3583500000000002,1.87,1
13.08.2021 01:09:34.088,1.3585,1.35836,1,1
13.08.2021 01:10:02.687,1.35847,1.35833,1,1
13.08.2021 01:10:57.487,1.35846,1.3583200000000002,1,1
13.08.2021 01:11:03.156,1.35848,1.35834,1,1
13.08.2021 01:11:03.257,1.35849,1.3583500000000002,1,1
13.08.2021 01:11:03.358,1.35853,1.35837,1,1
13.08.2021 01:11:03.510,1.3585500000000001,1.35839,1,1
13.08.2021 01:11:17.891,1.3585600000000002,1.3584100000000001,1,1
13.08.2021 01:11:18.190,1.35857,1.3584100000000001,1,1
13.08.2021 01:11:18.241,1.3586,1.3584200000000002,1,1
13.08.2021 01:11:18.551,1.35861,1.35844,1,1
13.08.2021 01:11:48.535,1.35859,1.35843,1,1
13.08.2021 01:11:48.636,1.3585600000000002,1.3584,1,1.5
13.08.2021 01:11:49.035,1.35854,1.3584,1,1
13.08.2021 01:11:59.991,1.3585500000000001,1.3584100000000001,1,1
13.08.2021 01:12:05.335,1.3585500000000001,1.35839,1,1
13.08.2021 01:12:32.295,1.3585200000000002,1.35838,1,1.5
13.08.2021 01:12:32.346,1.3585200000000002,1.35836,1,1
13.08.2021 01:13:00.305,1.35849,1.3583500000000002,1,1
13.08.2021 01:13:00.581,1.35848,1.35834,1,1
13.08.2021 01:13:50.613,1.35849,1.3583500000000002,1,1
13.08.2021 01:13:51.053,1.35851,1.35837,1,1
13.08.2021 01:13:51.330,1.3585200000000002,1.35838,1,1
13.08.2021 01:13:51.381,1.3585600000000002,1.35839,1,1
13.08.2021 01:13:51.482,1.35857,1.3584100000000001,1.12,1
13.08.2021 01:13:52.053,1.35857,1.35843,1.12,1
13.08.2021 01:13:53.349,1.35858,1.35844,1,1
13.08.2021 01:13:53.531,1.35861,1.3584500000000002,1,1
13.08.2021 01:13:54.227,1.35861,1.35847,1,1
13.08.2021 01:14:47.678,1.3586,1.35847,1,1
13.08.2021 01:14:47.779,1.35857,1.35843,1,1
13.08.2021 01:14:47.880,1.35857,1.3584100000000001,1,1
13.08.2021 01:14:48.784,1.35854,1.35838,1,1
13.08.2021 01:14:48.929,1.3585200000000002,1.35836,1,1
13.08.2021 01:15:01.870,1.35854,1.35838,1,1
13.08.2021 01:15:01.971,1.35854,1.3584,1,1
13.08.2021 01:15:02.072,1.3585500000000001,1.3584100000000001,1,1
13.08.2021 01:15:18.326,1.35854,1.3584,1,1
13.08.2021 01:15:52.061,1.35853,1.35837,1,1.87
13.08.2021 01:15:52.162,1.35851,1.35837,1,1
13.08.2021 01:15:54.115,1.35849,1.3583500000000002,1,1
13.08.2021 01:15:54.216,1.35848,1.3583200000000002,1,1.12
13.08.2021 01:15:54.317,1.35844,1.35829,1,2.75
13.08.2021 01:15:54.482,1.3584500000000002,1.3583100000000001,1,1
13.08.2021 01:16:01.002,1.35844,1.3583,1,1.12
13.08.2021 01:16:03.115,1.35844,1.35829,1,1.12
13.08.2021 01:16:08.343,1.3584500000000002,1.35828,1,1.5
13.08.2021 01:16:13.365,1.35844,1.35829,1,1.12
13.08.2021 01:16:24.404,1.35844,1.35829,1,1.5
13.08.2021 01:16:25.406,1.35844,1.35829,1,1.12
13.08.2021 01:16:38.869,1.35846,1.35829,1,1
13.08.2021 01:16:56.903,1.35844,1.35829,1,1
13.08.2021 01:16:57.011,1.3584200000000002,1.35826,1,2.75
13.08.2021 01:16:58.224,1.3584100000000001,1.35827,1,1.12
13.08.2021 01:17:16.669,1.35838,1.3582400000000001,1,1
13.08.2021 01:17:16.846,1.35838,1.3582200000000002,1,1
13.08.2021 01:17:17.184,1.35836,1.3582,1,1.5
13.08.2021 01:17:17.386,1.35836,1.3582,1,1
13.08.2021 01:18:00.335,1.3583500000000002,1.3582200000000002,1,1.5
13.08.2021 01:18:00.385,1.3584100000000001,1.35825,3,1
13.08.2021 01:18:00.749,1.3584200000000002,1.35826,1,1
13.08.2021 01:18:04.181,1.35843,1.35829,1,1
13.08.2021 01:18:04.497,1.3584500000000002,1.35829,1,1
13.08.2021 01:18:29.453,1.35843,1.35829,1,1
13.08.2021 01:18:29.554,1.3584100000000001,1.35825,1,1
13.08.2021 01:18:29.705,1.3584,1.3582400000000001,1,1
13.08.2021 01:18:31.958,1.3584100000000001,1.35825,1,1
13.08.2021 01:18:43.953,1.35839,1.35823,1,1
13.08.2021 01:18:54.642,1.35837,1.3582100000000001,1,1
13.08.2021 01:18:54.743,1.3583500000000002,1.35819,1,1
13.08.2021 01:18:54.894,1.35833,1.35817,1,1
13.08.2021 01:18:55.604,1.3583100000000001,1.35815,1,1
13.08.2021 01:19:38.202,1.35828,1.3581400000000001,1,1
13.08.2021 01:19:38.303,1.35828,1.35813,1,1
13.08.2021 01:19:44.833,1.35828,1.3581400000000001,1,1
13.08.2021 01:20:00.539,1.3583100000000001,1.35815,1,1
13.08.2021 01:20:05.072,1.35833,1.35817,1.5,1
13.08.2021 01:20:05.173,1.35834,1.35818,1,1
13.08.2021 01:20:13.436,1.3583500000000002,1.3582100000000001,1.5,1
13.08.2021 01:20:13.587,1.3583100000000001,1.35817,1,1
13.08.2021 01:20:15.120,1.3583,1.35816,1,1
13.08.2021 01:20:47.174,1.3583,1.35813,1,1
13.08.2021 01:20:47.620,1.35828,1.3581200000000002,1,1
13.08.2021 01:20:47.731,1.35827,1.3581200000000002,1,1
13.08.2021 01:20:48.773,1.35827,1.3581100000000002,1.5,1
13.08.2021 01:21:02.877,1.35826,1.3581,1,1
13.08.2021 01:21:07.329,1.35823,1.35809,1,1.87
13.08.2021 01:21:07.440,1.3582400000000001,1.35809,1,1
13.08.2021 01:21:07.591,1.3582400000000001,1.35808,1,1.12
13.08.2021 01:21:48.698,1.35825,1.3581100000000002,1,1
13.08.2021 01:21:48.800,1.35825,1.3581,1,1
13.08.2021 01:21:48.901,1.35827,1.3581100000000002,1,1
13.08.2021 01:22:00.526,1.35827,1.35813,1,1
13.08.2021 01:22:09.312,1.35826,1.3581100000000002,1,2.25
13.08.2021 01:22:15.806,1.35828,1.3581,1,1.2
13.08.2021 01:22:15.907,1.35828,1.3581100000000002,1,1
13.08.2021 01:22:16.617,1.35829,1.3581200000000002,1,1
13.08.2021 01:22:21.109,1.35828,1.3581,1,1.7
13.08.2021 01:22:21.210,1.35827,1.3581,1,1.12
13.08.2021 01:22:46.228,1.35826,1.35809,1,1
13.08.2021 01:22:49.348,1.35827,1.35809,1,1
13.08.2021 01:22:56.488,1.35827,1.3581100000000002,1,1
13.08.2021 01:23:01.001,1.35828,1.3581100000000002,1,1
13.08.2021 01:23:01.051,1.35829,1.35813,1,1
13.08.2021 01:23:11.966,1.3583,1.3581100000000002,1,1.1
13.08.2021 01:24:09.955,1.35828,1.3581100000000002,1,1.12
13.08.2021 01:24:11.536,1.35829,1.3581400000000001,1,1
13.08.2021 01:24:12.080,1.3583100000000001,1.35813,1,1.2
13.08.2021 01:24:12.181,1.35833,1.35816,1,1
13.08.2021 01:24:12.282,1.3583,1.35815,1,1
13.08.2021 01:24:21.499,1.3583,1.3581200000000002,1,2.45
13.08.2021 01:24:22.540,1.3583,1.3581200000000002,1,1
13.08.2021 01:24:22.641,1.35828,1.35813,1,1
13.08.2021 01:24:22.978,1.35828,1.3581,1,3
13.08.2021 01:24:23.079,1.35826,1.3581100000000002,1,1.5
13.08.2021 01:24:23.180,1.35826,1.35809,1,1.5
13.08.2021 01:24:28.519,1.35825,1.35808,1,1
13.08.2021 01:24:28.822,1.3582400000000001,1.35808,1,1
13.08.2021 01:24:36.454,1.3582400000000001,1.35806,1,1
13.08.2021 01:24:58.182,1.3582200000000002,1.35806,1,1
13.08.2021 01:24:58.384,1.35818,1.35803,1,1.87
13.08.2021 01:24:58.485,1.35818,1.3580100000000002,1,1
13.08.2021 01:24:59.427,1.35816,1.3580100000000002,1,1
13.08.2021 01:25:02.034,1.35816,1.35798,1,1.5
13.08.2021 01:25:09.366,1.3581400000000001,1.35799,1,1
13.08.2021 01:25:09.466,1.3581,1.35796,1,1.12
13.08.2021 01:25:09.567,1.35809,1.35794,1,1.62
13.08.2021 01:25:09.668,1.35809,1.35794,1,1.5
13.08.2021 01:25:10.604,1.35809,1.35794,1,1.12
13.08.2021 01:25:13.475,1.3581100000000002,1.3579700000000001,1,1
13.08.2021 01:25:24.850,1.35815,1.35799,1,1
13.08.2021 01:25:25.176,1.35816,1.3580100000000002,1,1
13.08.2021 01:25:25.277,1.35817,1.3580200000000002,1,1
13.08.2021 01:25:25.327,1.35819,1.35803,1,1
13.08.2021 01:25:25.428,1.3582,1.35803,1,1
13.08.2021 01:25:25.825,1.3582,1.35806,1,1
13.08.2021 01:25:25.876,1.35823,1.35806,1,1
13.08.2021 01:25:46.050,1.3582,1.35805,1,1
13.08.2021 01:25:46.151,1.35816,1.3580100000000002,1,1.5
13.08.2021 01:25:47.430,1.35815,1.358,1,1
13.08.2021 01:25:48.639,1.35816,1.35798,1,1.12
13.08.2021 01:25:54.661,1.35816,1.35799,1,1
13.08.2021 01:25:54.922,1.35818,1.35799,1,1
13.08.2021 01:25:55.090,1.35815,1.358,1,1
13.08.2021 01:25:55.256,1.35818,1.35803,1,1
13.08.2021 01:26:01.888,1.3582100000000001,1.3580400000000001,1,1
13.08.2021 01:26:02.241,1.3582200000000002,1.35807,1,1
13.08.2021 01:26:03.837,1.35823,1.35808,1,1
13.08.2021 01:26:04.379,1.3582400000000001,1.35809,1,1
13.08.2021 01:26:04.480,1.35826,1.35809,1,1
13.08.2021 01:26:04.676,1.35826,1.35809,1,1
13.08.2021 01:26:04.928,1.35828,1.3581100000000002,1,1
13.08.2021 01:26:07.642,1.35829,1.3581200000000002,1,1
13.08.2021 01:26:07.900,1.35829,1.3581400000000001,1,1
13.08.2021 01:26:08.854,1.3583100000000001,1.35816,1,1
13.08.2021 01:26:10.901,1.35829,1.35813,1,1
13.08.2021 01:26:18.665,1.3583,1.35815,1,1
13.08.2021 01:26:18.766,1.3583200000000002,1.35816,1,1
13.08.2021 01:26:26.073,1.35833,1.35817,1,1
13.08.2021 01:27:16.351,1.3583200000000002,1.35817,1,1
13.08.2021 01:27:16.452,1.3583,1.35816,1,1
13.08.2021 01:27:17.529,1.3583,1.3581400000000001,1,1
13.08.2021 01:27:17.908,1.3583100000000001,1.3581400000000001,1,1
13.08.2021 01:27:50.608,1.3583,1.3581400000000001,1,1
13.08.2021 01:27:50.709,1.35829,1.3581200000000002,1,1
13.08.2021 01:27:52.747,1.35828,1.3581200000000002,1,1
13.08.2021 01:27:55.594,1.35827,1.3581200000000002,1,1
13.08.2021 01:27:55.695,1.35825,1.3581100000000002,1,1
13.08.2021 01:28:11.005,1.35825,1.35809,1,1
13.08.2021 01:28:37.259,1.3582100000000001,1.35807,1,1
13.08.2021 01:28:37.360,1.3582100000000001,1.35805,1,1
13.08.2021 01:28:37.461,1.35819,1.35803,1,1
13.08.2021 01:28:37.678,1.35817,1.35803,1,1.12
13.08.2021 01:28:38.067,1.35819,1.3580200000000002,1,1
13.08.2021 01:29:00.297,1.35819,1.35805,1.12,1
13.08.2021 01:29:01.365,1.3582100000000001,1.35805,1,1
13.08.2021 01:29:01.647,1.3582100000000001,1.3580400000000001,1,1
13.08.2021 01:29:01.798,1.35818,1.35803,1,1
13.08.2021 01:29:01.949,1.35817,1.3580100000000002,1,1
13.08.2021 01:29:34.346,1.35819,1.35803,1.12,1
13.08.2021 01:29:34.888,1.3582,1.35803,1,1
13.08.2021 01:29:35.096,1.3582100000000001,1.35805,1.12,1
13.08.2021 01:29:45.169,1.3582200000000002,1.35806,1,1
13.08.2021 01:30:01.129,1.35818,1.3580400000000001,1,1
13.08.2021 01:30:01.180,1.35817,1.35803,1,1
13.08.2021 01:30:01.474,1.35817,1.35799,1,1.62
13.08.2021 01:30:01.575,1.3581400000000001,1.358,1,1
13.08.2021 01:30:01.867,1.35815,1.3579700000000001,1,2.75
13.08.2021 01:30:01.968,1.35813,1.35798,1,2.75
13.08.2021 01:30:06.396,1.3581100000000002,1.3579700000000001,1,1.5
13.08.2021 01:30:07.386,1.3581200000000002,1.35795,1,1.5
13.08.2021 01:30:08.412,1.3581200000000002,1.35795,1,1.5
13.08.2021 01:30:09.648,1.35809,1.35795,1,1
13.08.2021 01:30:10.398,1.3581,1.35794,1,1
13.08.2021 01:30:13.412,1.3581,1.35794,1,1
13.08.2021 01:30:14.415,1.35809,1.35795,1,1
13.08.2021 01:30:14.737,1.35808,1.3579200000000002,1,2.82
13.08.2021 01:30:16.434,1.35808,1.3579200000000002,1,1
13.08.2021 01:30:19.504,1.35808,1.3579700000000001,1,1
13.08.2021 01:30:20.014,1.35808,1.3579200000000002,1,1
13.08.2021 01:30:31.787,1.35807,1.3579200000000002,1,1
13.08.2021 01:30:31.837,1.35805,1.3579100000000002,1,2
13.08.2021 01:30:32.196,1.35803,1.3579200000000002,1,1.87
13.08.2021 01:30:32.297,1.3580200000000002,1.3578700000000001,1,2.07
13.08.2021 01:30:32.348,1.358,1.35786,1,1.5
13.08.2021 01:30:32.399,1.35799,1.35786,1,1.5
13.08.2021 01:30:32.450,1.35795,1.35783,1,1.5
13.08.2021 01:30:32.501,1.3579700000000001,1.35782,1,1.5
13.08.2021 01:30:32.602,1.35796,1.35779,1,1.5
13.08.2021 01:30:32.652,1.35794,1.35779,1,1.5
13.08.2021 01:30:32.804,1.3579200000000002,1.35778,1,2.37
13.08.2021 01:30:32.905,1.3579200000000002,1.3577700000000001,1,1
13.08.2021 01:30:32.956,1.3579100000000002,1.35775,1,2.82
13.08.2021 01:30:33.077,1.3579200000000002,1.35774,1,2.32
13.08.2021 01:30:33.328,1.35793,1.35775,1,1
13.08.2021 01:30:33.673,1.35793,1.35776,1,1
13.08.2021 01:30:33.732,1.3579100000000002,1.35776,1,1
13.08.2021 01:30:33.934,1.3579,1.35775,1,2.32
13.08.2021 01:30:35.390,1.35789,1.3577299999999999,1,4.25
13.08.2021 01:30:35.491,1.3579,1.35772,1,1.1
13.08.2021 01:30:36.015,1.3579,1.35775,1,1
13.08.2021 01:30:37.056,1.3579200000000002,1.35775,1,1
13.08.2021 01:30:37.276,1.3579100000000002,1.35776,1,1.97
13.08.2021 01:30:37.327,1.35794,1.35778,1,1
13.08.2021 01:30:37.377,1.35795,1.3578000000000001,1,1
13.08.2021 01:30:37.689,1.35794,1.35776,1,3.5
13.08.2021 01:30:38.119,1.35795,1.3577700000000001,1,1.12
13.08.2021 01:30:38.864,1.35794,1.35778,1,1.97
13.08.2021 01:30:38.966,1.35796,1.35779,1,1.57
13.08.2021 01:30:39.266,1.35796,1.35779,1,1.6
13.08.2021 01:30:39.880,1.3579700000000001,1.35782,1,1
13.08.2021 01:30:41.468,1.35796,1.35779,1,1.5
13.08.2021 01:30:41.620,1.35793,1.35778,1,1.5
13.08.2021 01:30:41.922,1.3579200000000002,1.3577700000000001,1,1
13.08.2021 01:30:42.093,1.3579,1.3577299999999999,1,1.5
13.08.2021 01:30:43.009,1.35788,1.35774,1,1.5
13.08.2021 01:30:43.150,1.3579,1.3577299999999999,1,1.5
13.08.2021 01:30:43.251,1.3579100000000002,1.35774,1,1.2
13.08.2021 01:30:43.352,1.3579200000000002,1.35775,1,1.12
13.08.2021 01:30:45.856,1.35794,1.3577700000000001,1,1
13.08.2021 01:30:48.581,1.35793,1.35775,1,1.57
13.08.2021 01:30:48.904,1.35793,1.35775,1,1.7
13.08.2021 01:30:49.737,1.3579,1.35776,1,1
13.08.2021 01:30:49.838,1.3579,1.35775,1,1.5
13.08.2021 01:30:49.983,1.35789,1.35774,1,1.35
13.08.2021 01:30:50.843,1.3579,1.3577299999999999,1,1.1
13.08.2021 01:30:55.264,1.3579100000000002,1.35774,1,1
13.08.2021 01:30:59.957,1.35789,1.35774,1,1
13.08.2021 01:31:00.008,1.3579,1.3577100000000002,1,2.62
13.08.2021 01:31:00.059,1.35788,1.3577000000000001,1,2.75
13.08.2021 01:31:00.260,1.3578700000000001,1.35769,1,1
13.08.2021 01:31:00.365,1.35784,1.3576700000000002,1,1.12
13.08.2021 01:31:00.466,1.3578100000000002,1.35766,1,1.5
13.08.2021 01:31:00.567,1.35783,1.35764,1,2.37
13.08.2021 01:31:01.431,1.35782,1.35765,1,1.87
13.08.2021 01:31:01.952,1.35783,1.35766,1,1
13.08.2021 01:31:02.356,1.35785,1.35768,1,1
13.08.2021 01:31:04.722,1.35784,1.3576700000000002,1,1.5
13.08.2021 01:31:10.466,1.35785,1.35768,1,1.12
13.08.2021 01:31:11.743,1.35786,1.35768,1,1.12
13.08.2021 01:31:13.443,1.35784,1.35768,1,1.5
13.08.2021 01:31:15.633,1.35786,1.35768,1,1.12
13.08.2021 01:31:17.270,1.3578700000000001,1.3577000000000001,1,1
13.08.2021 01:31:17.645,1.35788,1.3577100000000002,1,1
13.08.2021 01:31:26.081,1.35789,1.3577100000000002,1,1.12
13.08.2021 01:31:26.224,1.35789,1.35774,1,1
13.08.2021 01:31:31.795,1.3579100000000002,1.35776,1.5,1
13.08.2021 01:31:31.896,1.35793,1.35776,1,1
13.08.2021 01:31:31.997,1.35794,1.35779,1.12,1
13.08.2021 01:31:32.394,1.35795,1.3578000000000001,1,1
13.08.2021 01:31:35.472,1.35795,1.35779,1,1.5
13.08.2021 01:31:35.573,1.35794,1.35779,1,1
13.08.2021 01:31:38.234,1.35795,1.35776,1,1.12
13.08.2021 01:31:42.107,1.35795,1.3577700000000001,1,1
13.08.2021 01:31:42.208,1.35795,1.3578000000000001,1.12,1
13.08.2021 01:31:42.410,1.3579700000000001,1.3578100000000002,1.12,1
13.08.2021 01:31:43.096,1.35798,1.35779,1.12,1
13.08.2021 01:31:43.147,1.35795,1.35779,1,1.87
13.08.2021 01:31:46.954,1.35795,1.35776,1,1.5
13.08.2021 01:31:47.743,1.35793,1.35776,1,1
13.08.2021 01:31:53.396,1.35793,1.35774,1,1.7
13.08.2021 01:31:56.278,1.35794,1.35776,1,1
13.08.2021 01:32:01.224,1.35795,1.35779,1.12,1
13.08.2021 01:32:06.727,1.35793,1.35779,1,1
13.08.2021 01:32:06.878,1.35793,1.35778,1,1.12
13.08.2021 01:32:07.130,1.35794,1.35776,1,1.2
13.08.2021 01:32:09.533,1.35794,1.35778,1,1
13.08.2021 01:32:09.634,1.35796,1.35779,1.12,1
13.08.2021 01:32:15.088,1.35796,1.3577700000000001,1,1.2
13.08.2021 01:32:15.189,1.35795,1.35778,1,1
13.08.2021 01:32:15.529,1.35793,1.35775,1,1.1
13.08.2021 01:32:16.081,1.35793,1.35775,1,1
13.08.2021 01:32:17.795,1.3579,1.35774,1,1.5
13.08.2021 01:32:18.473,1.35789,1.3577100000000002,1,1.62
13.08.2021 01:32:18.574,1.3578700000000001,1.3577000000000001,1,1
13.08.2021 01:32:18.675,1.35784,1.3576700000000002,1,1.12
13.08.2021 01:32:18.907,1.3578100000000002,1.35766,1,1.62
13.08.2021 01:32:18.958,1.3578100000000002,1.35765,1,1.12
13.08.2021 01:32:19.059,1.3578000000000001,1.35764,1,1
13.08.2021 01:32:19.210,1.3578000000000001,1.35763,1,1.62
13.08.2021 01:32:20.108,1.3578000000000001,1.35763,1,1.5
13.08.2021 01:32:20.209,1.35783,1.35765,1,1.5
13.08.2021 01:32:20.360,1.35784,1.3576700000000002,1,1
13.08.2021 01:32:20.461,1.35784,1.35768,1,1
13.08.2021 01:32:20.562,1.35786,1.35769,1,1
13.08.2021 01:32:31.712,1.35786,1.3576700000000002,1,1.12
13.08.2021 01:32:33.621,1.35786,1.35768,1,1
13.08.2021 01:32:40.349,1.35786,1.35768,1,1.5
13.08.2021 01:32:44.101,1.3578700000000001,1.3577100000000002,1,1
13.08.2021 01:32:44.202,1.35788,1.35772,1,1
13.08.2021 01:32:46.607,1.35788,1.3577100000000002,1,1.2
13.08.2021 01:32:46.849,1.35789,1.3577100000000002,1,1.2
13.08.2021 01:32:47.050,1.35789,1.3577100000000002,1,1.6
13.08.2021 01:32:47.332,1.3579100000000002,1.3577100000000002,1,2.07
13.08.2021 01:32:47.465,1.3579100000000002,1.3577299999999999,1,1.6
13.08.2021 01:32:48.492,1.3579100000000002,1.35775,1,1
13.08.2021 01:32:48.593,1.35793,1.35774,1,1.7
13.08.2021 01:32:48.644,1.35794,1.35776,1,1.5
13.08.2021 01:32:48.745,1.35795,1.35775,1,1.5
13.08.2021 01:32:48.911,1.35794,1.35776,1,1.6
13.08.2021 01:32:54.693,1.35794,1.35776,1,2.1
13.08.2021 01:32:54.794,1.35795,1.35778,1,1.1
13.08.2021 01:32:54.895,1.35795,1.35778,1,1.1
13.08.2021 01:32:55.195,1.3579700000000001,1.3577700000000001,1,1.1
13.08.2021 01:32:57.504,1.35796,1.3577700000000001,1,1.7
13.08.2021 01:32:58.055,1.35794,1.35778,1,1
13.08.2021 01:32:58.261,1.35793,1.35775,1,1.7
13.08.2021 01:32:58.402,1.35793,1.35775,1,1.1
13.08.2021 01:32:58.505,1.35793,1.35775,1,1.1
13.08.2021 01:32:59.872,1.3579200000000002,1.35784,1,1
13.08.2021 01:33:00.919,1.3579200000000002,1.35776,1,1
13.08.2021 01:33:03.282,1.3579200000000002,1.3577700000000001,1,1.5
13.08.2021 01:33:05.592,1.35789,1.3577700000000001,1,1.5
13.08.2021 01:33:05.693,1.35788,1.35778,1,1
13.08.2021 01:33:05.844,1.35788,1.3577299999999999,1,1
13.08.2021 01:33:06.779,1.35788,1.35772,1,1.62
13.08.2021 01:33:06.880,1.35788,1.35772,1,1.5
13.08.2021 01:33:06.981,1.35785,1.3577100000000002,1,1
13.08.2021 01:33:07.082,1.3578100000000002,1.35769,1,1
13.08.2021 01:33:07.132,1.35783,1.3576700000000002,1,1
13.08.2021 01:33:07.233,1.35783,1.35766,1,1
13.08.2021 01:33:07.284,1.35779,1.35766,1,1
13.08.2021 01:33:07.385,1.3578000000000001,1.3576100000000002,1,2
13.08.2021 01:33:07.515,1.3578000000000001,1.3576100000000002,1,2
13.08.2021 01:33:07.686,1.3578000000000001,1.35763,1,1.5
13.08.2021 01:33:07.863,1.3578000000000001,1.35772,1,1
13.08.2021 01:33:08.014,1.3578100000000002,1.3576700000000002,1,1.5
13.08.2021 01:33:08.293,1.3578100000000002,1.35763,1,1.5
13.08.2021 01:33:08.344,1.3578000000000001,1.35772,1,1
13.08.2021 01:33:08.445,1.3578100000000002,1.35772,1,1
13.08.2021 01:33:08.496,1.35783,1.35772,1,1
13.08.2021 01:33:10.803,1.35784,1.35766,1,1
13.08.2021 01:33:10.905,1.35783,1.3576700000000002,1,1.1
13.08.2021 01:33:11.006,1.35786,1.35768,1,1.5
13.08.2021 01:33:11.710,1.35785,1.3576700000000002,1,1
13.08.2021 01:33:19.322,1.35784,1.35768,1,1
13.08.2021 01:33:21.861,1.35785,1.35769,1,1.12
13.08.2021 01:33:22.013,1.3578700000000001,1.3577000000000001,1,1
13.08.2021 01:33:25.975,1.35784,1.35766,1,2.45
13.08.2021 01:33:26.378,1.35784,1.35766,1,1.7
13.08.2021 01:33:26.853,1.35784,1.35766,1,1.7
13.08.2021 01:33:27.115,1.35785,1.3576700000000002,1,1.12
13.08.2021 01:33:27.992,1.3578700000000001,1.35769,1,1
13.08.2021 01:33:29.534,1.35786,1.35768,1,1.7
13.08.2021 01:33:29.690,1.35786,1.3577000000000001,1,1
13.08.2021 01:33:32.480,1.35785,1.35768,1,1
13.08.2021 01:33:32.594,1.35784,1.35766,1,1.7
13.08.2021 01:33:33.147,1.35785,1.35765,1,1.62
13.08.2021 01:33:34.279,1.35785,1.35768,1,1.5
13.08.2021 01:33:34.380,1.35785,1.35769,1,1
13.08.2021 01:33:34.712,1.35785,1.3576700000000002,1,1.12
13.08.2021 01:33:36.270,1.35785,1.35769,1,1
13.08.2021 01:33:50.824,1.35788,1.35768,1,1.5
13.08.2021 01:33:50.925,1.35789,1.35769,1,1.57
13.08.2021 01:33:50.975,1.35789,1.3577100000000002,1,1
13.08.2021 01:33:51.659,1.35788,1.35772,1,1.5
13.08.2021 01:33:51.794,1.35789,1.3577100000000002,1,1.12
13.08.2021 01:33:52.094,1.35788,1.35772,1,1.5
13.08.2021 01:33:53.209,1.35788,1.35772,1,1.12
13.08.2021 01:33:57.453,1.3579100000000002,1.35776,1,1
13.08.2021 01:34:03.833,1.3579100000000002,1.3577700000000001,1,1
13.08.2021 01:34:05.994,1.35793,1.35779,1.5,1
13.08.2021 01:34:09.409,1.3579100000000002,1.35775,1,1.5
13.08.2021 01:34:09.510,1.35788,1.35774,1,1.5
13.08.2021 01:34:09.611,1.35788,1.35774,1,1.12
13.08.2021 01:35:04.546,1.35789,1.35775,1.12,1
13.08.2021 01:36:19.149,1.3579200000000002,1.35779,1,1
13.08.2021 01:36:19.253,1.35793,1.35779,1.5,1
13.08.2021 01:36:23.187,1.35793,1.35779,1.12,1
13.08.2021 01:36:25.298,1.35796,1.35782,1.5,1
13.08.2021 01:36:25.639,1.3579700000000001,1.3578100000000002,1.5,1
13.08.2021 01:36:25.794,1.35796,1.35782,1.5,1
13.08.2021 01:36:25.895,1.35796,1.35782,1.12,1
13.08.2021 01:36:26.046,1.3579700000000001,1.35783,1.5,1
13.08.2021 01:36:26.197,1.35799,1.35783,1.62,1
13.08.2021 01:36:26.348,1.35799,1.35783,1.5,1
13.08.2021 01:36:42.331,1.3580100000000002,1.35785,1.5,1
13.08.2021 01:36:45.756,1.3580100000000002,1.3578700000000001,1,1
13.08.2021 01:36:45.867,1.3580400000000001,1.35788,1.5,1
13.08.2021 01:36:45.969,1.3580400000000001,1.35788,1.12,1
13.08.2021 01:37:10.707,1.35803,1.3578700000000001,1,1
13.08.2021 01:37:10.808,1.35799,1.35785,1,1
13.08.2021 01:37:27.746,1.3580100000000002,1.35785,1,1
13.08.2021 01:37:27.847,1.3580200000000002,1.35788,1.12,1
13.08.2021 01:37:31.683,1.35805,1.35789,1,1
13.08.2021 01:37:31.837,1.35806,1.3579100000000002,1.5,1
13.08.2021 01:37:50.936,1.35808,1.3579200000000002,1,1
13.08.2021 01:37:55.565,1.35808,1.35794,1,1
13.08.2021 01:38:01.028,1.3581,1.35796,1,1
13.08.2021 01:38:01.396,1.35813,1.3579700000000001,1,1
13.08.2021 01:38:01.497,1.3581400000000001,1.35799,1.12,1
13.08.2021 01:38:07.136,1.3581400000000001,1.3579700000000001,1,1
13.08.2021 01:38:14.415,1.35815,1.3579700000000001,1,1
13.08.2021 01:38:15.591,1.35815,1.358,1,1
13.08.2021 01:38:15.987,1.35817,1.35799,2.25,1
13.08.2021 01:38:18.657,1.3581400000000001,1.35798,1,1.87
13.08.2021 01:38:19.305,1.35813,1.35798,1,1
13.08.2021 01:38:27.598,1.3581400000000001,1.35799,1,1
13.08.2021 01:38:28.898,1.3581100000000002,1.3579700000000001,1,1
13.08.2021 01:38:37.614,1.3581100000000002,1.35795,1,1.12
13.08.2021 01:38:37.715,1.35807,1.35793,1,1
13.08.2021 01:38:37.816,1.3580400000000001,1.3579,1,1.12
13.08.2021 01:38:37.917,1.35803,1.35789,1,1
13.08.2021 01:38:42.370,1.35803,1.35786,1,1
13.08.2021 01:38:44.163,1.3580100000000002,1.35785,1,1
13.08.2021 01:38:44.802,1.35798,1.35784,1,1
13.08.2021 01:38:59.615,1.35795,1.35783,1,1
13.08.2021 01:38:59.766,1.35795,1.3578000000000001,1,1.5
13.08.2021 01:38:59.867,1.35794,1.35783,1,1
13.08.2021 01:38:59.968,1.35794,1.3578100000000002,1,1
13.08.2021 01:39:00.533,1.35796,1.3578100000000002,1,1
13.08.2021 01:39:02.791,1.35795,1.35779,1,1
13.08.2021 01:39:12.555,1.3579200000000002,1.35778,1,1
13.08.2021 01:39:21.375,1.35794,1.3578000000000001,1,1
13.08.2021 01:39:22.161,1.35793,1.3578000000000001,1,1
13.08.2021 01:39:27.140,1.35794,1.3578000000000001,1,1
13.08.2021 01:39:27.540,1.35795,1.3578000000000001,1,1
13.08.2021 01:39:30.183,1.35796,1.3578000000000001,1,1
13.08.2021 01:39:51.598,1.35798,1.35782,1,1
13.08.2021 01:39:51.699,1.358,1.35786,1.5,1
13.08.2021 01:39:51.800,1.3580100000000002,1.35785,1.12,1
13.08.2021 01:40:00.683,1.35799,1.35783,1,1
13.08.2021 01:40:00.784,1.35796,1.35783,1,1
13.08.2021 01:40:01.234,1.3579700000000001,1.3578100000000002,1,1
13.08.2021 01:40:01.336,1.35796,1.3578000000000001,1,1
13.08.2021 01:40:11.354,1.35793,1.35779,1,1
13.08.2021 01:40:36.434,1.3579200000000002,1.35778,1,1
13.08.2021 01:40:47.972,1.35793,1.35779,1,1
13.08.2021 01:41:01.177,1.35795,1.35778,1,1
13.08.2021 01:41:18.662,1.35793,1.35779,1,1
13.08.2021 01:41:18.763,1.3579200000000002,1.35778,1,1
13.08.2021 01:41:18.921,1.35793,1.35776,1,1
13.08.2021 01:41:40.345,1.3579,1.35776,1,1
13.08.2021 01:41:40.447,1.3578700000000001,1.3577299999999999,1,1
13.08.2021 01:42:16.212,1.35786,1.3577000000000001,1,1
13.08.2021 01:42:16.313,1.35784,1.3577000000000001,1,1
13.08.2021 01:42:31.839,1.3578100000000002,1.35768,1,1
13.08.2021 01:42:31.889,1.3578100000000002,1.35765,1,1
13.08.2021 01:42:44.694,1.35779,1.35765,1,1
13.08.2021 01:42:52.090,1.3577700000000001,1.35763,1,1
13.08.2021 01:42:52.242,1.35775,1.3576100000000002,1,1.5
13.08.2021 01:42:57.422,1.35774,1.35758,1,1
13.08.2021 01:43:32.210,1.35776,1.3576000000000001,1,1
13.08.2021 01:43:46.839,1.35774,1.35758,1,1
13.08.2021 01:43:49.075,1.35772,1.35758,1,1
13.08.2021 01:43:49.176,1.35768,1.35755,1,1
13.08.2021 01:43:49.277,1.35763,1.35749,1,1.62
13.08.2021 01:43:49.378,1.35764,1.35748,1,1
13.08.2021 01:43:49.479,1.35764,1.35749,1,1
13.08.2021 01:43:49.630,1.35765,1.35749,1,1
13.08.2021 01:43:49.730,1.35766,1.35752,1,1
13.08.2021 01:43:49.883,1.35768,1.35752,1,1
13.08.2021 01:43:50.040,1.3576700000000002,1.35752,1,1
13.08.2021 01:43:50.536,1.35768,1.35754,1,1
13.08.2021 01:43:54.317,1.3577000000000001,1.35754,1,1
13.08.2021 01:43:56.320,1.35768,1.35753,1,1.5
13.08.2021 01:44:00.124,1.3577000000000001,1.35754,1,1
13.08.2021 01:44:00.225,1.35768,1.35751,1,1
13.08.2021 01:44:06.207,1.35768,1.35752,1,1
13.08.2021 01:44:06.308,1.3577000000000001,1.35754,1,1
13.08.2021 01:44:07.472,1.3577000000000001,1.35755,1,1
13.08.2021 01:44:08.539,1.35772,1.35758,1,1
13.08.2021 01:44:08.851,1.35774,1.3575700000000002,1,1
13.08.2021 01:44:11.536,1.35775,1.35758,1,1
13.08.2021 01:44:11.932,1.35775,1.3576000000000001,1,1
13.08.2021 01:44:12.218,1.3577700000000001,1.3576000000000001,1,1
13.08.2021 01:44:12.486,1.3577700000000001,1.3576100000000002,1,1.5
13.08.2021 01:44:12.640,1.35778,1.35763,1,1
13.08.2021 01:44:13.352,1.35779,1.35763,1,1
13.08.2021 01:44:17.731,1.35778,1.3576100000000002,1,1.12
13.08.2021 01:44:17.832,1.3577700000000001,1.3576000000000001,1,1
13.08.2021 01:44:24.102,1.35774,1.3576000000000001,1,1
13.08.2021 01:44:33.155,1.3577299999999999,1.35759,1,1
13.08.2021 01:44:34.369,1.35774,1.35756,1,1
13.08.2021 01:44:34.478,1.35772,1.35755,1,1
13.08.2021 01:44:44.702,1.3577299999999999,1.35756,1,1
13.08.2021 01:44:45.004,1.35775,1.35759,1,1
13.08.2021 01:44:45.105,1.35776,1.35762,1,1
13.08.2021 01:44:45.801,1.3577700000000001,1.3576100000000002,1,1
13.08.2021 01:44:45.952,1.35778,1.3576100000000002,1,1
13.08.2021 01:44:46.084,1.35779,1.3576100000000002,1,1
13.08.2021 01:44:46.185,1.35779,1.35764,1,1
13.08.2021 01:44:46.338,1.35779,1.35763,1,1
13.08.2021 01:44:47.174,1.3578100000000002,1.35764,1,1
13.08.2021 01:44:48.020,1.35779,1.3576100000000002,1,1
13.08.2021 01:44:48.121,1.35778,1.35763,1,1
13.08.2021 01:44:54.167,1.3577700000000001,1.3576000000000001,1,1
13.08.2021 01:44:54.268,1.35775,1.3576000000000001,1,1
13.08.2021 01:45:01.962,1.3577299999999999,1.35758,1,1
13.08.2021 01:45:02.425,1.3577100000000002,1.35759,1,1
13.08.2021 01:45:02.476,1.35772,1.35756,1,1
13.08.2021 01:45:03.297,1.3577100000000002,1.35754,1,1.12
13.08.2021 01:45:05.574,1.35768,1.35754,1,1
13.08.2021 01:45:05.675,1.3576700000000002,1.3575000000000002,1,1
13.08.2021 01:45:06.147,1.3576700000000002,1.35749,1,1.87
13.08.2021 01:45:06.271,1.35766,1.35749,1,1.12
13.08.2021 01:45:09.487,1.35765,1.35748,1,1
13.08.2021 01:45:16.331,1.35766,1.35752,1,1
13.08.2021 01:45:16.432,1.35768,1.35752,1,1
13.08.2021 01:45:27.490,1.3576700000000002,1.35752,1,1
13.08.2021 01:45:27.591,1.35764,1.3574700000000002,1,1.12
13.08.2021 01:45:28.237,1.35765,1.35748,1,1
13.08.2021 01:45:28.937,1.35765,1.3575000000000002,1,1
13.08.2021 01:45:45.611,1.35766,1.35751,1,1
13.08.2021 01:45:45.712,1.35768,1.35753,1,1
13.08.2021 01:45:53.194,1.3577100000000002,1.35753,1,1
13.08.2021 01:46:01.665,1.35772,1.35755,1,1
13.08.2021 01:46:01.782,1.35772,1.3575700000000002,1,1
13.08.2021 01:46:01.883,1.3577299999999999,1.35758,1,1
13.08.2021 01:46:02.034,1.35775,1.3576000000000001,1,1
13.08.2021 01:46:02.436,1.35776,1.3576000000000001,1,1
13.08.2021 01:46:02.688,1.3577700000000001,1.35762,1,1
13.08.2021 01:46:02.789,1.35779,1.35764,1,1
13.08.2021 01:46:02.893,1.35779,1.35763,1,1
13.08.2021 01:46:03.044,1.35779,1.35762,1,1
13.08.2021 01:46:09.690,1.3578000000000001,1.35763,1,1
13.08.2021 01:46:10.778,1.3578100000000002,1.35763,1,1
13.08.2021 01:46:11.030,1.3578100000000002,1.35766,1,1
13.08.2021 01:46:20.194,1.3578000000000001,1.35764,1,1
13.08.2021 01:46:28.007,1.35782,1.35764,1,1
13.08.2021 01:46:32.334,1.35782,1.3576700000000002,1,1
13.08.2021 01:46:32.691,1.35784,1.3576700000000002,1,1
13.08.2021 01:46:56.551,1.35784,1.35768,1,1
13.08.2021 01:46:56.602,1.35789,1.35772,1.23,1
13.08.2021 01:46:56.653,1.3579,1.35775,1.5,1
13.08.2021 01:46:56.704,1.3579100000000002,1.35774,1.12,1
13.08.2021 01:46:56.805,1.3579200000000002,1.35775,1.12,1
13.08.2021 01:46:57.007,1.35793,1.35775,1,1
13.08.2021 01:47:03.774,1.35795,1.35778,1,1
13.08.2021 01:47:04.272,1.35796,1.35779,1,1
13.08.2021 01:47:04.373,1.35795,1.35779,1,1
13.08.2021 01:47:09.052,1.35795,1.35778,1,1
13.08.2021 01:47:10.275,1.35795,1.3577700000000001,1,1.12
13.08.2021 01:47:14.070,1.35795,1.35775,1,1.6
13.08.2021 01:47:17.588,1.35796,1.3577700000000001,1,1
13.08.2021 01:47:17.796,1.3579700000000001,1.35779,1,1
13.08.2021 01:47:20.379,1.35795,1.35778,1,1
13.08.2021 01:47:20.949,1.35795,1.3577700000000001,1,1.12
13.08.2021 01:47:23.732,1.3579200000000002,1.35774,1,1.5
13.08.2021 01:47:23.833,1.3579,1.3577299999999999,1,1.1
13.08.2021 01:47:24.803,1.3579,1.35772,1,1.12
13.08.2021 01:47:33.670,1.35789,1.35772,1,1
13.08.2021 01:47:33.771,1.35785,1.35768,1,2
13.08.2021 01:47:33.872,1.35784,1.35766,1,1
13.08.2021 01:47:41.461,1.35785,1.3576700000000002,1,1
13.08.2021 01:47:42.936,1.3578700000000001,1.35768,1,1
13.08.2021 01:47:44.111,1.35789,1.3577100000000002,1,1
13.08.2021 01:47:45.299,1.35789,1.3577299999999999,1,1
13.08.2021 01:47:45.606,1.3579100000000002,1.35772,1,1
13.08.2021 01:47:46.228,1.3579,1.35775,1,1
13.08.2021 01:47:50.158,1.3578700000000001,1.3577100000000002,1,1.5
13.08.2021 01:47:50.259,1.35785,1.35769,1,1
13.08.2021 01:47:50.360,1.35783,1.35769,1,1
13.08.2021 01:47:50.799,1.35785,1.35768,1,1
13.08.2021 01:47:53.642,1.35786,1.35769,1,1
13.08.2021 01:47:53.877,1.3578700000000001,1.35769,1.5,1
13.08.2021 01:47:53.978,1.35786,1.35772,1,1
13.08.2021 01:47:56.103,1.35789,1.35772,1,1
13.08.2021 01:48:00.225,1.3578700000000001,1.3577000000000001,1,1
13.08.2021 01:48:00.698,1.35785,1.3577000000000001,1,1
13.08.2021 01:48:02.589,1.35785,1.35768,1,1
13.08.2021 01:48:07.385,1.35782,1.35768,1,1
13.08.2021 01:48:19.247,1.35783,1.35769,1,1
13.08.2021 01:48:36.442,1.3578100000000002,1.3576700000000002,1,1
13.08.2021 01:48:36.543,1.35779,1.35765,1,1.12
13.08.2021 01:48:36.644,1.35779,1.35765,1,1.5
13.08.2021 01:48:36.694,1.35779,1.35763,1,1
13.08.2021 01:48:36.745,1.3577700000000001,1.3576100000000002,1,1.12
13.08.2021 01:48:37.047,1.35776,1.3576000000000001,1,1
13.08.2021 01:48:37.098,1.35774,1.35759,1,1
13.08.2021 01:48:37.199,1.3577299999999999,1.35758,1,1
13.08.2021 01:48:40.486,1.35776,1.35759,1,1
13.08.2021 01:48:42.066,1.35776,1.3576000000000001,1,1
13.08.2021 01:48:44.110,1.35776,1.35762,1,1
13.08.2021 01:48:44.211,1.35778,1.35764,1,1
13.08.2021 01:49:02.570,1.3577700000000001,1.35763,1,1
13.08.2021 01:49:53.208,1.35779,1.35764,1,1
13.08.2021 01:49:53.449,1.3578000000000001,1.35764,1.5,1
13.08.2021 01:49:54.021,1.3578100000000002,1.35766,1,1
13.08.2021 01:49:54.122,1.35784,1.35768,1.5,1
13.08.2021 01:49:54.334,1.3578700000000001,1.3576700000000002,1.12,1
13.08.2021 01:49:54.435,1.35786,1.3577000000000001,1.12,1
13.08.2021 01:49:54.537,1.35788,1.3577000000000001,2,1
13.08.2021 01:49:54.924,1.3578700000000001,1.3577299999999999,1,1
13.08.2021 01:49:55.025,1.3579,1.35772,1.12,1
13.08.2021 01:49:55.901,1.3579,1.35774,1.5,1
13.08.2021 01:49:56.052,1.3579200000000002,1.3577299999999999,1.62,1
13.08.2021 01:49:56.964,1.3579100000000002,1.35774,1.12,1
13.08.2021 01:49:57.227,1.3579200000000002,1.35776,1.12,1
13.08.2021 01:49:57.840,1.35793,1.35778,2,1
13.08.2021 01:49:57.991,1.35794,1.3577700000000001,1.87,1
13.08.2021 01:50:06.825,1.35795,1.35779,1.12,1
13.08.2021 01:50:07.589,1.35796,1.3578000000000001,1.62,1
13.08.2021 01:50:08.226,1.35796,1.3578000000000001,1,1
13.08.2021 01:50:08.378,1.35798,1.35782,1.12,1
13.08.2021 01:50:08.703,1.35799,1.35783,1,1
13.08.2021 01:50:19.233,1.3579700000000001,1.3578100000000002,1,1
13.08.2021 01:50:19.334,1.3579200000000002,1.3577700000000001,1,1.5
13.08.2021 01:50:19.436,1.3579100000000002,1.35776,1,1.5
13.08.2021 01:50:19.537,1.3579100000000002,1.35776,1,1.12
13.08.2021 01:50:19.956,1.3579,1.35774,1,1
13.08.2021 01:50:20.244,1.3579,1.35774,1.5,1
13.08.2021 01:50:20.345,1.3579,1.35772,1.12,1
13.08.2021 01:50:20.580,1.35789,1.3577100000000002,1,1
13.08.2021 01:50:20.681,1.35788,1.35769,1,1
13.08.2021 01:50:26.042,1.3579,1.3577000000000001,1.12,1
13.08.2021 01:50:26.813,1.35788,1.35772,1,1
13.08.2021 01:50:26.864,1.3579100000000002,1.3577299999999999,1.5,1
13.08.2021 01:50:27.017,1.3579,1.35774,1,1
13.08.2021 01:50:32.936,1.35793,1.35774,1,1
13.08.2021 01:50:37.303,1.35795,1.3577700000000001,1.5,1
13.08.2021 01:50:37.405,1.35795,1.35778,1.5,1
13.08.2021 01:50:37.505,1.35795,1.35778,1.12,1
13.08.2021 01:50:37.707,1.3579700000000001,1.35778,1.5,1
13.08.2021 01:50:40.456,1.35798,1.35778,2.62,1
13.08.2021 01:50:40.567,1.3579700000000001,1.3578000000000001,1.12,1
13.08.2021 01:50:53.994,1.35795,1.35779,1,1
13.08.2021 01:50:55.553,1.35796,1.35778,1.5,1
13.08.2021 01:50:55.603,1.35794,1.3577700000000001,1.12,1
13.08.2021 01:50:55.704,1.3579200000000002,1.35774,1,1
13.08.2021 01:50:55.917,1.35793,1.35776,1.5,1
13.08.2021 01:50:56.027,1.3579200000000002,1.35775,1,1
13.08.2021 01:51:00.312,1.35793,1.35775,1,1
13.08.2021 01:51:28.277,1.35793,1.35776,1.12,1
13.08.2021 01:51:28.490,1.35795,1.35776,1.5,1
13.08.2021 01:51:28.591,1.35794,1.3577700000000001,1,1
13.08.2021 01:51:28.742,1.35794,1.35778,1,1
13.08.2021 01:51:30.100,1.35794,1.3577700000000001,1,1
13.08.2021 01:51:33.875,1.35794,1.35778,1.12,1
13.08.2021 01:51:40.314,1.3579200000000002,1.3577700000000001,1,1
13.08.2021 01:51:40.415,1.35793,1.35775,1,1
13.08.2021 01:51:40.466,1.3579200000000002,1.3577299999999999,1,1
13.08.2021 01:51:44.032,1.35789,1.3577299999999999,1,1
13.08.2021 01:51:44.133,1.35788,1.3577100000000002,1,1.12
13.08.2021 01:51:44.334,1.35789,1.3577299999999999,1,1
13.08.2021 01:51:47.947,1.35788,1.3577100000000002,1,1
13.08.2021 01:52:01.923,1.35788,1.3577000000000001,1,1
13.08.2021 01:52:07.170,1.35789,1.3577000000000001,1.12,1
13.08.2021 01:52:07.220,1.35786,1.3577100000000002,1,1
13.08.2021 01:52:12.963,1.35789,1.3577000000000001,1,1
13.08.2021 01:52:13.014,1.3579,1.35772,1,1
13.08.2021 01:52:13.165,1.3579100000000002,1.3577299999999999,1,1
13.08.2021 01:52:13.574,1.3579200000000002,1.35776,1.5,1
13.08.2021 01:52:13.675,1.35794,1.35776,1.5,1
13.08.2021 01:52:13.896,1.35795,1.3577700000000001,1,1
13.08.2021 01:52:13.997,1.35796,1.3577700000000001,1.12,1
13.08.2021 01:52:14.149,1.3579700000000001,1.35778,1.62,1
13.08.2021 01:52:14.633,1.35798,1.3578000000000001,1,1
13.08.2021 01:52:15.011,1.35798,1.35782,1,1
13.08.2021 01:52:15.471,1.358,1.35783,1.5,1
13.08.2021 01:52:15.572,1.358,1.35783,1,1
13.08.2021 01:52:20.478,1.358,1.35785,1,1
13.08.2021 01:52:22.798,1.35803,1.35785,2.25,1
13.08.2021 01:52:27.657,1.3580200000000002,1.35786,2,1
13.08.2021 01:52:30.491,1.3580200000000002,1.35786,1.87,1
13.08.2021 01:52:44.998,1.3580100000000002,1.35784,1,1
13.08.2021 01:52:46.781,1.35799,1.35783,1,1
13.08.2021 01:52:46.882,1.35798,1.35782,1,1
13.08.2021 01:52:47.033,1.35795,1.3578100000000002,1,1
13.08.2021 01:53:01.181,1.35793,1.35779,1,1
13.08.2021 01:53:01.282,1.3579100000000002,1.3577700000000001,1,1
13.08.2021 01:53:01.484,1.3579,1.35775,1,1.12
13.08.2021 01:53:28.896,1.3579,1.35774,1,1
13.08.2021 01:53:34.722,1.35788,1.35772,1,1
13.08.2021 01:54:24.784,1.35788,1.35774,1,1
13.08.2021 01:54:24.985,1.3579100000000002,1.35775,1,1
13.08.2021 01:54:25.566,1.3579100000000002,1.35776,1,1
13.08.2021 01:54:40.490,1.35794,1.3577700000000001,1,1
13.08.2021 01:54:40.609,1.35795,1.35778,1,1
13.08.2021 01:54:42.435,1.35795,1.35779,2.25,1
13.08.2021 01:54:49.964,1.35794,1.3577700000000001,1,1
13.08.2021 01:54:50.166,1.35793,1.35775,1,1
13.08.2021 01:54:50.217,1.3579,1.3577299999999999,1.5,1
13.08.2021 01:54:50.669,1.35789,1.35772,1,1
13.08.2021 01:54:50.770,1.3579,1.35772,1,1
13.08.2021 01:54:50.981,1.35789,1.35772,1,1
13.08.2021 01:54:53.368,1.3578700000000001,1.3577100000000002,1,1
13.08.2021 01:55:01.286,1.3578700000000001,1.3577000000000001,1,1
13.08.2021 01:55:02.562,1.35785,1.3577000000000001,1,1
13.08.2021 01:55:09.873,1.35786,1.3577100000000002,1,1
13.08.2021 01:55:36.238,1.3578700000000001,1.3577100000000002,1,1
13.08.2021 01:55:38.516,1.3578700000000001,1.3577299999999999,1,1
13.08.2021 01:55:38.881,1.35788,1.3577000000000001,1,1
13.08.2021 01:55:40.251,1.3578700000000001,1.35769,1,1
13.08.2021 01:55:40.352,1.35786,1.35769,1,1
13.08.2021 01:55:40.477,1.35785,1.35768,1,1
13.08.2021 01:55:40.528,1.35783,1.3576700000000002,1,1
13.08.2021 01:55:40.729,1.35782,1.35768,1.5,1
13.08.2021 01:55:50.539,1.35785,1.3576700000000002,1,1
13.08.2021 01:55:50.590,1.35786,1.35769,1,1
13.08.2021 01:55:51.652,1.3578700000000001,1.3577000000000001,1,1
13.08.2021 01:55:51.753,1.35789,1.3577100000000002,1.5,1
13.08.2021 01:55:51.804,1.35789,1.35774,1,1
13.08.2021 01:55:52.005,1.3579100000000002,1.35774,1.12,1
13.08.2021 01:55:52.239,1.35793,1.35776,1,1
13.08.2021 01:55:52.390,1.35795,1.35776,1.5,1
13.08.2021 01:55:52.491,1.35794,1.3577700000000001,1,1
13.08.2021 01:56:02.581,1.35796,1.35779,1.12,1
13.08.2021 01:56:02.683,1.35794,1.3578000000000001,1,1
13.08.2021 01:56:02.801,1.35795,1.3578000000000001,1.12,1
13.08.2021 01:56:05.445,1.35794,1.35779,1,1
13.08.2021 01:56:30.872,1.3579200000000002,1.35778,1,1
13.08.2021 01:56:31.119,1.3579100000000002,1.3577700000000001,1,1
13.08.2021 01:56:31.793,1.3579,1.35774,1,1
13.08.2021 01:56:35.520,1.35789,1.3577299999999999,1,1
13.08.2021 01:56:35.621,1.35786,1.35772,1,1
13.08.2021 01:56:37.434,1.35786,1.3577000000000001,1,1
13.08.2021 01:57:00.380,1.35788,1.3577100000000002,1,1
13.08.2021 01:57:15.457,1.35785,1.3577100000000002,1,1
13.08.2021 01:57:16.963,1.35783,1.35769,1,1
13.08.2021 01:57:17.065,1.35783,1.35769,1.5,1
13.08.2021 01:57:17.116,1.35782,1.35766,1,1
13.08.2021 01:57:17.268,1.35783,1.35769,1.12,1
13.08.2021 01:57:21.938,1.35783,1.35766,1,1
13.08.2021 01:57:22.039,1.3578100000000002,1.3576700000000002,1,1
13.08.2021 01:57:23.121,1.3578100000000002,1.35765,1,1
13.08.2021 01:57:23.890,1.3578000000000001,1.35765,1,1
13.08.2021 01:57:27.313,1.35779,1.35765,1,1
13.08.2021 01:58:04.921,1.35782,1.35766,1,1
13.08.2021 01:58:39.094,1.35779,1.35764,1,1.5
13.08.2021 01:59:16.837,1.35779,1.35764,1.5,1.5
13.08.2021 01:59:19.412,1.35783,1.35769,1,1.5
13.08.2021 01:59:19.462,1.35785,1.3577100000000002,3.87,1
13.08.2021 01:59:19.563,1.35785,1.3577000000000001,1.12,1
13.08.2021 01:59:20.437,1.35786,1.35772,1.5,1
13.08.2021 01:59:20.538,1.35788,1.35772,1,1
13.08.2021 02:00:01.347,1.35786,1.3577100000000002,1,1.62
13.08.2021 02:00:01.448,1.3578700000000001,1.3577000000000001,1,1.12
13.08.2021 02:00:01.739,1.35786,1.3577000000000001,1,1
13.08.2021 02:00:01.840,1.35782,1.35768,1,1.5
13.08.2021 02:00:01.891,1.35784,1.3577000000000001,1.5,1
13.08.2021 02:00:02.153,1.35785,1.35772,1,1
13.08.2021 02:00:02.254,1.3579,1.35776,1,1.5
13.08.2021 02:00:02.355,1.3579,1.35776,1.5,1.12
13.08.2021 02:00:02.456,1.35789,1.35775,1,1
13.08.2021 02:00:03.286,1.3579,1.35776,1,1
13.08.2021 02:00:03.387,1.35793,1.35779,1,1
13.08.2021 02:00:24.539,1.3579200000000002,1.35776,1,1.5
13.08.2021 02:00:25.496,1.3579200000000002,1.35775,1,1.62
13.08.2021 02:00:35.187,1.3579200000000002,1.35775,1,1.12
13.08.2021 02:00:35.514,1.3579200000000002,1.35775,1,2
13.08.2021 02:00:36.132,1.3579200000000002,1.3577700000000001,1,1.12
13.08.2021 02:00:36.284,1.35794,1.35778,1,1
13.08.2021 02:00:54.741,1.35794,1.3578000000000001,1,1
13.08.2021 02:00:58.810,1.35793,1.35779,1,1.12
13.08.2021 02:00:59.360,1.3579100000000002,1.3577700000000001,1,1.5
13.08.2021 02:02:07.389,1.3579200000000002,1.3577700000000001,1,1
13.08.2021 02:02:07.439,1.35794,1.35778,1,1
13.08.2021 02:03:14.652,1.35793,1.35779,1,1.5
13.08.2021 02:03:15.564,1.35794,1.3578000000000001,1,1.12
13.08.2021 02:03:15.870,1.3579700000000001,1.3578100000000002,1,1
13.08.2021 02:03:20.809,1.35795,1.35779,1,1.12
13.08.2021 02:03:42.173,1.35795,1.3578000000000001,1,1.5
13.08.2021 02:03:42.224,1.35798,1.35782,1.5,1
13.08.2021 02:04:00.329,1.35798,1.35782,1,1.5
13.08.2021 02:04:00.435,1.358,1.35784,1,1
13.08.2021 02:04:00.536,1.35799,1.35784,1,1
13.08.2021 02:04:01.339,1.3579700000000001,1.35783,1,1.12
13.08.2021 02:04:01.441,1.3579700000000001,1.35782,1,1
13.08.2021 02:04:13.143,1.3579700000000001,1.35783,1,1
13.08.2021 02:04:43.230,1.35799,1.35785,1,1
13.08.2021 02:04:49.726,1.35798,1.35782,1,1
13.08.2021 02:04:49.878,1.3579700000000001,1.35782,1,1
13.08.2021 02:05:11.290,1.35796,1.3578000000000001,1,1
13.08.2021 02:05:11.593,1.35794,1.3578000000000001,1,1
13.08.2021 02:05:20.075,1.35795,1.35778,1,1
13.08.2021 02:05:24.377,1.35793,1.35779,1,1
13.08.2021 02:05:54.320,1.3579100000000002,1.35775,1,1.5
13.08.2021 02:05:54.421,1.35793,1.3577700000000001,1,1
13.08.2021 02:06:33.369,1.35794,1.35778,1,1
13.08.2021 02:06:33.470,1.35796,1.3578000000000001,1,1
13.08.2021 02:07:22.929,1.35793,1.35779,1,1.12
13.08.2021 02:08:01.456,1.35794,1.3578000000000001,1,1
13.08.2021 02:08:12.276,1.35794,1.35783,1,1
13.08.2021 02:08:12.377,1.35798,1.35782,1.5,1.5
13.08.2021 02:08:39.691,1.35799,1.35785,1.12,1
13.08.2021 02:09:22.739,1.3579700000000001,1.35783,1,1
13.08.2021 02:09:23.121,1.35796,1.35782,1,1
13.08.2021 02:09:23.991,1.35794,1.3578000000000001,1,1.5
13.08.2021 02:10:06.614,1.35795,1.3578100000000002,1,1
13.08.2021 02:11:55.689,1.35794,1.3577700000000001,1,1
13.08.2021 02:11:55.790,1.35795,1.3577700000000001,1,1
13.08.2021 02:11:55.840,1.35798,1.35784,2,1
13.08.2021 02:11:55.891,1.35795,1.3578000000000001,1,1.5
13.08.2021 02:11:56.092,1.35798,1.35782,1,1
13.08.2021 02:11:56.251,1.35799,1.35782,1,1
13.08.2021 02:11:56.302,1.358,1.35784,1.57,1
13.08.2021 02:11:56.403,1.35803,1.3578700000000001,1.1,1
13.08.2021 02:11:56.454,1.3580200000000002,1.35788,1.2,1
13.08.2021 02:11:56.555,1.35803,1.35786,1.2,1
13.08.2021 02:11:59.301,1.3580400000000001,1.35786,1.12,1
13.08.2021 02:11:59.540,1.35805,1.35788,1.5,1
13.08.2021 02:12:00.199,1.3580400000000001,1.35789,1.12,1
13.08.2021 02:12:00.399,1.35805,1.3579,1.6,1
13.08.2021 02:12:01.306,1.35805,1.3579,1.1,1
13.08.2021 02:12:02.520,1.35808,1.3579,3.2,1
13.08.2021 02:12:12.487,1.35807,1.3579100000000002,3.57,1
13.08.2021 02:12:13.105,1.3580400000000001,1.3579,1.57,1
13.08.2021 02:12:13.156,1.35803,1.35788,1.57,1
13.08.2021 02:12:13.206,1.3580400000000001,1.3578700000000001,2.07,1
13.08.2021 02:12:13.307,1.3580100000000002,1.3578700000000001,1,1
13.08.2021 02:12:13.419,1.35803,1.35786,1.2,1
13.08.2021 02:12:13.620,1.3580400000000001,1.3578700000000001,3.2,1
13.08.2021 02:12:14.709,1.35803,1.35788,1.5,1
13.08.2021 02:12:17.179,1.35805,1.35788,1.7,1
13.08.2021 02:12:17.851,1.35806,1.3579,1.62,1
13.08.2021 02:12:17.953,1.35806,1.3579,1.62,1
13.08.2021 02:12:29.379,1.35807,1.35789,1.5,1
13.08.2021 02:13:23.034,1.35807,1.3579200000000002,1.5,1
13.08.2021 02:13:23.347,1.3581,1.35795,1.74,1
13.08.2021 02:13:23.397,1.3581400000000001,1.35799,2.37,1
13.08.2021 02:13:23.549,1.35817,1.35803,1.2,1
13.08.2021 02:13:23.599,1.35819,1.35805,1.5,1
13.08.2021 02:13:23.750,1.3582200000000002,1.3580400000000001,1.5,1
13.08.2021 02:13:24.625,1.3582100000000001,1.35805,1.1,1
13.08.2021 02:13:25.592,1.3582100000000001,1.35803,1,1
13.08.2021 02:13:25.642,1.3582100000000001,1.35803,1.1,1
13.08.2021 02:13:32.674,1.35819,1.3580200000000002,1.1,1
13.08.2021 02:13:37.376,1.35818,1.3580200000000002,1.1,1
13.08.2021 02:13:39.922,1.35817,1.3580100000000002,1.12,1
13.08.2021 02:13:40.033,1.35816,1.35798,1,1.5
13.08.2021 02:13:40.134,1.35815,1.3579700000000001,1,1
13.08.2021 02:14:39.326,1.35813,1.35798,1,1
13.08.2021 02:14:42.105,1.3581400000000001,1.35796,1,1
13.08.2021 02:14:58.129,1.35813,1.35798,1,1
13.08.2021 02:15:00.132,1.3581400000000001,1.35798,1.87,1
13.08.2021 02:15:02.522,1.3581400000000001,1.35796,1,1
13.08.2021 02:15:03.678,1.35813,1.35796,1,1
13.08.2021 02:15:03.779,1.3581200000000002,1.35796,1.95,1
13.08.2021 02:15:03.880,1.35809,1.3579200000000002,1,1
13.08.2021 02:16:15.201,1.35807,1.3579,1,1.12
13.08.2021 02:16:15.302,1.3581,1.3579200000000002,1.12,1
13.08.2021 02:16:15.403,1.35808,1.3579100000000002,1,1
13.08.2021 02:16:37.884,1.35806,1.35789,1,1.12
13.08.2021 02:16:37.986,1.35805,1.3579100000000002,1,1
13.08.2021 02:16:38.123,1.35806,1.35789,1,1
13.08.2021 02:16:46.374,1.35806,1.3579200000000002,1,1
13.08.2021 02:16:47.350,1.35807,1.3579200000000002,1,1
13.08.2021 02:16:56.268,1.3580400000000001,1.3579,1,1
13.08.2021 02:17:08.311,1.35806,1.3579,1,1
13.08.2021 02:17:08.412,1.35806,1.3579200000000002,1,1
13.08.2021 02:17:08.664,1.35809,1.35793,1.12,1
13.08.2021 02:17:08.866,1.3581,1.35796,1,1
13.08.2021 02:17:08.967,1.3581100000000002,1.3579700000000001,1,1
13.08.2021 02:17:09.068,1.35815,1.35799,1,1
13.08.2021 02:17:09.626,1.35816,1.358,1,1
13.08.2021 02:17:09.927,1.35818,1.3580400000000001,1.1,1
13.08.2021 02:17:10.584,1.3582,1.3580400000000001,1,1
13.08.2021 02:17:11.802,1.35818,1.35803,1,1.5
13.08.2021 02:17:11.853,1.3582100000000001,1.3580400000000001,1,1.5
13.08.2021 02:17:11.955,1.3582,1.35805,1,2.07
13.08.2021 02:17:12.006,1.3582200000000002,1.35807,1,1.12
13.08.2021 02:17:12.057,1.3582400000000001,1.3581,1,1
13.08.2021 02:17:12.158,1.3582200000000002,1.35806,1,1
13.08.2021 02:17:12.941,1.3582200000000002,1.35806,1,1
13.08.2021 02:17:13.092,1.3582100000000001,1.3581200000000002,1,1
13.08.2021 02:17:14.309,1.3582,1.3581200000000002,1,1
13.08.2021 02:17:14.410,1.3582,1.3581100000000002,1,1
13.08.2021 02:17:14.482,1.3582,1.35805,1,1.5
13.08.2021 02:17:16.320,1.35819,1.35807,1,1.5
13.08.2021 02:17:16.421,1.3582,1.35805,1,1.5
13.08.2021 02:17:16.522,1.3582,1.3580200000000002,1,5.07
13.08.2021 02:17:18.379,1.35819,1.35805,1,1.5
13.08.2021 02:17:24.356,1.3582,1.35805,1,1
13.08.2021 02:17:24.586,1.3582,1.35803,1,1
13.08.2021 02:17:24.687,1.35819,1.35808,1,1
13.08.2021 02:17:25.063,1.3582,1.35808,1,1
13.08.2021 02:17:28.237,1.3582100000000001,1.3580400000000001,1,2.62
13.08.2021 02:17:35.247,1.3582100000000001,1.35807,1,1
13.08.2021 02:17:38.507,1.3582,1.35805,1,1.12
13.08.2021 02:17:40.581,1.3582100000000001,1.35805,1,1
13.08.2021 02:17:40.682,1.35819,1.35805,1,1
13.08.2021 02:17:40.783,1.35819,1.35803,1,1
13.08.2021 02:18:15.801,1.35816,1.3580200000000002,1,1
13.08.2021 02:18:16.010,1.35815,1.3580100000000002,1,1
13.08.2021 02:18:16.161,1.3581400000000001,1.35798,1,1
13.08.2021 02:18:31.024,1.3581100000000002,1.3579700000000001,1,2.25
13.08.2021 02:18:31.545,1.3581200000000002,1.35796,1,1.5
13.08.2021 02:18:31.596,1.3581100000000002,1.35795,1,1
13.08.2021 02:18:31.646,1.35808,1.35794,1,1.12
13.08.2021 02:18:31.747,1.35808,1.3579100000000002,1,1.12
13.08.2021 02:18:33.868,1.35809,1.35793,1,1
13.08.2021 02:19:02.503,1.35807,1.3579100000000002,1,1.5
13.08.2021 02:19:02.604,1.35805,1.3579100000000002,1,1.12
13.08.2021 02:19:04.640,1.35803,1.35789,1,1.12
13.08.2021 02:19:04.945,1.3580200000000002,1.35788,1,1.5
13.08.2021 02:19:05.761,1.35803,1.3578700000000001,1,1.12
13.08.2021 02:19:06.914,1.358,1.35786,1,1
13.08.2021 02:19:17.415,1.358,1.35784,1,1
13.08.2021 02:19:17.796,1.35799,1.35782,1,1
13.08.2021 02:19:17.897,1.35795,1.3578100000000002,1,1
13.08.2021 02:19:18.560,1.35796,1.35779,1,1
13.08.2021 02:19:18.762,1.35794,1.35779,1,1
13.08.2021 02:19:20.325,1.35793,1.35779,1,1
13.08.2021 02:19:22.167,1.35795,1.3578000000000001,1,1
13.08.2021 02:19:22.658,1.35793,1.35779,1,1
13.08.2021 02:20:00.279,1.35795,1.3578100000000002,1,1
13.08.2021 02:20:00.380,1.35796,1.35782,1.12,1
13.08.2021 02:22:58.945,1.3579700000000001,1.35783,1.5,1
13.08.2021 02:22:59.235,1.35798,1.35782,1.12,1
13.08.2021 02:23:17.824,1.35796,1.35782,1,1.12
13.08.2021 02:23:20.507,1.35794,1.3578000000000001,1,2
13.08.2021 02:23:21.250,1.35793,1.3578000000000001,1,1.5
13.08.2021 02:23:21.351,1.35793,1.35779,1,1.5
13.08.2021 02:23:42.794,1.35794,1.35778,1.5,1
13.08.2021 02:23:42.895,1.3579100000000002,1.3577700000000001,1,1.5
13.08.2021 02:23:43.803,1.3579100000000002,1.3577700000000001,1.12,1.12
13.08.2021 02:23:53.906,1.35786,1.35774,1,1.12
13.08.2021 02:23:54.007,1.35786,1.35772,1,1.12
13.08.2021 02:23:54.058,1.35784,1.3577000000000001,1,1.62
13.08.2021 02:23:54.159,1.35784,1.3577000000000001,1,1
13.08.2021 02:23:54.937,1.35783,1.35769,1,1
13.08.2021 02:23:55.038,1.35782,1.35769,1,1
13.08.2021 02:23:56.538,1.35784,1.35768,1,1
13.08.2021 02:24:18.054,1.35783,1.3576700000000002,1,1
13.08.2021 02:24:18.214,1.3578100000000002,1.35765,1,1.5
13.08.2021 02:24:20.458,1.35782,1.35768,1,1
13.08.2021 02:24:35.281,1.35784,1.35768,1,1
13.08.2021 02:24:59.677,1.35783,1.35768,1,1
13.08.2021 02:24:59.828,1.35782,1.35768,1,1.5
13.08.2021 02:25:17.930,1.35783,1.35769,1,1
13.08.2021 02:25:18.416,1.35786,1.3577000000000001,1.5,1
13.08.2021 02:25:18.517,1.35786,1.3577000000000001,1,1
13.08.2021 02:25:38.537,1.35785,1.35769,1,1
13.08.2021 02:25:38.817,1.35785,1.35768,1,1.12
13.08.2021 02:26:00.283,1.35786,1.35769,1.12,1
13.08.2021 02:26:00.384,1.3578700000000001,1.3577100000000002,1,1
13.08.2021 02:26:01.750,1.35785,1.3577100000000002,1,1
13.08.2021 02:26:01.965,1.35783,1.35769,1,1
13.08.2021 02:26:18.163,1.35785,1.35769,1,1
13.08.2021 02:26:18.264,1.3578700000000001,1.3577299999999999,1.12,1
13.08.2021 02:26:19.023,1.3579,1.35774,1.12,1
13.08.2021 02:26:45.828,1.3579,1.3577299999999999,1.12,1
13.08.2021 02:26:46.567,1.35789,1.35774,1.5,1
13.08.2021 02:26:55.592,1.35789,1.35774,1.12,1
13.08.2021 02:26:56.641,1.3579,1.3577299999999999,1.5,1
13.08.2021 02:26:57.605,1.3579,1.3577299999999999,1.12,1
13.08.2021 02:27:32.809,1.3579,1.35774,1,1
13.08.2021 02:27:47.851,1.35793,1.3577700000000001,1,1
13.08.2021 02:27:47.952,1.35795,1.35779,1,1
13.08.2021 02:28:43.380,1.35796,1.35782,1,1
13.08.2021 02:28:44.241,1.35798,1.35782,1.12,1
13.08.2021 02:28:45.468,1.35798,1.35784,1,1
13.08.2021 02:28:49.285,1.35799,1.35785,1,1
13.08.2021 02:28:49.767,1.3580200000000002,1.35784,1.62,1
13.08.2021 02:28:52.674,1.3580100000000002,1.35785,1.12,1
13.08.2021 02:29:13.798,1.3580200000000002,1.35786,1,1
13.08.2021 02:29:22.421,1.3580100000000002,1.35785,1,1
13.08.2021 02:29:23.939,1.3580100000000002,1.35784,1,1
13.08.2021 02:29:24.040,1.35799,1.35783,1,1
13.08.2021 02:29:34.906,1.3580200000000002,1.35785,1,1
13.08.2021 02:29:35.006,1.3580200000000002,1.35788,1.12,1
13.08.2021 02:29:48.065,1.35803,1.35789,1,1
13.08.2021 02:29:55.867,1.35806,1.3579,1.5,1
13.08.2021 02:30:01.780,1.35807,1.3579100000000002,1,1
13.08.2021 02:30:04.327,1.35805,1.3579100000000002,1,1
13.08.2021 02:30:07.527,1.3580400000000001,1.35789,1,1
13.08.2021 02:30:20.062,1.35806,1.3579,1,1
13.08.2021 02:30:28.678,1.35808,1.3579200000000002,1,1
13.08.2021 02:30:29.039,1.35808,1.35794,1,1
13.08.2021 02:30:39.614,1.3581100000000002,1.3580200000000002,1,1
13.08.2021 02:30:39.715,1.3581100000000002,1.35794,1,1
13.08.2021 02:30:51.605,1.35809,1.35793,1,1
13.08.2021 02:31:00.868,1.3581,1.35794,1,1
13.08.2021 02:31:00.969,1.3581100000000002,1.35794,1,1
13.08.2021 02:31:08.374,1.3581,1.35794,1,1
13.08.2021 02:31:10.011,1.35808,1.35794,1,1
13.08.2021 02:31:18.670,1.35809,1.35795,1,1
13.08.2021 02:31:34.286,1.3581100000000002,1.3579700000000001,1,1
13.08.2021 02:31:39.626,1.3581,1.35796,1,1
13.08.2021 02:32:22.715,1.35813,1.3579700000000001,1.12,1
13.08.2021 02:32:24.552,1.3581400000000001,1.35798,1,1
13.08.2021 02:32:27.391,1.35815,1.35798,1.5,1
13.08.2021 02:32:28.055,1.3581400000000001,1.35798,1.5,1
13.08.2021 02:32:28.289,1.3581400000000001,1.35798,1.12,1
13.08.2021 02:32:29.713,1.35815,1.35798,1.12,1
13.08.2021 02:32:33.497,1.35816,1.358,1.7,1
13.08.2021 02:32:40.068,1.35816,1.35798,1.12,1
13.08.2021 02:32:50.282,1.35816,1.358,1.12,1
13.08.2021 02:33:03.977,1.35816,1.3580200000000002,1,1
13.08.2021 02:33:04.078,1.35817,1.3580200000000002,1.12,1
13.08.2021 02:33:12.329,1.35817,1.358,1,1
13.08.2021 02:33:13.148,1.35815,1.35799,1,1
13.08.2021 02:33:13.249,1.35813,1.3579700000000001,1,1
13.08.2021 02:33:13.400,1.35808,1.35793,1,1.5
13.08.2021 02:33:13.450,1.35808,1.35793,1,1
13.08.2021 02:33:13.551,1.35808,1.3579200000000002,1,1
13.08.2021 02:33:13.766,1.35805,1.35789,1,1
13.08.2021 02:33:26.296,1.35803,1.3578700000000001,1,1
13.08.2021 02:35:00.820,1.35809,1.35793,1.5,1
13.08.2021 02:35:01.073,1.35807,1.35793,1,1.12
13.08.2021 02:35:01.191,1.35808,1.35794,1.12,1
13.08.2021 02:35:01.292,1.35808,1.35794,1.12,1.5
13.08.2021 02:35:01.393,1.35813,1.3579700000000001,1.5,1.12
13.08.2021 02:35:01.694,1.3581200000000002,1.35798,1,1
13.08.2021 02:35:12.441,1.35809,1.35796,1,1
13.08.2021 02:35:12.542,1.35805,1.3579100000000002,1,1
13.08.2021 02:35:12.643,1.3580200000000002,1.35788,1,1.12
13.08.2021 02:35:18.723,1.35807,1.3579100000000002,1.12,1
13.08.2021 02:35:18.824,1.3581,1.35794,3.5,1
13.08.2021 02:35:18.926,1.3581,1.35794,2.25,1
13.08.2021 02:35:19.089,1.35808,1.3579200000000002,1,2.25
13.08.2021 02:35:19.190,1.35809,1.35795,2.25,1
13.08.2021 02:35:19.292,1.3581100000000002,1.3579700000000001,1,1
13.08.2021 02:35:34.758,1.3581100000000002,1.3579700000000001,1.5,1.5
13.08.2021 02:36:03.542,1.3581200000000002,1.35796,1.5,1.12
13.08.2021 02:36:06.553,1.3581100000000002,1.3579700000000001,1.5,1.5
13.08.2021 02:36:13.578,1.3581200000000002,1.35796,1.5,1.12
13.08.2021 02:36:27.290,1.35813,1.3579700000000001,1,1
13.08.2021 02:36:27.340,1.35815,1.35799,1.87,1
13.08.2021 02:36:52.319,1.35813,1.35799,1.5,1.12
13.08.2021 02:37:23.356,1.3581200000000002,1.35798,1.5,1.12
13.08.2021 02:37:25.600,1.3581200000000002,1.35799,1.5,1
13.08.2021 02:37:26.396,1.3581200000000002,1.35798,1.5,1
13.08.2021 02:37:26.551,1.3581200000000002,1.35796,1.5,1.12
13.08.2021 02:37:42.428,1.3581100000000002,1.3579700000000001,1.5,1.5
13.08.2021 02:37:47.449,1.3581200000000002,1.35796,1.5,1.12
13.08.2021 02:37:48.455,1.3581200000000002,1.35796,1.5,1.12
13.08.2021 02:38:22.572,1.3581100000000002,1.35796,1.5,1.5
13.08.2021 02:38:23.575,1.3581200000000002,1.35795,1.5,1.5
13.08.2021 02:38:24.581,1.3581100000000002,1.35796,1.5,1.5
13.08.2021 02:38:25.584,1.3581100000000002,1.35796,1.5,1.5
13.08.2021 02:38:26.585,1.3581200000000002,1.35795,1.5,1.5
13.08.2021 02:38:29.597,1.3581200000000002,1.35795,1.5,1.5
13.08.2021 02:38:30.601,1.3581200000000002,1.35795,1.5,1.5
13.08.2021 02:38:35.382,1.3581100000000002,1.35796,2.26,1
13.08.2021 02:38:35.432,1.35807,1.35796,1,1
13.08.2021 02:38:35.533,1.35803,1.35789,1,1.12
13.08.2021 02:38:35.584,1.3580400000000001,1.3579100000000002,1.12,1
13.08.2021 02:38:36.146,1.35806,1.3579,1,1
13.08.2021 02:38:55.089,1.35806,1.35789,1,1
13.08.2021 02:39:08.719,1.3580400000000001,1.3579,1,1
13.08.2021 02:39:14.936,1.35806,1.35789,1.12,1
13.08.2021 02:39:15.037,1.35805,1.3579100000000002,1,1
13.08.2021 02:39:15.234,1.35808,1.35793,1,1.12
13.08.2021 02:39:15.335,1.35813,1.3579700000000001,1.12,1
13.08.2021 02:39:15.579,1.35813,1.35799,1,1
13.08.2021 02:39:38.732,1.35816,1.358,1,1
13.08.2021 02:39:41.098,1.35815,1.358,1.1,1
13.08.2021 02:39:41.148,1.3581200000000002,1.3579700000000001,1.1,1
13.08.2021 02:39:41.676,1.3581,1.35796,1.12,1
13.08.2021 02:39:44.307,1.35809,1.35793,1,1
13.08.2021 02:39:44.408,1.35808,1.3579200000000002,1,1
13.08.2021 02:39:45.080,1.35806,1.3579200000000002,1,1
13.08.2021 02:39:45.785,1.35809,1.3579200000000002,1,1
13.08.2021 02:39:48.444,1.3581100000000002,1.3579200000000002,1.62,1
13.08.2021 02:39:48.617,1.3581,1.35793,1.12,1
13.08.2021 02:39:48.824,1.3581100000000002,1.35794,1.12,1
13.08.2021 02:39:49.305,1.3581200000000002,1.35795,1,1
13.08.2021 02:39:51.295,1.35813,1.35796,1.5,1
13.08.2021 02:39:51.396,1.35813,1.3579700000000001,1.12,1
13.08.2021 02:39:51.497,1.35813,1.3579700000000001,1,1
13.08.2021 02:39:51.708,1.3581200000000002,1.35799,1,1
13.08.2021 02:39:52.380,1.35815,1.35798,1.5,1
13.08.2021 02:40:02.999,1.35816,1.358,1.62,1
13.08.2021 02:40:03.102,1.35817,1.35799,1.62,1
13.08.2021 02:40:03.472,1.35817,1.358,1.5,1
13.08.2021 02:40:03.573,1.35816,1.3580100000000002,1.5,1
13.08.2021 02:40:03.871,1.35816,1.3580200000000002,1.5,1
13.08.2021 02:40:04.881,1.35817,1.3580100000000002,1.12,1
13.08.2021 02:40:08.858,1.35816,1.3580100000000002,1.12,1
13.08.2021 02:40:13.853,1.35815,1.3580100000000002,1,1
13.08.2021 02:40:27.072,1.3581400000000001,1.358,1,1
13.08.2021 02:40:29.091,1.35815,1.3580100000000002,1,1
13.08.2021 02:40:59.481,1.3581400000000001,1.358,1,1
13.08.2021 02:41:04.213,1.3581400000000001,1.3579700000000001,1.12,1
13.08.2021 02:41:04.364,1.35813,1.3579700000000001,1.12,1
13.08.2021 02:41:12.370,1.35813,1.35798,1.12,1
13.08.2021 02:41:16.258,1.3581400000000001,1.358,1,1
13.08.2021 02:41:16.371,1.35816,1.35799,1.5,1
13.08.2021 02:41:26.907,1.35817,1.358,1,1
13.08.2021 02:41:27.129,1.35816,1.3580100000000002,1,1
13.08.2021 02:41:29.042,1.35815,1.3580100000000002,1,1
13.08.2021 02:41:41.736,1.35815,1.358,1.1,1
13.08.2021 02:41:41.786,1.3581200000000002,1.35798,1,1
13.08.2021 02:41:41.887,1.3581100000000002,1.3579700000000001,1,1
13.08.2021 02:41:49.367,1.35813,1.3579700000000001,1,1
13.08.2021 02:41:51.250,1.35813,1.35799,1,1
13.08.2021 02:41:55.461,1.3581200000000002,1.35796,1,1
13.08.2021 02:41:57.711,1.3581,1.35794,1,1
13.08.2021 02:41:57.812,1.35807,1.35793,1,1.5
13.08.2021 02:41:57.913,1.35806,1.35793,1,1.5
13.08.2021 02:41:58.014,1.35806,1.3579200000000002,1,1.12
13.08.2021 02:42:00.938,1.35809,1.3579200000000002,1,1
13.08.2021 02:42:06.966,1.35809,1.35795,1,1
13.08.2021 02:42:22.536,1.35807,1.35793,1,1
13.08.2021 02:42:31.546,1.35806,1.3579200000000002,1.5,1
13.08.2021 02:42:33.521,1.3580400000000001,1.3579,1,1
13.08.2021 02:42:41.211,1.35806,1.3579100000000002,1,1
13.08.2021 02:42:52.648,1.35808,1.35793,1,1
13.08.2021 02:42:58.125,1.3581,1.3579200000000002,1,1
13.08.2021 02:43:11.224,1.3581,1.35795,1.5,1
13.08.2021 02:43:14.841,1.35809,1.35793,1,1
13.08.2021 02:43:15.389,1.3581100000000002,1.35794,1,1
13.08.2021 02:43:15.491,1.3581,1.35796,1,1
13.08.2021 02:43:29.903,1.3581200000000002,1.3579700000000001,1.5,1
13.08.2021 02:43:30.195,1.3581200000000002,1.35795,1.12,1.5
13.08.2021 02:43:33.369,1.3581200000000002,1.3579700000000001,1.5,1
13.08.2021 02:43:33.509,1.3581200000000002,1.3579700000000001,1.12,1
13.08.2021 02:43:33.883,1.35815,1.35799,1.62,1
13.08.2021 02:43:33.984,1.35816,1.35798,1.62,1
13.08.2021 02:43:34.656,1.35815,1.35799,1.5,1
13.08.2021 02:43:36.115,1.35815,1.35799,1.12,1
13.08.2021 02:43:36.237,1.35817,1.3580100000000002,1.5,1
13.08.2021 02:43:36.411,1.35817,1.3580100000000002,1.5,1
13.08.2021 02:43:57.898,1.35815,1.3580100000000002,1,1
13.08.2021 02:44:00.565,1.3581400000000001,1.358,1,1
13.08.2021 02:44:00.666,1.3581200000000002,1.35796,1,1
13.08.2021 02:44:10.918,1.35813,1.35798,1.7,1
13.08.2021 02:44:17.633,1.3581200000000002,1.35795,1,1
13.08.2021 02:44:46.436,1.3581100000000002,1.3579700000000001,1.12,1
13.08.2021 02:45:07.243,1.35809,1.3579700000000001,1,1
13.08.2021 02:45:12.200,1.3581100000000002,1.3579700000000001,1,1
13.08.2021 02:45:12.351,1.35813,1.3579700000000001,1,1.5
13.08.2021 02:45:12.454,1.3581400000000001,1.35798,1.12,1.5
13.08.2021 02:45:12.555,1.35813,1.35796,1,1
13.08.2021 02:45:17.312,1.3581,1.35796,1,1
13.08.2021 02:45:29.546,1.3581100000000002,1.3579700000000001,1,1
13.08.2021 02:45:36.527,1.3581,1.35796,1,1
13.08.2021 02:45:36.740,1.35808,1.35794,1,1
13.08.2021 02:45:37.109,1.35806,1.35793,1,1.5
13.08.2021 02:45:37.210,1.35806,1.3579200000000002,1,2.25
13.08.2021 02:45:57.540,1.3580400000000001,1.35789,1,1.12
13.08.2021 02:45:57.641,1.35805,1.35789,1,1
13.08.2021 02:45:57.742,1.3580200000000002,1.3579,1,1
13.08.2021 02:45:57.858,1.3580200000000002,1.35788,1,1.12
13.08.2021 02:46:17.782,1.3580400000000001,1.3579,1,1
13.08.2021 02:46:33.797,1.35806,1.35789,1,1
13.08.2021 02:46:33.898,1.35808,1.3579200000000002,1,1
13.08.2021 02:46:33.999,1.35808,1.35794,1,1
13.08.2021 02:46:34.530,1.3581,1.35794,1,1
13.08.2021 02:47:29.852,1.3581200000000002,1.35798,1,1
13.08.2021 02:48:03.733,1.35815,1.35799,1,1
13.08.2021 02:48:31.942,1.3581100000000002,1.3579700000000001,1,1
13.08.2021 02:48:32.144,1.3581,1.35796,1,1
13.08.2021 02:49:27.484,1.3581200000000002,1.35795,1,1
13.08.2021 02:49:29.166,1.3581400000000001,1.35796,1,1
13.08.2021 02:49:29.267,1.35813,1.35799,1,1
13.08.2021 02:49:29.368,1.3581400000000001,1.358,1,1
13.08.2021 02:49:33.666,1.3581400000000001,1.35799,1,1
13.08.2021 02:49:33.817,1.3581200000000002,1.3579700000000001,1,1
13.08.2021 02:49:33.918,1.3581100000000002,1.35796,1,1
13.08.2021 02:49:36.367,1.3581200000000002,1.35798,1,1
13.08.2021 02:49:38.128,1.3581400000000001,1.35798,1,1
13.08.2021 02:49:38.178,1.35815,1.358,1,1
13.08.2021 02:49:38.757,1.3581400000000001,1.35798,1,1
13.08.2021 02:49:40.224,1.35813,1.3579700000000001,1,1
13.08.2021 02:49:40.275,1.3581100000000002,1.35796,1,1
13.08.2021 02:49:46.291,1.3581200000000002,1.35796,1,1
13.08.2021 02:49:46.714,1.3581,1.35795,1,1
13.08.2021 02:49:53.340,1.3581100000000002,1.35795,1,1
13.08.2021 02:49:53.544,1.3581200000000002,1.35796,1,1
13.08.2021 02:50:02.409,1.35813,1.35799,1,1
13.08.2021 02:50:02.560,1.3581400000000001,1.358,1,1
13.08.2021 02:50:03.813,1.35815,1.3580100000000002,1,1
13.08.2021 02:50:05.627,1.35816,1.35799,1,1
13.08.2021 02:50:17.574,1.3581400000000001,1.35798,1,1
13.08.2021 02:50:23.728,1.35816,1.35799,1,1
13.08.2021 02:50:38.564,1.3581400000000001,1.35798,1,1
13.08.2021 02:50:38.665,1.3581200000000002,1.35798,1,1
13.08.2021 02:50:38.766,1.3581,1.35796,1,1
13.08.2021 02:51:00.384,1.35815,1.35799,1.12,1
13.08.2021 02:51:00.485,1.35815,1.358,1.12,1
13.08.2021 02:51:15.924,1.35813,1.35799,1,1
13.08.2021 02:51:16.025,1.3581100000000002,1.35795,1.5,1
13.08.2021 02:51:16.227,1.3581,1.35794,1,1
13.08.2021 02:51:50.038,1.3581,1.35795,1,1
13.08.2021 02:51:52.998,1.35813,1.35796,1.12,1
13.08.2021 02:51:53.178,1.35813,1.35798,1,1
13.08.2021 02:51:53.368,1.3581400000000001,1.35798,1.12,1
13.08.2021 02:51:57.560,1.3581200000000002,1.3579700000000001,1,1
13.08.2021 02:51:57.661,1.3581200000000002,1.35795,1,1
13.08.2021 02:51:57.812,1.3581,1.35795,1,1
13.08.2021 02:52:00.812,1.35813,1.35795,1.2,1
13.08.2021 02:52:31.167,1.3581,1.35795,1,1
13.08.2021 02:52:45.306,1.3581200000000002,1.35796,1.12,1
13.08.2021 02:53:00.045,1.3581100000000002,1.35796,1,1
13.08.2021 02:53:03.898,1.3581100000000002,1.35795,1,1
13.08.2021 02:53:04.433,1.3581100000000002,1.35793,1,1.5
13.08.2021 02:53:29.794,1.3581200000000002,1.3579700000000001,1,1
13.08.2021 02:53:29.897,1.35813,1.35799,1,1
13.08.2021 02:53:47.235,1.3581100000000002,1.35795,1,1
13.08.2021 02:53:52.242,1.3581,1.35795,1,1
13.08.2021 02:53:54.783,1.3581,1.35794,1,1
13.08.2021 02:54:34.471,1.3581,1.35796,1,1
13.08.2021 02:54:35.137,1.3581200000000002,1.35795,1,1
13.08.2021 02:55:04.187,1.3581100000000002,1.3579700000000001,1,1
13.08.2021 02:55:04.540,1.35813,1.35796,1,1
13.08.2021 02:55:04.692,1.3581400000000001,1.35798,1,1
13.08.2021 02:55:04.843,1.3581400000000001,1.35799,1,1
13.08.2021 02:55:08.477,1.35815,1.35799,1,1
13.08.2021 02:55:11.647,1.35815,1.358,1,1
13.08.2021 02:55:12.594,1.35816,1.3580200000000002,1,1
13.08.2021 02:55:41.334,1.3581400000000001,1.358,1,1
13.08.2021 02:55:41.437,1.3581100000000002,1.3579700000000001,1,1
13.08.2021 02:55:47.657,1.3581200000000002,1.3579700000000001,1,1
13.08.2021 02:56:01.439,1.35813,1.35799,1,1
13.08.2021 02:56:04.934,1.3581400000000001,1.358,1,1
13.08.2021 02:56:13.848,1.35815,1.35798,1.12,1
13.08.2021 02:56:13.949,1.3581200000000002,1.3579700000000001,1,1
13.08.2021 02:56:40.661,1.3581200000000002,1.35796,1,1
13.08.2021 02:56:41.033,1.35809,1.35795,1,1
13.08.2021 02:56:59.813,1.3581200000000002,1.35798,1.5,1
13.08.2021 02:57:00.356,1.35813,1.3579700000000001,1,1
13.08.2021 02:57:00.526,1.3581400000000001,1.35799,3.5,1
13.08.2021 02:57:03.363,1.35815,1.35798,1.87,1
13.08.2021 02:58:02.394,1.35816,1.35799,1,1
13.08.2021 02:58:04.271,1.35817,1.3580200000000002,2,1
13.08.2021 02:58:05.024,1.35817,1.3580200000000002,1.12,1
13.08.2021 02:58:05.640,1.35818,1.35803,2,1
13.08.2021 02:58:09.945,1.35818,1.3580100000000002,1.12,1
13.08.2021 02:58:11.877,1.35819,1.3580200000000002,3.5,1
13.08.2021 02:58:12.028,1.35818,1.35803,1.87,1
13.08.2021 02:58:13.025,1.35819,1.3580200000000002,2,1
13.08.2021 02:58:19.514,1.35818,1.35803,1.87,1
13.08.2021 02:58:36.119,1.35819,1.3580200000000002,1.5,1
13.08.2021 02:58:46.199,1.35817,1.3580200000000002,1.12,1
13.08.2021 02:59:02.237,1.35818,1.3580100000000002,3.5,1
13.08.2021 02:59:04.503,1.35819,1.35803,1.5,1
13.08.2021 02:59:05.250,1.35818,1.3580400000000001,1.12,1
13.08.2021 02:59:12.178,1.35819,1.3580400000000001,1.12,1
13.08.2021 02:59:22.052,1.35818,1.35806,1.25,1
13.08.2021 02:59:23.327,1.35819,1.35803,1.25,1
13.08.2021 02:59:36.940,1.3582200000000002,1.35807,3.12,1
13.08.2021 02:59:37.041,1.35818,1.35806,1.25,1
13.08.2021 02:59:54.206,1.35819,1.35805,2,1
13.08.2021 02:59:57.249,1.35818,1.3580400000000001,1.87,1
13.08.2021 03:00:09.130,1.35818,1.35803,1.87,1
13.08.2021 03:00:16.145,1.35819,1.3580200000000002,2,1
13.08.2021 03:00:17.148,1.35819,1.3580200000000002,1.87,1
13.08.2021 03:00:19.156,1.35819,1.3580200000000002,2,1
13.08.2021 03:00:20.163,1.35819,1.3580200000000002,1.87,1
13.08.2021 03:00:20.928,1.35815,1.358,1,1
13.08.2021 03:00:21.079,1.35815,1.35799,1,1
13.08.2021 03:00:21.492,1.35815,1.358,1,1
13.08.2021 03:00:22.699,1.3581400000000001,1.358,1,1
13.08.2021 03:00:24.359,1.35815,1.358,1,1
13.08.2021 03:00:26.085,1.3581400000000001,1.358,1,1
13.08.2021 03:00:26.186,1.35815,1.358,1.5,1
13.08.2021 03:00:28.641,1.3581400000000001,1.35799,2,1
13.08.2021 03:00:33.372,1.35816,1.358,1.5,1
13.08.2021 03:00:33.625,1.35815,1.3580100000000002,1.5,1
13.08.2021 03:00:33.968,1.35816,1.3580100000000002,1,1
13.08.2021 03:00:34.069,1.35818,1.3580100000000002,1.12,1
13.08.2021 03:00:35.226,1.35817,1.3580100000000002,1,1
13.08.2021 03:01:11.814,1.35817,1.3580200000000002,1.12,1
13.08.2021 03:01:15.176,1.35816,1.3580100000000002,1.5,1
13.08.2021 03:01:15.227,1.35815,1.35798,1.12,1
13.08.2021 03:01:15.428,1.35816,1.358,1.5,1
13.08.2021 03:01:16.244,1.35819,1.3580100000000002,2.37,1
13.08.2021 03:01:17.196,1.35817,1.3580100000000002,1.12,1
13.08.2021 03:01:24.304,1.35817,1.3580100000000002,2.75,1
13.08.2021 03:01:24.405,1.35815,1.358,1.5,1
13.08.2021 03:01:31.479,1.35817,1.3580200000000002,1,1
13.08.2021 03:01:33.521,1.35816,1.3580200000000002,1,1
13.08.2021 03:01:45.473,1.35816,1.3580100000000002,1.5,1
13.08.2021 03:01:49.309,1.3581400000000001,1.35799,1,1
13.08.2021 03:01:56.613,1.35816,1.358,1.5,1
13.08.2021 03:01:56.846,1.35816,1.3580200000000002,1,1
