Gmt time,Ask,Bid,AskVolume,BidVolume
26.08.2021 00:00:00.239,1.3527600000000002,1.35258,1,1.12
26.08.2021 00:00:05.533,1.3527500000000001,1.35259,1,1
26.08.2021 00:00:19.519,1.3527500000000001,1.35258,1,1
26.08.2021 00:00:20.416,1.3527500000000001,1.3525600000000002,1,3.12
26.08.2021 00:00:21.410,1.35273,1.3525500000000001,1,1
26.08.2021 00:00:21.514,1.3527200000000001,1.3525500000000001,1,1.62
26.08.2021 00:00:22.024,1.35271,1.3525500000000001,1,1.62
26.08.2021 00:00:26.729,1.3527200000000001,1.3525600000000002,1,1
26.08.2021 00:00:26.830,1.3527200000000001,1.35257,1,1
26.08.2021 00:00:27.235,1.35274,1.3525600000000002,1,1.12
26.08.2021 00:00:36.826,1.3527200000000001,1.3525500000000001,1,1
26.08.2021 00:00:41.026,1.3527200000000001,1.3525500000000001,1,1
26.08.2021 00:00:41.143,1.3527200000000001,1.35254,1,1.5
26.08.2021 00:00:41.479,1.3527200000000001,1.3525500000000001,1,1
26.08.2021 00:00:42.147,1.3527200000000001,1.35257,1,1
26.08.2021 00:00:47.438,1.3527200000000001,1.35257,1,1.5
26.08.2021 00:00:48.155,1.35273,1.3525600000000002,1,1.12
26.08.2021 00:01:02.045,1.3527200000000001,1.35257,1,1.62
26.08.2021 00:01:09.518,1.35273,1.3525600000000002,1,1.12
26.08.2021 00:01:18.235,1.35274,1.3525600000000002,1,1.5
26.08.2021 00:01:37.184,1.3527200000000001,1.3525600000000002,1,1
26.08.2021 00:01:37.538,1.35273,1.35254,1,1.87
26.08.2021 00:01:42.399,1.3527,1.3525500000000001,1,1.5
26.08.2021 00:02:02.903,1.35271,1.3525600000000002,1,1
26.08.2021 00:02:05.917,1.35274,1.3525600000000002,1,1
26.08.2021 00:03:13.431,1.35271,1.3525600000000002,1,1
26.08.2021 00:03:13.532,1.35271,1.35254,1,1.87
26.08.2021 00:03:14.194,1.35271,1.35254,1,2
26.08.2021 00:03:19.475,1.35271,1.3525600000000002,1,1.12
26.08.2021 00:03:31.669,1.3527200000000001,1.3525600000000002,1,1.87
26.08.2021 00:03:33.677,1.3527200000000001,1.35257,1,1
26.08.2021 00:04:08.549,1.3527500000000001,1.3525600000000002,1,1
26.08.2021 00:04:14.692,1.3527500000000001,1.3526,1,1
26.08.2021 00:04:35.923,1.35274,1.35258,1,1.5
26.08.2021 00:05:00.974,1.3527600000000002,1.35259,1,1
26.08.2021 00:05:03.317,1.35274,1.35258,1,1.12
26.08.2021 00:05:03.468,1.35273,1.35257,1,1.12
26.08.2021 00:05:10.169,1.3527200000000001,1.35257,1,1
26.08.2021 00:05:26.455,1.3527200000000001,1.3525500000000001,1,2.06
26.08.2021 00:05:26.506,1.3527,1.3525500000000001,1,1.12
26.08.2021 00:05:27.465,1.35271,1.3525600000000002,1,1.5
26.08.2021 00:05:41.685,1.35273,1.3525600000000002,1,1
26.08.2021 00:06:18.497,1.35273,1.3525600000000002,1,1.5
26.08.2021 00:06:21.506,1.35273,1.3525600000000002,1,1.12
26.08.2021 00:06:49.948,1.3527500000000001,1.3525600000000002,1,1.12
26.08.2021 00:06:50.797,1.3527500000000001,1.3525600000000002,1,2.37
26.08.2021 00:06:52.280,1.3527600000000002,1.35257,1,1.12
26.08.2021 00:07:00.372,1.3527600000000002,1.35261,1,1
26.08.2021 00:07:01.183,1.35277,1.35261,1,1
26.08.2021 00:07:01.384,1.35278,1.35263,1,1
26.08.2021 00:07:13.421,1.35277,1.3526,1,1
26.08.2021 00:07:17.028,1.3527500000000001,1.3526,1,1.12
26.08.2021 00:07:17.129,1.3527600000000002,1.3526,1,1
26.08.2021 00:07:18.359,1.3527500000000001,1.35258,1,1
26.08.2021 00:07:33.949,1.3527500000000001,1.35259,1,1
26.08.2021 00:07:34.050,1.35278,1.3526,1,1
26.08.2021 00:07:35.123,1.35279,1.3526200000000002,1,1
26.08.2021 00:07:56.984,1.35279,1.3526,1,1.5
26.08.2021 00:08:08.553,1.35278,1.3526200000000002,1,1
26.08.2021 00:08:43.515,1.35277,1.35261,1,1
26.08.2021 00:08:43.820,1.3527500000000001,1.3526,1,2.62
26.08.2021 00:08:43.945,1.3527500000000001,1.35259,1,1.12
26.08.2021 00:08:44.100,1.3527500000000001,1.3526200000000002,1,1
26.08.2021 00:08:58.084,1.35278,1.3526200000000002,1,1
26.08.2021 00:09:10.815,1.35277,1.35261,1,1
26.08.2021 00:09:17.816,1.35278,1.3526200000000002,1,1
26.08.2021 00:09:22.875,1.3527600000000002,1.3526200000000002,1,1
26.08.2021 00:09:25.390,1.35278,1.3526200000000002,1,1
26.08.2021 00:09:47.443,1.35277,1.35261,1,1.5
26.08.2021 00:09:59.334,1.3527500000000001,1.3526,1,1
26.08.2021 00:09:59.435,1.35274,1.35259,1,1
26.08.2021 00:10:13.412,1.3527600000000002,1.35259,1,1
26.08.2021 00:10:13.463,1.3527600000000002,1.3526200000000002,1,1
26.08.2021 00:10:17.039,1.3527600000000002,1.35263,1,1
26.08.2021 00:10:39.702,1.3527600000000002,1.3526200000000002,1,1
26.08.2021 00:11:00.189,1.35279,1.3526200000000002,1,2
26.08.2021 00:11:00.290,1.35279,1.3526600000000002,1,1.12
26.08.2021 00:11:00.391,1.35279,1.35269,1,1
26.08.2021 00:11:01.110,1.35278,1.35269,1,1
26.08.2021 00:11:01.261,1.35278,1.3527,1,1
26.08.2021 00:11:01.815,1.35285,1.35269,3,1
26.08.2021 00:11:10.342,1.35283,1.35269,1,1
26.08.2021 00:11:13.030,1.35285,1.35271,1.12,1
26.08.2021 00:11:15.330,1.35284,1.3526799999999999,1,1
26.08.2021 00:11:15.431,1.3528,1.3526600000000002,1,1
26.08.2021 00:13:10.763,1.35278,1.3526200000000002,1,1
26.08.2021 00:14:32.282,1.3528,1.35264,1.5,1
26.08.2021 00:15:34.710,1.35281,1.3526500000000001,1,1
26.08.2021 00:15:35.620,1.3528200000000001,1.3526799999999999,1,1
26.08.2021 00:15:35.721,1.35284,1.3526799999999999,1.5,1
26.08.2021 00:15:38.498,1.35283,1.35271,1,1
26.08.2021 00:15:40.199,1.35285,1.35271,1,1
26.08.2021 00:16:11.636,1.3528200000000001,1.3526600000000002,1,1
26.08.2021 00:16:15.710,1.35279,1.35264,1,1
26.08.2021 00:16:18.844,1.35278,1.35261,1,1
26.08.2021 00:16:38.553,1.35279,1.35264,1,1
26.08.2021 00:16:39.013,1.35281,1.35264,1,1.1
26.08.2021 00:16:39.114,1.35284,1.35269,1.5,1
26.08.2021 00:16:39.215,1.35284,1.35271,1,1
26.08.2021 00:16:39.316,1.3528700000000002,1.3527,1,1
26.08.2021 00:16:41.720,1.3528600000000002,1.35269,1,1.12
26.08.2021 00:16:41.987,1.3528700000000002,1.35271,1,1.75
26.08.2021 00:16:42.038,1.35288,1.35271,1,1.12
26.08.2021 00:16:42.088,1.35289,1.35274,1,1
26.08.2021 00:16:45.796,1.35291,1.3527500000000001,1,1
26.08.2021 00:16:55.099,1.3529,1.3527600000000002,1,2.07
26.08.2021 00:16:56.097,1.3529,1.3527600000000002,1,1.95
26.08.2021 00:16:57.100,1.3529,1.3527600000000002,1,2.07
26.08.2021 00:16:57.629,1.35291,1.35277,1,1.12
26.08.2021 00:17:19.705,1.3529200000000001,1.35278,1,1
26.08.2021 00:17:39.101,1.35295,1.35279,1,1
26.08.2021 00:17:40.683,1.35295,1.35278,1,1
26.08.2021 00:17:41.667,1.35293,1.35277,1,1.12
26.08.2021 00:17:42.718,1.35294,1.3528,1,1
26.08.2021 00:17:42.819,1.35293,1.35277,1,1
26.08.2021 00:17:45.279,1.3529600000000002,1.35281,1.12,1
26.08.2021 00:17:46.082,1.3529700000000002,1.3528200000000001,1,1
26.08.2021 00:17:46.183,1.3529700000000002,1.35285,1,1
26.08.2021 00:17:46.284,1.3529600000000002,1.35288,1,1
26.08.2021 00:17:46.385,1.3529600000000002,1.3528700000000002,1,1
26.08.2021 00:17:46.585,1.35304,1.3528700000000002,2.62,1
26.08.2021 00:17:46.687,1.3530700000000002,1.3529,1,1
26.08.2021 00:17:46.788,1.35304,1.3529200000000001,1,1
26.08.2021 00:17:46.838,1.3530900000000001,1.35291,1.5,1
26.08.2021 00:17:46.889,1.3530900000000001,1.35291,1.12,1
26.08.2021 00:17:47.348,1.3530600000000002,1.35291,1,1
26.08.2021 00:17:50.491,1.3530600000000002,1.35293,1,1
26.08.2021 00:17:50.957,1.3530700000000002,1.35293,1,1
26.08.2021 00:17:51.058,1.3530600000000002,1.35295,1,1
26.08.2021 00:17:51.159,1.35304,1.3529600000000002,1,1
26.08.2021 00:17:52.428,1.3531,1.35295,1,1
26.08.2021 00:17:53.665,1.35314,1.3529700000000002,1.87,1
26.08.2021 00:17:53.793,1.35312,1.35298,1,1
26.08.2021 00:17:54.102,1.35312,1.3529700000000002,1,1
26.08.2021 00:17:54.203,1.35312,1.3529700000000002,1.5,1
26.08.2021 00:17:55.200,1.35314,1.3529600000000002,4.7,1
26.08.2021 00:18:00.349,1.35311,1.3529600000000002,1,1
26.08.2021 00:18:00.450,1.3531,1.35295,1,1
26.08.2021 00:18:00.601,1.35311,1.35294,1.62,1
26.08.2021 00:18:00.702,1.3530900000000001,1.3529200000000001,1.62,1
26.08.2021 00:18:00.854,1.3530700000000002,1.3529200000000001,1,1
26.08.2021 00:18:00.954,1.35305,1.35288,1,1
26.08.2021 00:18:01.005,1.35303,1.3528700000000002,1.1,1
26.08.2021 00:18:01.106,1.35304,1.35285,1.6,1
26.08.2021 00:18:01.207,1.35303,1.3528600000000002,1.12,1
26.08.2021 00:18:01.408,1.3529900000000001,1.35284,1,1
26.08.2021 00:18:03.384,1.3529600000000002,1.35283,1,1
26.08.2021 00:18:11.032,1.3529700000000002,1.35283,1,1
26.08.2021 00:18:54.055,1.353,1.35284,1,1
26.08.2021 00:18:54.156,1.3530200000000001,1.35285,1.5,1
26.08.2021 00:18:59.572,1.35303,1.35284,1.12,1
26.08.2021 00:18:59.893,1.3530200000000001,1.35285,1.5,1
26.08.2021 00:19:03.553,1.3530200000000001,1.35285,1.12,1
26.08.2021 00:19:10.920,1.35305,1.35294,1,1
26.08.2021 00:19:11.021,1.3530900000000001,1.353,2.25,1
26.08.2021 00:19:11.071,1.35314,1.3530200000000001,1,1
26.08.2021 00:19:11.172,1.3531900000000001,1.3530200000000001,1.5,1.12
26.08.2021 00:19:11.223,1.35324,1.3530700000000002,1.7,1
26.08.2021 00:19:11.324,1.3532600000000001,1.3530900000000001,1,1
26.08.2021 00:19:11.374,1.3532600000000001,1.3531,1.5,1
26.08.2021 00:19:11.475,1.3532600000000001,1.3531,1,1
26.08.2021 00:19:21.314,1.3532600000000001,1.35308,1.5,1
26.08.2021 00:19:21.415,1.35324,1.3530900000000001,1,1
26.08.2021 00:19:27.311,1.35325,1.35308,1.5,1
26.08.2021 00:19:28.282,1.35325,1.3530900000000001,1.5,1
26.08.2021 00:19:29.275,1.35325,1.35308,1.5,1
26.08.2021 00:19:33.282,1.35325,1.3530900000000001,2.56,1
26.08.2021 00:19:34.282,1.35325,1.3530900000000001,2.56,1
26.08.2021 00:19:39.315,1.35325,1.3530900000000001,1,1
26.08.2021 00:19:39.416,1.3532600000000001,1.3531,1,1
26.08.2021 00:19:41.051,1.3532600000000001,1.35311,1,1
26.08.2021 00:19:41.253,1.35328,1.35313,1.12,1
26.08.2021 00:19:41.355,1.35328,1.35313,1.5,1
26.08.2021 00:19:41.457,1.35329,1.35312,1.12,1
26.08.2021 00:19:41.558,1.35329,1.35312,1.5,1
26.08.2021 00:19:43.181,1.35329,1.35312,1.5,1
26.08.2021 00:19:43.232,1.3532700000000002,1.35311,1.5,1
26.08.2021 00:19:43.383,1.35324,1.3531,1.1,1
26.08.2021 00:19:43.484,1.35324,1.35308,1,1
26.08.2021 00:19:43.585,1.3531900000000001,1.3530700000000002,1,1
26.08.2021 00:19:44.422,1.35321,1.3530700000000002,3,1
26.08.2021 00:19:44.573,1.3531900000000001,1.3530200000000001,1.5,1
26.08.2021 00:19:44.674,1.35318,1.3530200000000001,1,1
26.08.2021 00:19:44.775,1.3531900000000001,1.3530200000000001,1.5,1
26.08.2021 00:19:46.271,1.35321,1.3530600000000002,1,1
26.08.2021 00:19:46.372,1.3532,1.35303,1.5,1
26.08.2021 00:19:46.473,1.3531900000000001,1.3530200000000001,1.5,1
26.08.2021 00:19:46.675,1.3531700000000002,1.353,1,1
26.08.2021 00:19:48.805,1.3531700000000002,1.35301,1.5,1.12
26.08.2021 00:19:48.906,1.3531900000000001,1.35305,1,1
26.08.2021 00:19:49.016,1.3531900000000001,1.3530600000000002,1,1
26.08.2021 00:19:49.066,1.35322,1.35305,2.44,1
26.08.2021 00:19:49.117,1.35321,1.35308,1.25,1
26.08.2021 00:19:54.053,1.35323,1.35308,1.5,1
26.08.2021 00:19:56.168,1.35322,1.3530700000000002,1,1
26.08.2021 00:19:56.391,1.3532,1.3530600000000002,1.25,1
26.08.2021 00:19:56.491,1.3531900000000001,1.35304,1.5,1
26.08.2021 00:19:56.592,1.3531600000000001,1.35301,1,1
26.08.2021 00:19:56.693,1.35313,1.3529600000000002,1,1
26.08.2021 00:19:56.844,1.3531,1.35295,1,1
26.08.2021 00:19:57.046,1.3530900000000001,1.35294,1,1
26.08.2021 00:20:22.333,1.3531,1.35294,1,1
26.08.2021 00:20:22.434,1.35312,1.35295,1,1
26.08.2021 00:20:22.845,1.3531,1.35293,1,1
26.08.2021 00:20:22.946,1.35311,1.35294,1.12,1
26.08.2021 00:20:26.394,1.3531,1.3529600000000002,1.12,1
26.08.2021 00:20:36.147,1.35314,1.3529600000000002,1.5,1
26.08.2021 00:20:36.248,1.35314,1.3529600000000002,1,1
26.08.2021 00:20:36.405,1.35314,1.3529600000000002,1,1
26.08.2021 00:20:38.506,1.3531600000000001,1.3529600000000002,1.62,1
26.08.2021 00:20:41.005,1.35315,1.3529700000000002,1.62,1
26.08.2021 00:20:47.260,1.35315,1.35295,1.5,1
26.08.2021 00:20:47.361,1.35313,1.35294,1.12,1
26.08.2021 00:20:51.759,1.3531,1.35294,1,1
26.08.2021 00:20:52.908,1.35308,1.3529200000000001,1,1
26.08.2021 00:20:53.488,1.35311,1.35291,1.5,1
26.08.2021 00:20:53.589,1.35311,1.35293,1.5,1
26.08.2021 00:20:57.767,1.35311,1.35294,1.62,1
26.08.2021 00:20:57.867,1.35312,1.35293,1.62,1
26.08.2021 00:21:03.603,1.3530900000000001,1.35293,1,1
26.08.2021 00:21:16.257,1.3531,1.35291,1,1
26.08.2021 00:21:31.800,1.35311,1.3529200000000001,1.12,1
26.08.2021 00:21:53.626,1.3531,1.35291,1.12,1
26.08.2021 00:21:53.677,1.3530700000000002,1.3529200000000001,1,1
26.08.2021 00:21:57.971,1.3530600000000002,1.3529,1.1,1
26.08.2021 00:21:58.022,1.35304,1.35288,1.1,1
26.08.2021 00:21:58.124,1.35304,1.3528600000000002,1.12,1.5
26.08.2021 00:21:58.275,1.35303,1.3528700000000002,1.6,1.5
26.08.2021 00:21:58.428,1.35303,1.35288,1.1,1
26.08.2021 00:21:58.952,1.35304,1.3528600000000002,1.6,1
26.08.2021 00:21:59.053,1.35303,1.3528600000000002,2.1,1
26.08.2021 00:22:05.386,1.3529900000000001,1.35284,1.87,1
26.08.2021 00:22:05.436,1.35298,1.35281,1,1
26.08.2021 00:22:05.688,1.35298,1.35281,1.6,1
26.08.2021 00:22:06.199,1.3529700000000002,1.3528200000000001,1.5,1
26.08.2021 00:22:06.300,1.3529600000000002,1.35283,1,1
26.08.2021 00:22:06.770,1.353,1.35283,2,1
26.08.2021 00:22:06.871,1.353,1.35283,1.87,1
26.08.2021 00:22:07.510,1.353,1.35283,1,1
26.08.2021 00:22:07.611,1.35301,1.35283,1.87,1
26.08.2021 00:22:07.762,1.353,1.35285,1.12,1
26.08.2021 00:22:19.284,1.35301,1.3528700000000002,1.7,1
26.08.2021 00:22:19.385,1.35301,1.3528700000000002,1,1
26.08.2021 00:22:28.777,1.35303,1.3528600000000002,2.37,1
26.08.2021 00:22:29.092,1.3530200000000001,1.3528700000000002,2.37,1
26.08.2021 00:22:30.862,1.35303,1.3528600000000002,2.25,1
26.08.2021 00:22:35.609,1.35303,1.3528600000000002,2.37,1
26.08.2021 00:22:36.073,1.3530200000000001,1.3528700000000002,2.25,1
26.08.2021 00:22:36.891,1.3530200000000001,1.3528600000000002,3,1
26.08.2021 00:22:36.992,1.35298,1.35284,1,1
26.08.2021 00:22:38.378,1.35298,1.35285,1,1
26.08.2021 00:23:25.515,1.3529700000000002,1.3528700000000002,1,1
26.08.2021 00:23:27.072,1.35304,1.3528600000000002,1.5,1
26.08.2021 00:23:29.745,1.35304,1.3528600000000002,1.12,1
26.08.2021 00:24:04.928,1.35301,1.3528600000000002,1,1
26.08.2021 00:24:05.029,1.35301,1.35285,1.2,1
26.08.2021 00:24:05.692,1.3530200000000001,1.35284,1.6,1
26.08.2021 00:24:06.155,1.35301,1.35283,2.1,1
26.08.2021 00:24:06.256,1.35298,1.35283,1,1
26.08.2021 00:24:07.451,1.35298,1.3528,1,1
26.08.2021 00:24:09.788,1.3529900000000001,1.3528200000000001,1,1
26.08.2021 00:24:10.325,1.3529900000000001,1.35283,1.1,1
26.08.2021 00:24:32.040,1.35301,1.3528200000000001,1.57,1
26.08.2021 00:24:33.079,1.353,1.35284,1.95,1
26.08.2021 00:24:33.180,1.353,1.35283,1,1
26.08.2021 00:24:39.313,1.3529900000000001,1.3528600000000002,1,1
26.08.2021 00:25:23.218,1.3529900000000001,1.35284,1.5,1
26.08.2021 00:25:34.322,1.3529900000000001,1.3528200000000001,1,1
26.08.2021 00:25:47.367,1.35301,1.35284,1.12,1
26.08.2021 00:26:10.112,1.3530200000000001,1.35285,1,1
26.08.2021 00:26:27.496,1.35298,1.35284,1,1
26.08.2021 00:26:32.069,1.3529700000000002,1.35281,1,1
26.08.2021 00:26:40.848,1.3529700000000002,1.35283,1,1
26.08.2021 00:26:43.736,1.3529600000000002,1.35281,1,1.12
26.08.2021 00:26:45.067,1.35298,1.35284,1,1
26.08.2021 00:26:45.168,1.3529900000000001,1.3528600000000002,1,1
26.08.2021 00:26:46.533,1.3529900000000001,1.35285,1,1
26.08.2021 00:26:51.220,1.35298,1.3528200000000001,1,1
26.08.2021 00:27:25.493,1.3529700000000002,1.35281,1,1.12
26.08.2021 00:27:37.706,1.35295,1.3528,1,1.12
26.08.2021 00:27:38.041,1.35294,1.3528,1,1
26.08.2021 00:27:42.756,1.3529200000000001,1.35277,1,1
26.08.2021 00:27:42.807,1.35291,1.3527500000000001,1,1.12
26.08.2021 00:27:42.857,1.3529,1.3527200000000001,1,3.12
26.08.2021 00:27:43.260,1.35289,1.35273,1,1.12
26.08.2021 00:27:43.310,1.35288,1.3527,1,3.95
26.08.2021 00:27:43.411,1.3528600000000002,1.3527,1,2.94
26.08.2021 00:27:43.794,1.35285,1.35269,1,1
26.08.2021 00:27:44.060,1.3528700000000002,1.3526799999999999,1,1.62
26.08.2021 00:27:47.874,1.3528600000000002,1.35269,1,1.5
26.08.2021 00:27:57.125,1.35285,1.3526799999999999,1,1
26.08.2021 00:28:00.081,1.35284,1.35267,1,1
26.08.2021 00:28:00.182,1.35283,1.3526600000000002,1,2.37
26.08.2021 00:28:00.383,1.3528200000000001,1.35267,1,1.87
26.08.2021 00:28:01.014,1.3528200000000001,1.3526600000000002,1,4.12
26.08.2021 00:28:20.909,1.3528200000000001,1.3526500000000001,1,4.12
26.08.2021 00:28:21.111,1.3528200000000001,1.3526500000000001,1,4.25
26.08.2021 00:28:21.939,1.35283,1.3526600000000002,1,1.12
26.08.2021 00:28:23.121,1.35285,1.3526799999999999,1,1.12
26.08.2021 00:28:52.676,1.35283,1.35267,1,2
26.08.2021 00:29:04.767,1.3528200000000001,1.35267,1,1
26.08.2021 00:29:30.192,1.3528200000000001,1.3526600000000002,1,2.62
26.08.2021 00:29:30.558,1.3528,1.35264,1,1
26.08.2021 00:29:30.659,1.35278,1.3526200000000002,1,2.37
26.08.2021 00:29:30.760,1.35277,1.3526200000000002,1,1.87
26.08.2021 00:29:30.861,1.3528,1.35261,1,1.87
26.08.2021 00:29:31.664,1.3528,1.3526,1,1
26.08.2021 00:29:32.596,1.35278,1.3526,1,1
26.08.2021 00:29:33.523,1.35277,1.35261,1,1.5
26.08.2021 00:29:35.081,1.35279,1.3526,1,1.5
26.08.2021 00:29:50.756,1.35278,1.3526200000000002,1,1
26.08.2021 00:29:50.857,1.35277,1.3526200000000002,1,1
26.08.2021 00:29:50.958,1.35283,1.3526600000000002,1,1
26.08.2021 00:29:51.060,1.3528600000000002,1.3526799999999999,1,1
26.08.2021 00:29:51.110,1.3528700000000002,1.3527,1.87,1
26.08.2021 00:29:51.211,1.35288,1.35274,1.12,1
26.08.2021 00:29:51.362,1.35288,1.3527500000000001,1,1
26.08.2021 00:29:51.490,1.35291,1.3527600000000002,1.12,1
26.08.2021 00:29:51.641,1.3529,1.35278,1,1
26.08.2021 00:29:52.146,1.35291,1.3527500000000001,1,1
26.08.2021 00:29:52.247,1.35291,1.3527600000000002,1,1
26.08.2021 00:29:53.585,1.3529600000000002,1.3527600000000002,1.1,1
26.08.2021 00:29:53.778,1.3529700000000002,1.35279,1.72,1
26.08.2021 00:29:55.137,1.3529700000000002,1.35277,1.6,1
26.08.2021 00:29:56.883,1.3529700000000002,1.35279,2.35,1
26.08.2021 00:29:59.339,1.35291,1.35278,1,1
26.08.2021 00:29:59.390,1.3529,1.3527500000000001,1,1
26.08.2021 00:29:59.491,1.3529200000000001,1.3527600000000002,1,1
26.08.2021 00:29:59.597,1.35291,1.3527600000000002,1,1
26.08.2021 00:30:01.732,1.35291,1.35278,1,1
26.08.2021 00:30:02.011,1.35291,1.35279,1,1
26.08.2021 00:30:09.486,1.3529200000000001,1.35278,1.5,1
26.08.2021 00:30:09.536,1.35291,1.3527500000000001,1.5,1
26.08.2021 00:30:09.637,1.35291,1.35277,1,1
26.08.2021 00:30:11.498,1.3529200000000001,1.35277,1,1
26.08.2021 00:30:16.176,1.3529600000000002,1.3528200000000001,1,1.31
26.08.2021 00:30:16.227,1.35298,1.3528600000000002,1,1
26.08.2021 00:30:16.277,1.353,1.3528600000000002,1,1
26.08.2021 00:30:42.021,1.35305,1.3529,1,1
26.08.2021 00:30:42.072,1.35305,1.35291,1.7,1
26.08.2021 00:30:45.354,1.35308,1.3529200000000001,1.12,1
26.08.2021 00:30:45.404,1.3530900000000001,1.3529700000000002,1.5,1
26.08.2021 00:30:45.505,1.35314,1.3529900000000001,1,1
26.08.2021 00:30:45.556,1.35315,1.353,1.6,1
26.08.2021 00:30:45.999,1.35315,1.353,1,1
26.08.2021 00:30:47.683,1.35318,1.3530200000000001,1.5,1
26.08.2021 00:30:47.734,1.3531900000000001,1.35305,1.5,1
26.08.2021 00:30:47.885,1.35323,1.35305,1.12,1
26.08.2021 00:30:47.985,1.35324,1.35303,1.5,1
26.08.2021 00:30:51.997,1.35321,1.35303,1,1
26.08.2021 00:30:58.377,1.35321,1.35303,2.72,1
26.08.2021 00:31:01.496,1.3532,1.3530200000000001,1,1
26.08.2021 00:31:01.597,1.3531900000000001,1.35301,1,1
26.08.2021 00:31:01.701,1.35318,1.35301,1,1
26.08.2021 00:31:01.802,1.35318,1.35301,1.5,1
26.08.2021 00:31:09.249,1.3531600000000001,1.353,1.12,1
26.08.2021 00:31:16.295,1.35318,1.35301,3.57,1
26.08.2021 00:31:17.953,1.3531600000000001,1.35301,1.12,1
26.08.2021 00:31:21.641,1.35315,1.3529900000000001,1,1
26.08.2021 00:31:26.692,1.35313,1.3529700000000002,1,1.5
26.08.2021 00:31:37.055,1.35313,1.3529900000000001,1,1
26.08.2021 00:32:36.335,1.3531700000000002,1.35301,1.5,1
26.08.2021 00:32:37.150,1.3531700000000002,1.35303,1,1
26.08.2021 00:32:39.792,1.3532,1.35304,1,1
26.08.2021 00:32:40.027,1.35322,1.35305,1.62,1
26.08.2021 00:32:40.128,1.35321,1.3530600000000002,1.12,1
26.08.2021 00:32:40.279,1.35323,1.3530600000000002,1,1
26.08.2021 00:32:53.328,1.35322,1.35305,1,1
26.08.2021 00:32:59.362,1.3531900000000001,1.35305,1,1
26.08.2021 00:33:16.944,1.3532,1.35303,1,1
26.08.2021 00:33:17.422,1.3531700000000002,1.35301,1,1
26.08.2021 00:33:21.695,1.35314,1.353,1,1
26.08.2021 00:33:24.789,1.3531600000000001,1.3530200000000001,1,1
26.08.2021 00:33:26.029,1.3531700000000002,1.35303,1,1
26.08.2021 00:33:32.853,1.3531700000000002,1.353,1,1.5
26.08.2021 00:33:33.748,1.3531600000000001,1.353,1,1
26.08.2021 00:33:33.849,1.35314,1.353,1,1
26.08.2021 00:33:43.146,1.35312,1.35301,1,1
26.08.2021 00:33:46.007,1.35313,1.35301,1,1
26.08.2021 00:33:50.088,1.35312,1.3529600000000002,1,1
26.08.2021 00:33:51.280,1.35311,1.3529600000000002,1,2.25
26.08.2021 00:33:55.525,1.35313,1.3529600000000002,1,1
26.08.2021 00:34:03.537,1.35311,1.3529600000000002,1,1.5
26.08.2021 00:34:08.362,1.35313,1.3529600000000002,1,1.12
26.08.2021 00:34:12.224,1.35313,1.3529600000000002,1,1.62
26.08.2021 00:34:22.844,1.35315,1.3529700000000002,1,1.12
26.08.2021 00:34:23.028,1.35315,1.353,1,1
26.08.2021 00:34:41.076,1.35313,1.3529700000000002,1,2
26.08.2021 00:34:41.243,1.35313,1.3529700000000002,1,1.87
26.08.2021 00:34:59.561,1.35312,1.3529700000000002,1,1.87
26.08.2021 00:35:17.022,1.35314,1.3529900000000001,1,1
26.08.2021 00:35:42.978,1.35313,1.3529700000000002,1,1
26.08.2021 00:35:43.079,1.35311,1.3529700000000002,1,1
26.08.2021 00:35:43.180,1.3531,1.35294,1,1
26.08.2021 00:35:46.312,1.3530700000000002,1.3529,1,1.5
26.08.2021 00:35:46.515,1.35305,1.3528700000000002,1,1.1
26.08.2021 00:35:46.616,1.35304,1.3528700000000002,1,1.62
26.08.2021 00:35:47.672,1.353,1.3528600000000002,1,1.1
26.08.2021 00:35:48.327,1.35301,1.35285,1,1.7
26.08.2021 00:35:49.326,1.35301,1.35285,1,1
26.08.2021 00:35:52.410,1.3529900000000001,1.35284,1,1.6
26.08.2021 00:35:53.624,1.3529900000000001,1.35284,1,1.2
26.08.2021 00:35:53.948,1.35298,1.35283,1,1.5
26.08.2021 00:35:54.099,1.35293,1.3527600000000002,1,1
26.08.2021 00:35:54.150,1.3529200000000001,1.3527600000000002,1,3.57
26.08.2021 00:35:54.200,1.3529,1.3527600000000002,1,2.32
26.08.2021 00:35:54.758,1.35291,1.35273,1,1.1
26.08.2021 00:35:56.632,1.35288,1.35273,1,1
26.08.2021 00:35:57.590,1.35284,1.3527200000000001,1,2
26.08.2021 00:35:57.818,1.35285,1.35271,1,1
26.08.2021 00:35:58.346,1.35284,1.3527200000000001,1,1.5
26.08.2021 00:35:58.556,1.3528700000000002,1.3527200000000001,1,1.7
26.08.2021 00:35:59.065,1.35288,1.35273,1,1.2
26.08.2021 00:36:00.704,1.35288,1.3527200000000001,1,1.87
26.08.2021 00:36:04.766,1.3528700000000002,1.3527,1,3.2
26.08.2021 00:36:04.817,1.35284,1.35269,1,1.87
26.08.2021 00:36:04.968,1.3528200000000001,1.3527,1,1
26.08.2021 00:36:08.342,1.35284,1.35267,1,1
26.08.2021 00:36:09.727,1.35283,1.35267,1,1.5
26.08.2021 00:36:11.212,1.35284,1.35267,1,1
26.08.2021 00:36:23.529,1.35285,1.3526799999999999,1,1.5
26.08.2021 00:36:27.659,1.3528600000000002,1.3526600000000002,1,1.2
26.08.2021 00:36:29.272,1.35285,1.3526600000000002,1,1.2
26.08.2021 00:36:30.014,1.3528600000000002,1.3526600000000002,1,1.1
26.08.2021 00:36:30.115,1.3528600000000002,1.3526799999999999,1,1.6
26.08.2021 00:36:30.389,1.3528700000000002,1.3526799999999999,1,1.1
26.08.2021 00:36:30.490,1.3528600000000002,1.35269,1,1.7
26.08.2021 00:36:30.591,1.3528600000000002,1.35269,1,1.72
26.08.2021 00:36:30.641,1.35288,1.3527,1,1.6
26.08.2021 00:36:30.692,1.3528600000000002,1.35269,1,1.6
26.08.2021 00:36:31.082,1.3528700000000002,1.35271,1,2
26.08.2021 00:36:36.352,1.35288,1.3527,1,1.57
26.08.2021 00:36:36.460,1.3528700000000002,1.35269,1,1.1
26.08.2021 00:36:36.510,1.35284,1.35267,1,1.97
26.08.2021 00:36:36.611,1.3528600000000002,1.35267,1,1.97
26.08.2021 00:36:39.523,1.35285,1.3526799999999999,1,2.85
26.08.2021 00:36:47.784,1.35284,1.3526799999999999,1,1
26.08.2021 00:36:47.834,1.3528600000000002,1.3526799999999999,1,1
26.08.2021 00:36:48.291,1.35285,1.3526600000000002,1,1.1
26.08.2021 00:36:48.857,1.35284,1.35267,1,1.1
26.08.2021 00:36:55.318,1.35283,1.3526600000000002,1,1.1
26.08.2021 00:36:59.187,1.35283,1.3526600000000002,1,1.1
26.08.2021 00:36:59.288,1.3528600000000002,1.3526799999999999,1,1.5
26.08.2021 00:36:59.415,1.35288,1.35271,1,1.5
26.08.2021 00:36:59.516,1.35289,1.35271,1,1.12
26.08.2021 00:36:59.667,1.3528700000000002,1.35271,1,1.12
26.08.2021 00:37:00.936,1.3528600000000002,1.35273,1,1
26.08.2021 00:37:04.340,1.3528600000000002,1.3527200000000001,1,1.87
26.08.2021 00:37:06.021,1.3529,1.35271,1,1.95
26.08.2021 00:37:06.122,1.35288,1.35274,1,1
26.08.2021 00:37:06.223,1.3529,1.3527200000000001,1,1.6
26.08.2021 00:37:06.500,1.3529,1.3527500000000001,1,1
26.08.2021 00:37:06.601,1.3529,1.3527600000000002,1,1
26.08.2021 00:37:06.862,1.3529200000000001,1.3527500000000001,1,1
26.08.2021 00:37:06.912,1.3529200000000001,1.35273,1,1.12
26.08.2021 00:37:07.523,1.35291,1.35274,1,2.07
26.08.2021 00:37:17.683,1.35291,1.3527500000000001,1,1
26.08.2021 00:37:17.784,1.35288,1.3527200000000001,1,1.5
26.08.2021 00:37:17.935,1.3528700000000002,1.35273,1,1
26.08.2021 00:37:17.985,1.3528700000000002,1.3527,1,2
26.08.2021 00:37:20.228,1.35284,1.3526799999999999,1,1.6
26.08.2021 00:37:20.512,1.35283,1.35267,1,1
26.08.2021 00:37:21.182,1.35283,1.3526600000000002,1,1.87
26.08.2021 00:37:29.440,1.3528200000000001,1.35267,1,2
26.08.2021 00:37:32.461,1.3528200000000001,1.35267,1,1.12
26.08.2021 00:37:34.619,1.3528200000000001,1.3526799999999999,1,1
26.08.2021 00:37:42.691,1.35283,1.3526600000000002,1,1.87
26.08.2021 00:38:01.298,1.3528200000000001,1.35267,1,1.5
26.08.2021 00:38:10.912,1.3528200000000001,1.35267,1,3
26.08.2021 00:38:17.534,1.3528200000000001,1.35267,1,2.37
26.08.2021 00:38:22.061,1.35285,1.3526799999999999,1,1
26.08.2021 00:38:41.959,1.3528700000000002,1.3527,1,1
26.08.2021 00:38:42.060,1.35284,1.35269,1,2.25
26.08.2021 00:38:42.714,1.35285,1.3526799999999999,1,2.37
26.08.2021 00:38:44.836,1.3528700000000002,1.3527,1,1
26.08.2021 00:39:16.497,1.35288,1.35271,1,1
26.08.2021 00:39:40.505,1.3528600000000002,1.3527,1,1
26.08.2021 00:39:50.350,1.3528600000000002,1.35269,1,1
26.08.2021 00:40:34.422,1.35288,1.35273,1,1
26.08.2021 00:40:34.472,1.3528700000000002,1.35271,1,1.5
26.08.2021 00:40:35.424,1.3528700000000002,1.3527200000000001,1,1
26.08.2021 00:40:36.098,1.35288,1.35273,1,1
26.08.2021 00:40:40.385,1.35288,1.35273,1,1.62
26.08.2021 00:40:43.505,1.35288,1.35273,1,1
26.08.2021 00:41:17.435,1.35289,1.35273,1,1
26.08.2021 00:41:17.899,1.3528700000000002,1.3527200000000001,1,1
26.08.2021 00:41:18.606,1.3528600000000002,1.3527,1,1.12
26.08.2021 00:41:19.761,1.35284,1.3527,1,1
26.08.2021 00:41:20.281,1.35283,1.3526799999999999,1,1
26.08.2021 00:41:21.182,1.35284,1.3527,1,1
26.08.2021 00:42:57.954,1.35283,1.35267,1,1
26.08.2021 00:42:58.068,1.35281,1.35267,1,1
26.08.2021 00:42:58.169,1.35279,1.3526500000000001,1,1
26.08.2021 00:44:14.877,1.35281,1.3526500000000001,1,1
26.08.2021 00:45:21.775,1.35279,1.3526500000000001,1,1
26.08.2021 00:45:21.926,1.35277,1.35263,1,1
26.08.2021 00:45:40.993,1.3527600000000002,1.3526200000000002,1,1
26.08.2021 00:45:41.634,1.35274,1.3526,1,1
26.08.2021 00:45:47.640,1.35273,1.35257,1,1
26.08.2021 00:45:56.869,1.3527,1.35257,1,1
26.08.2021 00:45:56.969,1.3527200000000001,1.35258,1,1
26.08.2021 00:45:57.071,1.35274,1.3526,1,1
26.08.2021 00:45:57.530,1.35274,1.35258,1,1
26.08.2021 00:46:07.052,1.3527200000000001,1.3525600000000002,1,1
26.08.2021 00:46:11.953,1.35273,1.35257,1,1
26.08.2021 00:47:03.896,1.35274,1.3526,1,1
26.08.2021 00:47:51.947,1.3527200000000001,1.35258,1,1.12
26.08.2021 00:48:05.899,1.35273,1.35259,1,1
26.08.2021 00:48:49.114,1.3527500000000001,1.35261,1,1
26.08.2021 00:49:56.481,1.35274,1.35258,1,1.12
26.08.2021 00:50:04.607,1.35273,1.35257,1,1.5
26.08.2021 00:50:05.503,1.3527200000000001,1.35257,1.12,1.12
26.08.2021 00:50:06.506,1.35273,1.3525600000000002,1.5,1.12
26.08.2021 00:50:10.544,1.3526500000000001,1.3525500000000001,1,1
26.08.2021 00:50:10.595,1.35264,1.3525,1,3.5
26.08.2021 00:50:10.646,1.35263,1.35249,1,2.25
26.08.2021 00:50:10.747,1.3526500000000001,1.35249,1,1
26.08.2021 00:50:25.382,1.3526500000000001,1.35251,1,1
26.08.2021 00:50:32.331,1.3526500000000001,1.35249,1,1
26.08.2021 00:50:32.432,1.3526600000000002,1.35249,1,1
26.08.2021 00:50:34.572,1.3526799999999999,1.35251,1,1
26.08.2021 00:50:37.244,1.35267,1.35253,1,1
26.08.2021 00:50:44.294,1.35267,1.3525,1,1
26.08.2021 00:51:04.740,1.3526500000000001,1.35251,1,1
26.08.2021 00:51:05.186,1.35263,1.35249,1,1.12
26.08.2021 00:51:07.041,1.35263,1.35247,1,1.12
26.08.2021 00:51:19.902,1.35261,1.35247,1,1.5
26.08.2021 00:51:20.003,1.35259,1.35243,1,2.37
26.08.2021 00:51:20.906,1.35259,1.35243,1,2.75
26.08.2021 00:51:21.421,1.3526,1.35246,1,1.5
26.08.2021 00:51:31.773,1.35258,1.35244,1,2.75
26.08.2021 00:51:31.939,1.35258,1.35244,1,2.75
26.08.2021 00:51:36.408,1.3525600000000002,1.3524100000000001,1,1.5
26.08.2021 00:51:36.458,1.35251,1.3524,1,1.62
26.08.2021 00:51:36.559,1.35247,1.35233,1,1.25
26.08.2021 00:51:36.610,1.35247,1.3523200000000002,1,1.6
26.08.2021 00:51:36.711,1.35248,1.3523100000000001,1,1
26.08.2021 00:51:36.913,1.35249,1.35234,1,1
26.08.2021 00:51:37.014,1.35246,1.3523100000000001,1,1
26.08.2021 00:51:37.166,1.35247,1.35229,1,1
26.08.2021 00:51:44.890,1.35247,1.3523100000000001,1.12,1
26.08.2021 00:51:50.323,1.35248,1.3523200000000002,1,1
26.08.2021 00:51:50.425,1.3525,1.35233,1,1
26.08.2021 00:51:50.796,1.35251,1.35233,3.6,1
26.08.2021 00:51:51.709,1.35249,1.3523100000000001,1,1
26.08.2021 00:51:51.810,1.35247,1.3523100000000001,1.5,1
26.08.2021 00:51:52.601,1.35251,1.3524200000000002,1.12,1
26.08.2021 00:51:52.702,1.35259,1.35249,1.5,1
26.08.2021 00:51:52.803,1.3526500000000001,1.35249,2.25,1
26.08.2021 00:51:52.904,1.3526600000000002,1.3525,1.62,1
26.08.2021 00:51:53.005,1.35269,1.35254,1.12,1
26.08.2021 00:51:53.157,1.35259,1.35248,1,1
26.08.2021 00:51:53.308,1.35263,1.35247,3.75,1
26.08.2021 00:51:53.359,1.35263,1.3525,1.87,1
26.08.2021 00:51:53.460,1.35264,1.35248,1.5,1
26.08.2021 00:51:53.564,1.3526500000000001,1.35247,1,1
26.08.2021 00:51:54.623,1.3526500000000001,1.3525,1.12,1
26.08.2021 00:52:00.995,1.35264,1.35248,1,1
26.08.2021 00:52:01.045,1.3526200000000002,1.35247,1,1
26.08.2021 00:52:01.096,1.3526,1.35247,1,1
26.08.2021 00:52:01.290,1.3526200000000002,1.35247,1,1
26.08.2021 00:52:02.654,1.35261,1.35247,1,1
26.08.2021 00:52:02.755,1.35261,1.35246,1,1
26.08.2021 00:52:03.309,1.35263,1.35246,1,1
26.08.2021 00:52:05.082,1.35261,1.35246,1,1
26.08.2021 00:52:05.199,1.3526,1.35246,1,1
26.08.2021 00:52:09.810,1.35263,1.35248,2.37,1
26.08.2021 00:52:10.428,1.35263,1.35248,1.5,1
26.08.2021 00:52:10.479,1.3526200000000002,1.35247,1.5,1
26.08.2021 00:52:10.529,1.3526,1.35247,1,1
26.08.2021 00:52:12.710,1.3526200000000002,1.35247,1.62,1
26.08.2021 00:52:13.836,1.3526,1.35247,1,1
26.08.2021 00:52:14.049,1.3526200000000002,1.35247,2,1
26.08.2021 00:52:15.362,1.35261,1.35246,1,1
26.08.2021 00:52:17.145,1.35263,1.35246,1.62,1
26.08.2021 00:52:20.114,1.3526200000000002,1.35249,1,1
26.08.2021 00:52:20.343,1.35264,1.35249,2.25,1
26.08.2021 00:52:20.444,1.3526500000000001,1.35249,1,1
26.08.2021 00:52:20.651,1.3526500000000001,1.3525,1,1
26.08.2021 00:52:21.526,1.3526600000000002,1.3525,1.12,1
26.08.2021 00:52:23.425,1.3526500000000001,1.35251,2.47,1
26.08.2021 00:52:23.526,1.35261,1.35246,1,1
26.08.2021 00:52:23.881,1.3526200000000002,1.3524500000000002,1.12,1
26.08.2021 00:52:23.932,1.35258,1.35246,1,1
26.08.2021 00:52:24.134,1.35261,1.35246,2.25,1
26.08.2021 00:52:24.185,1.35257,1.35246,1,1
26.08.2021 00:52:26.251,1.35259,1.3524500000000002,1,1
26.08.2021 00:52:28.420,1.35259,1.3524200000000002,1.5,1
26.08.2021 00:52:28.471,1.35251,1.3524100000000001,1,1
26.08.2021 00:52:28.522,1.3525200000000002,1.35237,1,1.12
26.08.2021 00:52:28.622,1.35251,1.35236,1.5,1
26.08.2021 00:52:28.724,1.3525,1.3523500000000002,1.5,1
26.08.2021 00:52:28.825,1.3525,1.35234,1,1
26.08.2021 00:52:29.252,1.35249,1.3523200000000002,1,1
26.08.2021 00:52:34.238,1.35246,1.35233,1.5,1
26.08.2021 00:52:34.288,1.3524500000000002,1.35228,1.57,1
26.08.2021 00:52:34.339,1.35243,1.35226,1,1
26.08.2021 00:52:34.540,1.3524100000000001,1.35226,1,1
26.08.2021 00:52:36.263,1.3524500000000002,1.35228,3.47,1
26.08.2021 00:52:36.364,1.35246,1.35229,1.12,1
26.08.2021 00:52:36.414,1.35248,1.3523100000000001,1.62,1
26.08.2021 00:52:36.515,1.3525200000000002,1.35233,2.45,1
26.08.2021 00:52:36.667,1.3525200000000002,1.35233,1.95,1
26.08.2021 00:52:36.767,1.3525200000000002,1.3523500000000002,1.12,1
26.08.2021 00:52:40.021,1.3525,1.35236,1,1
26.08.2021 00:52:43.056,1.3525,1.35234,1,1
26.08.2021 00:52:52.024,1.35251,1.3523500000000002,1,1
26.08.2021 00:52:53.008,1.35249,1.3523500000000002,1,1
26.08.2021 00:53:14.227,1.35247,1.35233,1.12,1
26.08.2021 00:53:14.329,1.3524500000000002,1.35229,1.12,1
26.08.2021 00:53:17.169,1.35246,1.3523,1.12,1
26.08.2021 00:53:17.270,1.35247,1.35233,1,1
26.08.2021 00:53:17.371,1.35249,1.35233,1.5,1
26.08.2021 00:53:30.243,1.3524200000000002,1.35233,1,1
26.08.2021 00:53:30.294,1.3524200000000002,1.3523,1,1
26.08.2021 00:53:30.395,1.35244,1.35229,1.5,1
26.08.2021 00:53:30.496,1.35244,1.35227,1,1
26.08.2021 00:53:30.799,1.35244,1.35226,1,1
26.08.2021 00:53:35.187,1.35244,1.35226,1.5,1
26.08.2021 00:53:35.238,1.35239,1.35226,1,1
26.08.2021 00:53:35.288,1.35236,1.3522100000000001,1,1.5
26.08.2021 00:53:35.339,1.3523500000000002,1.35219,1,1
26.08.2021 00:53:35.389,1.35237,1.3522,1,1
26.08.2021 00:53:35.440,1.35237,1.35224,1,1
26.08.2021 00:53:36.607,1.35237,1.3522500000000002,1,1
26.08.2021 00:53:36.708,1.35238,1.3522500000000002,1,1
26.08.2021 00:53:37.223,1.35237,1.35228,1,1
26.08.2021 00:53:38.838,1.35244,1.35227,2.25,1
26.08.2021 00:53:38.889,1.3524100000000001,1.35224,1,1
26.08.2021 00:53:38.990,1.35243,1.3522500000000002,1,1
26.08.2021 00:53:40.525,1.35244,1.35226,1.12,1
26.08.2021 00:53:45.760,1.35238,1.3522500000000002,1,1
26.08.2021 00:53:45.811,1.35238,1.3522200000000002,1,1
26.08.2021 00:53:45.912,1.35239,1.3522100000000001,2.75,1
26.08.2021 00:53:46.113,1.35239,1.35226,1.12,1
26.08.2021 00:53:49.024,1.3524500000000002,1.35227,1.5,1
26.08.2021 00:53:49.074,1.3524,1.35228,1,1
26.08.2021 00:53:49.125,1.35246,1.3523,1.5,1
26.08.2021 00:53:49.225,1.3524500000000002,1.35229,1,1
26.08.2021 00:53:49.276,1.3525,1.3523,3.2,1
26.08.2021 00:53:49.568,1.35247,1.3523100000000001,1,1
26.08.2021 00:53:49.803,1.35249,1.3523200000000002,1.7,1
26.08.2021 00:53:50.050,1.35249,1.35233,1.7,1
26.08.2021 00:53:50.151,1.3525200000000002,1.3523200000000002,1.97,1
26.08.2021 00:53:50.201,1.3525200000000002,1.35234,1.95,1
26.08.2021 00:53:50.593,1.3525200000000002,1.3523500000000002,1.12,1
26.08.2021 00:53:55.214,1.35248,1.3523500000000002,1.57,1
26.08.2021 00:53:55.265,1.35247,1.3523100000000001,1.6,1
26.08.2021 00:53:55.366,1.35246,1.35229,1.57,1
26.08.2021 00:53:56.253,1.35249,1.35233,1.5,1
26.08.2021 00:53:56.304,1.3525,1.35233,1.2,1
26.08.2021 00:53:56.626,1.35251,1.35234,3.6,1
26.08.2021 00:53:57.983,1.3525200000000002,1.35233,1.1,1
26.08.2021 00:54:00.388,1.35253,1.35234,1.75,1
26.08.2021 00:54:03.990,1.35253,1.3523500000000002,1.1,1
26.08.2021 00:54:04.141,1.3525200000000002,1.35236,1,1
26.08.2021 00:54:04.507,1.35253,1.35236,1,1
26.08.2021 00:54:04.874,1.3525500000000001,1.35236,1.2,1
26.08.2021 00:54:05.213,1.3525500000000001,1.3523500000000002,1.2,1
26.08.2021 00:54:05.264,1.3525500000000001,1.35238,1.72,1
26.08.2021 00:54:06.494,1.3525500000000001,1.35238,1.2,1
26.08.2021 00:54:07.601,1.3525600000000002,1.35239,1,1
26.08.2021 00:54:10.185,1.3525600000000002,1.3524,1.5,1
26.08.2021 00:54:13.111,1.35254,1.35239,1,1
26.08.2021 00:54:13.442,1.3525600000000002,1.3524,1.5,1
26.08.2021 00:54:19.435,1.35258,1.35239,1.1,1
26.08.2021 00:54:19.486,1.35258,1.35243,1,1
26.08.2021 00:54:19.587,1.35263,1.35246,2,1
26.08.2021 00:54:19.688,1.35263,1.35247,1.5,1
26.08.2021 00:54:19.739,1.35264,1.35249,1.12,1
26.08.2021 00:54:19.840,1.35264,1.3525,1.12,1
26.08.2021 00:54:21.664,1.35264,1.35248,1,1
26.08.2021 00:54:36.631,1.3526500000000001,1.35249,1.12,1
26.08.2021 00:54:37.779,1.35267,1.3525,1.5,1
26.08.2021 00:54:38.182,1.35267,1.3525,1.1,1
26.08.2021 00:54:38.233,1.3526500000000001,1.35248,1.97,1
26.08.2021 00:54:38.334,1.35263,1.35247,1.1,1
26.08.2021 00:54:38.495,1.35264,1.35246,1.6,1
26.08.2021 00:54:38.787,1.35263,1.3524500000000002,2.35,1
26.08.2021 00:54:39.324,1.3526200000000002,1.35244,1,1
26.08.2021 00:54:39.754,1.3526200000000002,1.3524500000000002,3.07,1
26.08.2021 00:54:42.144,1.35247,1.35233,1.12,2
26.08.2021 00:54:42.195,1.35247,1.35233,1.87,1
26.08.2021 00:54:42.346,1.3524500000000002,1.35233,1,1
26.08.2021 00:54:42.396,1.3525,1.35233,1,1
26.08.2021 00:54:42.447,1.3525,1.35236,1,1
26.08.2021 00:54:42.497,1.35254,1.35236,3.12,1
26.08.2021 00:54:42.548,1.3525500000000001,1.3523500000000002,2.62,1
26.08.2021 00:54:42.649,1.35254,1.35237,1.87,1
26.08.2021 00:54:42.800,1.35257,1.35236,1.5,1
26.08.2021 00:54:42.901,1.35257,1.35238,1.5,1
26.08.2021 00:54:43.643,1.35257,1.35239,1.5,1
26.08.2021 00:54:43.795,1.35257,1.3524,1,1
26.08.2021 00:54:44.248,1.35257,1.3524200000000002,1.5,1
26.08.2021 00:54:44.349,1.35258,1.3524200000000002,1,1
26.08.2021 00:54:44.775,1.3526,1.35243,3.57,1
26.08.2021 00:54:44.926,1.35261,1.3524200000000002,2.25,1
26.08.2021 00:54:47.676,1.35253,1.3524,1.35,1
26.08.2021 00:54:47.727,1.35248,1.3523200000000002,1,1
26.08.2021 00:54:47.778,1.35246,1.3523100000000001,1,1
26.08.2021 00:54:47.879,1.35246,1.3523,1,1
26.08.2021 00:54:47.980,1.35244,1.35227,1,1
26.08.2021 00:54:58.009,1.35238,1.35227,1.1,1
26.08.2021 00:54:58.059,1.35238,1.35224,1.1,1
26.08.2021 00:54:58.160,1.35236,1.3522100000000001,1.1,1.5
26.08.2021 00:54:58.261,1.35239,1.3522,2.62,1.5
26.08.2021 00:54:59.055,1.35238,1.3522,1,1
26.08.2021 00:54:59.258,1.35239,1.3522,1,1
26.08.2021 00:54:59.359,1.35239,1.3522100000000001,1,1
26.08.2021 00:54:59.460,1.3524100000000001,1.3522200000000002,1,1
26.08.2021 00:54:59.662,1.3524100000000001,1.35223,1,1
26.08.2021 00:55:00.182,1.35243,1.3522500000000002,1,1
26.08.2021 00:55:00.283,1.35244,1.35227,1,1
26.08.2021 00:55:00.636,1.35246,1.35228,2.35,1
26.08.2021 00:55:01.232,1.35246,1.3523,1.5,1
26.08.2021 00:55:01.333,1.35247,1.35233,1,1
26.08.2021 00:55:01.384,1.3525,1.3523200000000002,1.57,1
26.08.2021 00:55:01.485,1.35247,1.35234,1.5,1
26.08.2021 00:55:01.739,1.35249,1.35234,1.5,1
26.08.2021 00:55:01.840,1.35251,1.35234,1.2,1
26.08.2021 00:55:02.684,1.35253,1.35234,2.82,1
26.08.2021 00:55:02.854,1.3525200000000002,1.3523500000000002,1,1
26.08.2021 00:55:03.440,1.3525200000000002,1.35233,1,1
26.08.2021 00:55:05.890,1.35251,1.35236,1,1
26.08.2021 00:55:08.625,1.35249,1.3523500000000002,1,1
26.08.2021 00:55:13.820,1.35253,1.35236,1,1
26.08.2021 00:55:13.871,1.35254,1.35238,1,1
26.08.2021 00:55:13.922,1.3525500000000001,1.3524,1.12,1
26.08.2021 00:55:14.275,1.35258,1.3524100000000001,1,1
26.08.2021 00:55:21.204,1.35259,1.35243,1.5,1
26.08.2021 00:55:22.697,1.35257,1.3524200000000002,1,1
26.08.2021 00:55:31.264,1.35253,1.3524100000000001,1,1
26.08.2021 00:55:31.314,1.35249,1.35236,1,1
26.08.2021 00:55:31.365,1.35248,1.35234,1,1
26.08.2021 00:55:31.466,1.35249,1.35234,1,1
26.08.2021 00:55:31.567,1.35249,1.35237,1,1
26.08.2021 00:55:31.820,1.35254,1.35237,1.2,1
26.08.2021 00:55:31.925,1.3525500000000001,1.35237,1.12,1
26.08.2021 00:55:34.019,1.3525500000000001,1.35238,1.5,1
26.08.2021 00:55:54.848,1.35254,1.35237,1,1
26.08.2021 00:55:54.999,1.35251,1.35236,1,1
26.08.2021 00:55:55.119,1.3525200000000002,1.35236,1,1
26.08.2021 00:55:55.582,1.3525,1.35236,1,1
26.08.2021 00:55:56.526,1.3525,1.3523500000000002,1,1
26.08.2021 00:55:56.577,1.35249,1.35234,1.5,1
26.08.2021 00:56:00.165,1.3525200000000002,1.35237,1.5,1
26.08.2021 00:56:00.266,1.35251,1.35237,1,1
26.08.2021 00:56:01.777,1.35251,1.35236,1,1
26.08.2021 00:56:01.829,1.3525,1.3523500000000002,1,1
26.08.2021 00:56:02.391,1.3525200000000002,1.35234,1.87,1
26.08.2021 00:56:02.705,1.3525,1.3523500000000002,1,1
26.08.2021 00:56:04.092,1.3525200000000002,1.35236,1.7,1
26.08.2021 00:56:05.061,1.35251,1.35238,1.5,1
26.08.2021 00:56:05.162,1.35257,1.3524,2,1
26.08.2021 00:56:05.263,1.35258,1.35243,2,1
26.08.2021 00:56:05.314,1.35259,1.35243,1.5,1
26.08.2021 00:56:05.416,1.35259,1.35244,1,1
26.08.2021 00:56:05.567,1.35259,1.35246,1,1
26.08.2021 00:56:05.668,1.35257,1.3524500000000002,1,1
26.08.2021 00:56:05.770,1.35264,1.3524500000000002,1.72,1
26.08.2021 00:56:05.933,1.35263,1.35247,1.7,1
26.08.2021 00:56:06.350,1.35264,1.35246,1.2,1
26.08.2021 00:56:09.261,1.3526200000000002,1.35246,1.5,1
26.08.2021 00:56:09.312,1.35259,1.35243,2,1
26.08.2021 00:56:09.413,1.35258,1.3524200000000002,1,1
26.08.2021 00:56:09.785,1.35258,1.3524200000000002,1,1
26.08.2021 00:56:09.889,1.3526,1.35243,3.22,1
26.08.2021 00:56:11.267,1.35257,1.3524100000000001,1,1
26.08.2021 00:56:11.368,1.3525600000000002,1.3524,1.12,1
26.08.2021 00:56:46.139,1.35258,1.35239,1.5,1.87
26.08.2021 00:56:46.190,1.35258,1.3524100000000001,1,1
26.08.2021 00:56:46.291,1.3526200000000002,1.35247,1.5,1
26.08.2021 00:56:46.392,1.3526500000000001,1.35247,1.62,1
26.08.2021 00:56:46.493,1.35264,1.3525,1,1
26.08.2021 00:56:46.747,1.3526600000000002,1.3525,1.12,1
26.08.2021 00:56:46.797,1.35269,1.35251,1,1
26.08.2021 00:56:46.898,1.35269,1.3525200000000002,1,1
26.08.2021 00:56:53.527,1.35269,1.35253,1.12,1
26.08.2021 00:56:59.165,1.35271,1.35254,1,1
26.08.2021 00:56:59.316,1.3527,1.3525600000000002,1,1
26.08.2021 00:56:59.781,1.35274,1.35257,1.62,1
26.08.2021 00:57:00.527,1.3527500000000001,1.3525600000000002,1.62,1
26.08.2021 00:57:03.879,1.3527500000000001,1.35259,1,1
26.08.2021 00:57:07.527,1.3527600000000002,1.35258,1.62,1
26.08.2021 00:57:17.720,1.35274,1.35257,1.2,1
26.08.2021 00:57:20.902,1.35274,1.3525600000000002,1,1
26.08.2021 00:57:21.028,1.3527500000000001,1.3525600000000002,2.7,1
26.08.2021 00:57:21.297,1.35274,1.3525600000000002,1,1
26.08.2021 00:57:42.500,1.35274,1.3525600000000002,1,1
26.08.2021 00:57:43.340,1.35273,1.35257,1.5,1
26.08.2021 00:57:46.070,1.35273,1.3525600000000002,2,1
26.08.2021 00:58:03.754,1.35273,1.3525600000000002,1.5,1
26.08.2021 00:58:04.203,1.35274,1.35257,1.5,1
26.08.2021 00:58:11.308,1.3526600000000002,1.35251,1,1
26.08.2021 00:58:11.409,1.3526799999999999,1.35251,1,1
26.08.2021 00:59:00.274,1.3526600000000002,1.35251,1,1
26.08.2021 00:59:28.880,1.35269,1.3525200000000002,1.12,1
26.08.2021 00:59:29.217,1.3527,1.35253,1.5,1
26.08.2021 00:59:29.318,1.35271,1.3525500000000001,1,1
26.08.2021 00:59:29.419,1.35271,1.3525600000000002,1.12,1
26.08.2021 00:59:31.278,1.35274,1.35257,1.62,1
26.08.2021 00:59:31.379,1.35274,1.35257,1.5,1
26.08.2021 00:59:31.795,1.3527500000000001,1.35258,1.62,1
26.08.2021 00:59:32.336,1.35274,1.35259,1.5,1
26.08.2021 00:59:45.395,1.3527500000000001,1.35258,1.62,1
26.08.2021 00:59:50.408,1.3527500000000001,1.35261,1.62,1
26.08.2021 00:59:51.423,1.3527500000000001,1.35261,1.62,1
26.08.2021 01:00:00.143,1.35274,1.3526,1.12,1
26.08.2021 01:00:00.459,1.35274,1.3526,1.5,1
26.08.2021 01:00:01.462,1.35274,1.3526,1.5,1.12
26.08.2021 01:00:03.498,1.35274,1.3526,1,1
26.08.2021 01:00:03.599,1.35277,1.35261,1,1.12
26.08.2021 01:00:04.023,1.35279,1.35263,1,1.12
26.08.2021 01:00:04.125,1.3528,1.35267,1,1
26.08.2021 01:00:04.294,1.3528200000000001,1.3526600000000002,1,1
26.08.2021 01:00:05.737,1.35277,1.35264,1,2.62
26.08.2021 01:00:06.561,1.35278,1.35261,1,2
26.08.2021 01:00:11.613,1.35278,1.35261,1,1.12
26.08.2021 01:00:12.573,1.35278,1.35261,1,1
26.08.2021 01:00:13.580,1.35278,1.35261,1,1
26.08.2021 01:00:15.683,1.3527500000000001,1.3526,1,1.5
26.08.2021 01:00:16.581,1.3527600000000002,1.35259,1,1
26.08.2021 01:00:17.026,1.35274,1.3526,1,1
26.08.2021 01:00:19.575,1.3527500000000001,1.35258,1,1
26.08.2021 01:00:19.676,1.35274,1.35258,1,1
26.08.2021 01:00:19.827,1.35273,1.35257,1,1.5
26.08.2021 01:00:20.180,1.3527200000000001,1.35257,1,1
26.08.2021 01:00:20.592,1.3527200000000001,1.3525600000000002,1,1
26.08.2021 01:00:21.299,1.35271,1.3525600000000002,1,1
26.08.2021 01:00:21.565,1.35271,1.3525600000000002,1,1
26.08.2021 01:00:21.753,1.35271,1.35254,1,2
26.08.2021 01:00:21.803,1.35269,1.3525200000000002,1,2.07
26.08.2021 01:00:21.854,1.35271,1.3525200000000002,1,2.07
26.08.2021 01:00:21.904,1.3526799999999999,1.35251,1,2.75
26.08.2021 01:00:22.056,1.3526799999999999,1.35251,1,1.12
26.08.2021 01:00:23.234,1.3527,1.35251,1,1
26.08.2021 01:00:28.264,1.35269,1.35251,1,1.2
26.08.2021 01:00:28.314,1.3526799999999999,1.3525,1,1
26.08.2021 01:00:28.415,1.35264,1.35251,1,1
26.08.2021 01:00:28.517,1.3526500000000001,1.3525200000000002,1,1
26.08.2021 01:00:29.320,1.35264,1.35251,1,1
26.08.2021 01:00:29.507,1.35264,1.35249,1,2
26.08.2021 01:00:29.608,1.35264,1.35248,1,2
26.08.2021 01:00:30.010,1.35264,1.35248,1,1.5
26.08.2021 01:00:38.794,1.35264,1.35249,1,1.5
26.08.2021 01:00:39.717,1.35264,1.35249,1,3.12
26.08.2021 01:00:41.267,1.3526500000000001,1.35248,1,3
26.08.2021 01:00:43.700,1.3526500000000001,1.35249,1,1.57
26.08.2021 01:00:43.801,1.3526600000000002,1.35248,1,1.6
26.08.2021 01:00:44.756,1.3526600000000002,1.3525,1,1
26.08.2021 01:00:47.586,1.3526799999999999,1.3525,1,1.5
26.08.2021 01:00:47.974,1.35269,1.3525,1,3.07
26.08.2021 01:00:48.323,1.35269,1.3525200000000002,1,1
26.08.2021 01:00:48.600,1.35269,1.35251,1,1
26.08.2021 01:00:51.116,1.3526799999999999,1.35251,1,3.45
26.08.2021 01:00:51.217,1.35267,1.35251,1,1.12
26.08.2021 01:00:53.143,1.3527,1.3525200000000002,1,1.72
26.08.2021 01:00:54.282,1.3527,1.3525500000000001,1,1.62
26.08.2021 01:00:55.432,1.35271,1.3525600000000002,1,1.12
26.08.2021 01:00:56.457,1.3527200000000001,1.3525600000000002,1,1
26.08.2021 01:00:56.658,1.35273,1.35257,1,1.5
26.08.2021 01:00:56.860,1.35273,1.35258,1,1
26.08.2021 01:00:58.142,1.35274,1.35258,1,1
26.08.2021 01:01:01.082,1.35274,1.35259,1,1.5
26.08.2021 01:01:01.450,1.35274,1.3526,1,1
26.08.2021 01:01:09.603,1.35274,1.3526,1,1.62
26.08.2021 01:01:10.605,1.35274,1.3526,1,1
26.08.2021 01:01:11.612,1.35274,1.35258,1,2.75
26.08.2021 01:01:15.291,1.35274,1.35257,1,2
26.08.2021 01:01:16.699,1.35273,1.35258,1,1.5
26.08.2021 01:01:19.551,1.3527600000000002,1.35257,1,2.25
26.08.2021 01:01:19.753,1.3527600000000002,1.35258,1,1.12
26.08.2021 01:01:20.857,1.3527600000000002,1.35259,1,1
26.08.2021 01:01:22.149,1.3527500000000001,1.35261,1,1
26.08.2021 01:01:23.018,1.3527500000000001,1.35258,1,1.62
26.08.2021 01:01:24.035,1.35273,1.35259,1,1
26.08.2021 01:01:31.429,1.35273,1.35258,1,1
26.08.2021 01:01:31.785,1.35274,1.35257,1,1
26.08.2021 01:01:31.886,1.3527600000000002,1.35258,1,1.12
26.08.2021 01:01:33.422,1.3527500000000001,1.35259,1,1.62
26.08.2021 01:01:34.130,1.3527500000000001,1.35258,1,1
26.08.2021 01:01:34.398,1.35274,1.35259,1,1
26.08.2021 01:01:38.928,1.3527500000000001,1.35259,1,1
26.08.2021 01:01:39.720,1.3527500000000001,1.35259,1,1
26.08.2021 01:01:40.818,1.35277,1.35259,1,2.37
26.08.2021 01:01:48.067,1.35277,1.3526,1,1.62
26.08.2021 01:01:48.168,1.35278,1.35261,1,2.37
26.08.2021 01:01:53.928,1.35278,1.35263,1,1
26.08.2021 01:01:55.889,1.35279,1.35263,1,1
26.08.2021 01:01:56.583,1.35279,1.35261,1,1.62
26.08.2021 01:02:06.334,1.3528,1.35263,1,1
26.08.2021 01:02:06.385,1.35279,1.35264,1,1.62
26.08.2021 01:02:06.536,1.35281,1.35263,1,2
26.08.2021 01:02:07.374,1.35281,1.35263,1,3.2
26.08.2021 01:02:08.047,1.3528,1.3526500000000001,1,1.12
26.08.2021 01:02:08.148,1.35279,1.35264,1,1
26.08.2021 01:02:08.249,1.3528,1.3526200000000002,1,1.12
26.08.2021 01:02:08.750,1.35277,1.35264,1,1
26.08.2021 01:02:13.084,1.35278,1.35264,1,1
26.08.2021 01:02:13.235,1.3527600000000002,1.35264,1,1
26.08.2021 01:02:13.285,1.35277,1.35259,1,2
26.08.2021 01:02:13.537,1.35277,1.3526200000000002,1,1
26.08.2021 01:02:23.117,1.35279,1.35264,1,1
26.08.2021 01:02:23.238,1.3528200000000001,1.35264,1.5,1
26.08.2021 01:02:27.648,1.35279,1.35264,1,1
26.08.2021 01:02:27.758,1.35278,1.35263,1,1.5
26.08.2021 01:02:30.099,1.3527600000000002,1.35261,1,1.5
26.08.2021 01:02:30.253,1.3527600000000002,1.35261,1,1.12
26.08.2021 01:02:38.598,1.35277,1.35261,1,1.62
26.08.2021 01:02:38.649,1.3528,1.35263,1,1.5
26.08.2021 01:02:38.700,1.35281,1.35264,1,1.5
26.08.2021 01:02:38.902,1.35281,1.35264,1,1.12
26.08.2021 01:02:39.869,1.35281,1.35264,1,1.5
26.08.2021 01:02:41.919,1.3528200000000001,1.35267,1,1
26.08.2021 01:02:53.895,1.35283,1.3526600000000002,1.12,1.5
26.08.2021 01:03:02.799,1.35283,1.3526600000000002,1,1.12
26.08.2021 01:03:03.801,1.35283,1.3526600000000002,1.12,1.5
26.08.2021 01:03:13.841,1.35283,1.35267,1.12,1.5
26.08.2021 01:03:25.890,1.35283,1.35267,1.12,1.5
26.08.2021 01:03:32.134,1.3528200000000001,1.3526799999999999,1,2.19
26.08.2021 01:03:32.185,1.3528700000000002,1.35273,1.62,1.5
26.08.2021 01:03:32.236,1.35289,1.3527500000000001,1.5,1.5
26.08.2021 01:03:32.976,1.35289,1.3527500000000001,1,1
26.08.2021 01:03:37.390,1.3529,1.3527600000000002,1,1
26.08.2021 01:03:37.613,1.35293,1.35277,1,1
26.08.2021 01:03:48.027,1.3529200000000001,1.35278,1.5,1.12
26.08.2021 01:03:49.009,1.3529200000000001,1.35278,1.12,1.12
26.08.2021 01:03:50.290,1.35294,1.35279,1.62,1
26.08.2021 01:03:52.059,1.35294,1.35279,1.5,1.12
26.08.2021 01:04:01.350,1.35294,1.35279,1.5,1
26.08.2021 01:04:03.357,1.35294,1.35279,1.5,1
26.08.2021 01:04:04.363,1.35295,1.35278,1.62,1
26.08.2021 01:04:05.711,1.35293,1.3527600000000002,1.12,1.5
26.08.2021 01:04:06.372,1.3529200000000001,1.35277,1.12,1.12
26.08.2021 01:04:08.707,1.35291,1.3527600000000002,1.12,1
26.08.2021 01:04:08.859,1.3529200000000001,1.3527500000000001,1.62,1
26.08.2021 01:04:09.352,1.35291,1.35274,1.12,1
26.08.2021 01:04:09.453,1.35291,1.35274,1.5,1
26.08.2021 01:04:09.555,1.35291,1.35274,2,1
26.08.2021 01:04:10.559,1.35289,1.3527200000000001,1.12,1
26.08.2021 01:04:29.092,1.3529,1.35274,2.37,1
26.08.2021 01:04:50.020,1.3529,1.35274,1,1
26.08.2021 01:04:55.074,1.35291,1.35274,1.12,1
26.08.2021 01:05:04.168,1.3529,1.35274,1.12,1
26.08.2021 01:05:07.750,1.35291,1.35274,1.12,1
26.08.2021 01:05:17.970,1.35295,1.35278,1.7,1
26.08.2021 01:05:18.071,1.3529900000000001,1.3528200000000001,2.37,1
26.08.2021 01:05:18.172,1.35303,1.3528600000000002,4.62,1
26.08.2021 01:05:18.323,1.35303,1.3528600000000002,1.5,1
26.08.2021 01:05:18.424,1.3530600000000002,1.3528600000000002,1.12,1
26.08.2021 01:05:18.726,1.3530700000000002,1.35288,1,1
26.08.2021 01:05:18.827,1.35308,1.3529,1.62,1
26.08.2021 01:05:19.117,1.35308,1.35291,1,1
26.08.2021 01:05:19.402,1.3531,1.35291,1.5,1
26.08.2021 01:05:19.503,1.3530900000000001,1.3529200000000001,1,1
26.08.2021 01:05:19.604,1.35312,1.3529200000000001,1.5,1
26.08.2021 01:05:25.128,1.3530900000000001,1.35293,1,1
26.08.2021 01:05:25.229,1.35308,1.3529200000000001,1.5,1
26.08.2021 01:05:27.393,1.3531,1.3529200000000001,1,1
26.08.2021 01:05:30.277,1.35308,1.3529,1.12,1
26.08.2021 01:05:30.673,1.3530600000000002,1.3529,1,1
26.08.2021 01:05:31.493,1.3530700000000002,1.35289,1.5,1
26.08.2021 01:05:32.822,1.3530600000000002,1.35289,1.5,1
26.08.2021 01:05:33.873,1.3530600000000002,1.3528700000000002,1.12,1
26.08.2021 01:05:39.028,1.35305,1.35288,1.5,1
26.08.2021 01:05:51.090,1.3530200000000001,1.3528700000000002,1,1
26.08.2021 01:05:51.209,1.35303,1.35285,1.5,1
26.08.2021 01:05:51.360,1.3530200000000001,1.35285,2,1
26.08.2021 01:05:51.461,1.35303,1.35283,2.1,1
26.08.2021 01:05:51.562,1.3529900000000001,1.35283,1,1
26.08.2021 01:05:52.121,1.3530200000000001,1.35283,1.2,1
26.08.2021 01:05:53.153,1.35301,1.35284,1.6,1
26.08.2021 01:06:02.710,1.353,1.3528200000000001,1,1
26.08.2021 01:06:02.811,1.35298,1.3528200000000001,1,1
26.08.2021 01:06:44.943,1.3529700000000002,1.3528,1,1
26.08.2021 01:06:50.097,1.353,1.35281,1.5,1
26.08.2021 01:06:50.433,1.3529900000000001,1.35283,1,1
26.08.2021 01:06:50.891,1.35301,1.3528200000000001,1.5,1
26.08.2021 01:06:53.728,1.353,1.35285,1.12,1
26.08.2021 01:06:57.028,1.3530200000000001,1.35284,1.12,1
26.08.2021 01:06:57.980,1.3530200000000001,1.3528600000000002,1.62,1
26.08.2021 01:06:58.476,1.3530200000000001,1.3528600000000002,1.5,1
26.08.2021 01:07:14.958,1.35303,1.3528600000000002,1.5,1
26.08.2021 01:07:17.134,1.35303,1.3528700000000002,1.5,1
26.08.2021 01:07:18.007,1.35305,1.35288,1.62,1
26.08.2021 01:07:18.200,1.35305,1.35288,1.12,1
26.08.2021 01:07:58.464,1.35305,1.3529,1.12,1
26.08.2021 01:07:59.039,1.3530700000000002,1.35289,1,1
26.08.2021 01:07:59.558,1.35308,1.35293,1,1.5
26.08.2021 01:07:59.659,1.35311,1.35295,1.5,1
26.08.2021 01:07:59.769,1.35311,1.3529700000000002,1,1
26.08.2021 01:07:59.920,1.35313,1.3529900000000001,1,1
26.08.2021 01:08:00.529,1.35315,1.35298,1,1
26.08.2021 01:08:03.583,1.3531600000000001,1.35301,1.5,1
26.08.2021 01:08:08.245,1.3531600000000001,1.35301,2.07,1
26.08.2021 01:08:15.546,1.3531600000000001,1.353,1,1
26.08.2021 01:08:33.282,1.3531600000000001,1.3530200000000001,1,1
26.08.2021 01:08:38.891,1.35315,1.35304,1,1
26.08.2021 01:08:38.942,1.35321,1.35304,1.5,1
26.08.2021 01:08:39.043,1.35323,1.3530600000000002,1.2,1
26.08.2021 01:08:39.629,1.35324,1.3530600000000002,1.7,1
26.08.2021 01:08:40.579,1.35323,1.35308,1.2,1
26.08.2021 01:08:40.630,1.35324,1.3530900000000001,1,1
26.08.2021 01:08:41.191,1.35324,1.3531,1.12,1
26.08.2021 01:08:52.009,1.3532600000000001,1.3530900000000001,1.12,1
26.08.2021 01:08:52.396,1.3532700000000002,1.3531,1,1
26.08.2021 01:08:52.446,1.3532700000000002,1.35312,1,1
26.08.2021 01:08:55.499,1.3532600000000001,1.35311,1,1
26.08.2021 01:09:04.979,1.3532600000000001,1.3530900000000001,1,1
26.08.2021 01:09:12.028,1.3532700000000002,1.3531,1.5,1
26.08.2021 01:09:12.129,1.35328,1.3531,1.5,1
26.08.2021 01:09:14.793,1.3532700000000002,1.35311,1,1
26.08.2021 01:09:18.125,1.3533000000000002,1.35312,1.5,1
26.08.2021 01:09:23.495,1.35329,1.35311,1,1
26.08.2021 01:09:24.887,1.3532700000000002,1.35312,1,1
26.08.2021 01:09:39.567,1.35329,1.35313,1.5,1
26.08.2021 01:09:58.011,1.3533000000000002,1.35313,1.5,1
26.08.2021 01:09:58.062,1.35333,1.35312,3.52,1
26.08.2021 01:09:58.163,1.35331,1.35313,1,1
26.08.2021 01:09:58.449,1.3533000000000002,1.35313,1,1
26.08.2021 01:09:58.712,1.35329,1.35313,1,1
26.08.2021 01:10:00.423,1.35328,1.35311,1,1
26.08.2021 01:10:03.150,1.35328,1.3531,1.12,1
26.08.2021 01:10:03.251,1.35325,1.35311,1,1
26.08.2021 01:10:03.669,1.3532600000000001,1.35311,1,1
26.08.2021 01:10:03.770,1.35325,1.35311,1,1
26.08.2021 01:10:04.433,1.3532600000000001,1.35311,1,1
26.08.2021 01:10:04.534,1.3533000000000002,1.35311,4.7,1
26.08.2021 01:10:04.635,1.35328,1.35312,1.62,1
26.08.2021 01:10:04.837,1.3532600000000001,1.35311,1,1
26.08.2021 01:10:04.987,1.35328,1.35311,2.37,1
26.08.2021 01:10:07.594,1.3532700000000002,1.3531,1,1
26.08.2021 01:10:08.044,1.3532600000000001,1.35311,2,1
26.08.2021 01:10:08.146,1.35325,1.3530900000000001,1,1
26.08.2021 01:10:08.247,1.35322,1.3530700000000002,1,1
26.08.2021 01:10:08.348,1.35322,1.35305,1.5,1
26.08.2021 01:10:08.449,1.35322,1.35304,1.5,1
26.08.2021 01:10:08.819,1.3532,1.35304,1,1
26.08.2021 01:10:11.973,1.35321,1.35305,1,1
26.08.2021 01:10:12.024,1.35321,1.3530700000000002,1,1
26.08.2021 01:10:12.210,1.35322,1.35305,1,1
26.08.2021 01:10:16.754,1.35321,1.3530700000000002,1,1
26.08.2021 01:10:17.740,1.35322,1.35305,1,1
26.08.2021 01:10:26.769,1.3532,1.3530200000000001,1,1
26.08.2021 01:10:39.529,1.3531900000000001,1.3530200000000001,1,1
26.08.2021 01:10:39.630,1.35318,1.35301,1,1.12
26.08.2021 01:10:39.781,1.3531600000000001,1.3530200000000001,1,1
26.08.2021 01:10:39.982,1.3531700000000002,1.3530200000000001,1,1
26.08.2021 01:10:41.055,1.3531600000000001,1.353,1,1
26.08.2021 01:10:41.106,1.35313,1.35298,1,1.12
26.08.2021 01:10:41.647,1.35312,1.3529700000000002,1,1
26.08.2021 01:10:43.673,1.35314,1.3529600000000002,1,1
26.08.2021 01:10:45.710,1.35312,1.3529600000000002,1,1
26.08.2021 01:10:45.811,1.35311,1.35294,1.5,1
26.08.2021 01:10:45.912,1.3530900000000001,1.3529200000000001,1,1
26.08.2021 01:10:46.214,1.3530700000000002,1.3529200000000001,1,1
26.08.2021 01:10:49.555,1.3530900000000001,1.35293,1,1
26.08.2021 01:10:51.028,1.35311,1.35294,1.5,1
26.08.2021 01:10:51.548,1.35313,1.35294,1.62,1
26.08.2021 01:10:51.879,1.35313,1.35294,1.12,1
26.08.2021 01:10:52.179,1.35313,1.3529600000000002,1.5,1
26.08.2021 01:10:52.645,1.35314,1.35294,1.5,1
26.08.2021 01:10:58.529,1.35314,1.35294,1,1
26.08.2021 01:11:15.634,1.35314,1.35295,1,2
26.08.2021 01:11:15.735,1.35318,1.3530200000000001,2,1.5
26.08.2021 01:11:15.786,1.35321,1.35303,1.5,1
26.08.2021 01:11:15.836,1.35321,1.35303,1.12,1
26.08.2021 01:11:15.886,1.35318,1.353,1,1
26.08.2021 01:11:15.937,1.3531900000000001,1.35301,1,1
26.08.2021 01:11:16.089,1.35318,1.353,1,1
26.08.2021 01:11:16.291,1.3531900000000001,1.35301,1,1
26.08.2021 01:11:19.254,1.3531900000000001,1.3530200000000001,1,1
26.08.2021 01:11:20.074,1.3532,1.3530200000000001,1,1
26.08.2021 01:11:20.175,1.35322,1.35304,1.62,1
26.08.2021 01:11:20.812,1.35323,1.3530600000000002,1,1
26.08.2021 01:11:21.115,1.35323,1.35308,1,1
26.08.2021 01:11:25.530,1.3532600000000001,1.35308,1.5,1
26.08.2021 01:11:25.710,1.35325,1.3530900000000001,1,1
26.08.2021 01:11:25.811,1.3532600000000001,1.3530900000000001,1,1
26.08.2021 01:11:27.061,1.35328,1.3531,1,1
26.08.2021 01:11:36.627,1.35325,1.3531,1,1
26.08.2021 01:11:37.283,1.35325,1.3530900000000001,1.12,1
26.08.2021 01:11:37.384,1.35324,1.3530700000000002,1,1
26.08.2021 01:11:37.737,1.35324,1.3530600000000002,1,1
26.08.2021 01:11:42.257,1.35324,1.3530700000000002,1,1
26.08.2021 01:11:42.358,1.35325,1.35308,1.12,1
26.08.2021 01:11:42.459,1.3532700000000002,1.3531,1,1
26.08.2021 01:11:53.709,1.35325,1.3530900000000001,1,1
26.08.2021 01:11:53.810,1.35324,1.3530900000000001,1,1
26.08.2021 01:12:10.377,1.35324,1.3530700000000002,1,1
26.08.2021 01:12:11.924,1.3532,1.3530200000000001,1,1.62
26.08.2021 01:12:12.025,1.35318,1.35303,1,1
26.08.2021 01:12:12.176,1.3531700000000002,1.35301,1,1.5
26.08.2021 01:12:12.277,1.3531700000000002,1.35301,1,1.12
26.08.2021 01:12:12.379,1.3531600000000001,1.3529900000000001,1,1.12
26.08.2021 01:12:20.017,1.3531700000000002,1.3529900000000001,1,1.12
26.08.2021 01:12:20.118,1.3531900000000001,1.3530200000000001,1,1
26.08.2021 01:12:24.466,1.3531900000000001,1.35304,1,1
26.08.2021 01:12:32.033,1.35321,1.35304,1,1
26.08.2021 01:12:45.970,1.35321,1.35303,1,1
26.08.2021 01:12:46.772,1.35322,1.35304,1,1
26.08.2021 01:12:53.569,1.3531900000000001,1.35304,1,1
26.08.2021 01:12:53.681,1.3531700000000002,1.35304,1,1
26.08.2021 01:12:53.782,1.35318,1.3530200000000001,1,1
26.08.2021 01:12:54.101,1.35318,1.35303,1,1
26.08.2021 01:12:55.539,1.3531900000000001,1.35301,1,1
26.08.2021 01:12:59.912,1.3531700000000002,1.3530200000000001,1,1
26.08.2021 01:13:00.013,1.35318,1.353,1,1
26.08.2021 01:13:00.114,1.35315,1.353,1,1
26.08.2021 01:13:00.265,1.35318,1.353,1.87,1
26.08.2021 01:13:00.316,1.3531600000000001,1.353,1,1
26.08.2021 01:13:00.626,1.3531900000000001,1.3529900000000001,1.87,1
26.08.2021 01:13:06.066,1.35318,1.353,1.62,1
26.08.2021 01:13:11.105,1.3531900000000001,1.35301,1.5,1
26.08.2021 01:13:11.156,1.35321,1.3530200000000001,3.82,1
26.08.2021 01:13:11.307,1.35322,1.35304,3.12,1
26.08.2021 01:13:11.508,1.3531900000000001,1.35305,1,1
26.08.2021 01:13:22.581,1.35321,1.35305,1,1
26.08.2021 01:13:22.833,1.35323,1.3530600000000002,1.62,1
26.08.2021 01:13:22.984,1.35323,1.35308,1.62,1
26.08.2021 01:13:24.023,1.35323,1.35308,1.5,1
26.08.2021 01:13:28.107,1.35323,1.35305,1,1
26.08.2021 01:13:47.695,1.35322,1.35304,1,1
26.08.2021 01:13:53.882,1.3532,1.35304,1,1
26.08.2021 01:13:55.403,1.35322,1.35304,2.82,1
26.08.2021 01:13:56.141,1.35322,1.35304,3.07,1
26.08.2021 01:14:00.222,1.35321,1.35304,1,1
26.08.2021 01:14:01.400,1.35321,1.35303,1,1
26.08.2021 01:14:19.484,1.3531900000000001,1.35303,1,1
26.08.2021 01:14:35.011,1.3532,1.35305,1.5,1
26.08.2021 01:14:38.462,1.35318,1.35303,1,1
26.08.2021 01:14:41.190,1.3532,1.35304,1.12,1
26.08.2021 01:14:44.176,1.35321,1.35304,1.57,1
26.08.2021 01:14:44.277,1.35322,1.35304,1,1
26.08.2021 01:14:47.117,1.35321,1.35304,1,1
26.08.2021 01:14:47.353,1.35323,1.35304,1.7,1
26.08.2021 01:14:59.529,1.35321,1.35305,1.5,1
26.08.2021 01:15:00.452,1.3532,1.35304,1.12,1
26.08.2021 01:15:00.616,1.35321,1.3530200000000001,1.12,1
26.08.2021 01:15:00.813,1.35322,1.35303,1,1
26.08.2021 01:15:08.577,1.35321,1.35305,1.2,1
26.08.2021 01:15:09.255,1.35321,1.3530700000000002,1.12,1
26.08.2021 01:15:14.029,1.35324,1.3530600000000002,2.47,1
26.08.2021 01:15:15.797,1.35324,1.3530600000000002,1.87,1
26.08.2021 01:15:24.176,1.35325,1.3530900000000001,1.62,1
26.08.2021 01:15:25.947,1.35325,1.3530600000000002,1.95,1
26.08.2021 01:15:26.047,1.35322,1.3530700000000002,1,1
26.08.2021 01:15:26.921,1.35323,1.35308,1,1
26.08.2021 01:15:27.076,1.35325,1.3530700000000002,1.12,1
26.08.2021 01:15:30.646,1.35322,1.35308,1,1
26.08.2021 01:15:30.747,1.35321,1.35305,1,1
26.08.2021 01:15:33.080,1.35322,1.3530600000000002,1.12,1
26.08.2021 01:15:35.541,1.35323,1.35304,1.87,1
26.08.2021 01:15:35.704,1.35323,1.35304,1.97,1
26.08.2021 01:15:38.501,1.35323,1.35303,1.97,1
26.08.2021 01:15:39.896,1.35322,1.35304,1.87,1
26.08.2021 01:15:39.997,1.35323,1.35304,1.87,1
26.08.2021 01:15:41.832,1.3532,1.35304,1,1
26.08.2021 01:15:42.490,1.35322,1.35304,3.45,1
26.08.2021 01:15:42.596,1.35322,1.35304,2.07,1
26.08.2021 01:15:45.396,1.35321,1.3530200000000001,1,1
26.08.2021 01:15:47.308,1.3532,1.35303,1.5,1
26.08.2021 01:15:49.594,1.35318,1.3530200000000001,1,1
26.08.2021 01:15:49.846,1.3531700000000002,1.3529900000000001,1.5,1
26.08.2021 01:15:49.897,1.35318,1.353,3,1
26.08.2021 01:15:50.157,1.3531900000000001,1.353,1.12,1
26.08.2021 01:15:50.423,1.3531600000000001,1.3529900000000001,1,1
26.08.2021 01:15:51.418,1.35315,1.35298,1,1
26.08.2021 01:15:54.835,1.35312,1.3529700000000002,1,1
26.08.2021 01:15:54.936,1.35308,1.35291,1,1.6
26.08.2021 01:15:56.999,1.35308,1.35291,1,1
26.08.2021 01:15:57.105,1.3530700000000002,1.35291,1,1
26.08.2021 01:15:57.206,1.3530600000000002,1.3529,1,1.5
26.08.2021 01:15:57.307,1.35303,1.35289,1,1.5
26.08.2021 01:15:57.408,1.35301,1.35289,1,1
26.08.2021 01:15:57.458,1.35303,1.35289,1,1
26.08.2021 01:15:58.331,1.35303,1.3528700000000002,1,1.1
26.08.2021 01:15:59.034,1.35304,1.3528700000000002,1,1.1
26.08.2021 01:15:59.921,1.35303,1.35288,1,1.1
26.08.2021 01:16:00.040,1.35304,1.3528700000000002,1,1.1
26.08.2021 01:16:03.223,1.3530200000000001,1.35289,1,1.1
26.08.2021 01:16:03.375,1.35303,1.35288,1,1
26.08.2021 01:16:03.577,1.3530200000000001,1.3528700000000002,1,1.6
26.08.2021 01:16:04.366,1.35304,1.3528600000000002,1,2.1
26.08.2021 01:16:04.642,1.35304,1.3528700000000002,1,1
26.08.2021 01:16:05.258,1.3530200000000001,1.35288,1,1
26.08.2021 01:16:05.866,1.35303,1.35288,1,1
26.08.2021 01:16:13.648,1.35303,1.3528700000000002,1,1
26.08.2021 01:16:13.749,1.3530200000000001,1.3528600000000002,1,1
26.08.2021 01:16:20.960,1.35301,1.3528600000000002,1,1
26.08.2021 01:16:21.573,1.35301,1.35285,1,1
26.08.2021 01:16:21.876,1.3529900000000001,1.35285,1,1
26.08.2021 01:16:24.316,1.3529900000000001,1.35285,1,1
26.08.2021 01:16:25.071,1.35301,1.35283,1,1.5
26.08.2021 01:16:26.853,1.35298,1.35283,1,1.5
26.08.2021 01:16:26.956,1.3529700000000002,1.3528,1,2
26.08.2021 01:16:27.057,1.3529700000000002,1.3528,1,1.5
26.08.2021 01:16:27.208,1.3529700000000002,1.3528,1,1.5
26.08.2021 01:16:27.309,1.3529700000000002,1.3528,1,1.5
26.08.2021 01:16:27.556,1.3529600000000002,1.35281,1,1.5
26.08.2021 01:16:31.498,1.3529700000000002,1.3528,1,1.12
26.08.2021 01:16:31.678,1.35295,1.35278,1,1.62
26.08.2021 01:16:31.779,1.35294,1.35279,1,1.62
26.08.2021 01:16:33.024,1.35294,1.35278,1,1.1
26.08.2021 01:16:33.125,1.35294,1.35278,1,1.1
26.08.2021 01:16:33.518,1.35294,1.35278,1,1.1
26.08.2021 01:16:43.020,1.35295,1.3528,1,1
26.08.2021 01:16:44.572,1.35293,1.35278,1,1.5
26.08.2021 01:16:45.682,1.35294,1.35277,1,1.12
26.08.2021 01:17:25.850,1.35293,1.35278,1,1.5
26.08.2021 01:17:34.566,1.35293,1.35278,1,1.5
26.08.2021 01:17:34.715,1.35294,1.35277,1,1.5
26.08.2021 01:17:37.865,1.35295,1.35278,1,1.5
26.08.2021 01:17:37.967,1.3529700000000002,1.3528,1,1
26.08.2021 01:17:38.169,1.3529900000000001,1.3528200000000001,1,1
26.08.2021 01:17:38.277,1.35295,1.3528,1,1.62
26.08.2021 01:17:38.328,1.3529700000000002,1.35281,1,1.12
26.08.2021 01:17:38.435,1.3529700000000002,1.35281,1,1.5
26.08.2021 01:17:38.536,1.353,1.35284,1,1
26.08.2021 01:17:43.560,1.353,1.3528600000000002,1,1
26.08.2021 01:17:53.987,1.35303,1.3528700000000002,1,1
26.08.2021 01:17:54.088,1.35303,1.35289,1,1
26.08.2021 01:17:54.138,1.35304,1.3529,1,1
26.08.2021 01:18:43.926,1.3529900000000001,1.35285,1,1.1
26.08.2021 01:18:44.187,1.3530200000000001,1.35284,1,1
26.08.2021 01:18:44.288,1.3530200000000001,1.35284,1,1
26.08.2021 01:18:44.774,1.3530200000000001,1.35288,1,1
26.08.2021 01:18:44.916,1.35301,1.35285,1,1
26.08.2021 01:18:48.898,1.35304,1.3528700000000002,1,1.6
26.08.2021 01:18:49.050,1.35304,1.3528600000000002,1,1.6
26.08.2021 01:18:49.854,1.35303,1.3528700000000002,1,1.6
26.08.2021 01:18:53.195,1.35304,1.3528700000000002,1,1.1
26.08.2021 01:18:53.246,1.35305,1.35288,1,1.1
26.08.2021 01:18:55.025,1.3530600000000002,1.35288,1,1.6
26.08.2021 01:18:55.232,1.3530700000000002,1.3529,1,1.1
26.08.2021 01:18:55.282,1.3530600000000002,1.35289,1,1.1
26.08.2021 01:18:55.484,1.3530600000000002,1.35289,1,1.7
26.08.2021 01:19:01.760,1.3530600000000002,1.35289,1,3.6
26.08.2021 01:19:03.740,1.35308,1.35289,1,2.1
26.08.2021 01:19:03.841,1.35308,1.35289,1,1.6
26.08.2021 01:19:03.892,1.35304,1.3529,1,1.6
26.08.2021 01:19:05.097,1.35305,1.35289,1,1.1
26.08.2021 01:19:05.267,1.35305,1.35289,1,1.1
26.08.2021 01:19:05.955,1.3530700000000002,1.3529,1,1.1
26.08.2021 01:19:06.159,1.3530600000000002,1.35289,1,1.1
26.08.2021 01:19:15.941,1.35305,1.3528700000000002,1,2.1
26.08.2021 01:19:16.081,1.3530700000000002,1.3528700000000002,1,2.1
26.08.2021 01:19:18.621,1.35305,1.3528700000000002,1,1.6
26.08.2021 01:19:18.933,1.3530700000000002,1.3528700000000002,1,2.1
26.08.2021 01:19:22.975,1.3530600000000002,1.35288,1,2.85
26.08.2021 01:19:25.486,1.3530200000000001,1.35288,1,1.12
26.08.2021 01:19:25.587,1.353,1.35285,1,1.1
26.08.2021 01:19:25.688,1.353,1.35285,1,1
26.08.2021 01:19:25.789,1.35298,1.3528200000000001,1,1
26.08.2021 01:19:25.890,1.3529700000000002,1.35283,1,1
26.08.2021 01:19:26.042,1.35298,1.3528,1,2
26.08.2021 01:19:26.336,1.3529900000000001,1.35281,1,2
26.08.2021 01:19:26.437,1.35298,1.35281,1,1.5
26.08.2021 01:19:26.538,1.3529700000000002,1.3528,1,1
26.08.2021 01:19:26.689,1.35293,1.35278,1,1
26.08.2021 01:19:26.791,1.35293,1.35277,1,1
26.08.2021 01:19:26.892,1.3529200000000001,1.35278,1,1
26.08.2021 01:19:30.938,1.35293,1.3527600000000002,1,1.5
26.08.2021 01:19:31.606,1.35294,1.35277,1,1.5
26.08.2021 01:19:37.128,1.35293,1.3527600000000002,1,1.5
26.08.2021 01:19:37.238,1.35294,1.35279,1,1
26.08.2021 01:19:44.815,1.35294,1.3528,1,1
26.08.2021 01:19:47.982,1.35294,1.35278,1,1
26.08.2021 01:19:53.306,1.35293,1.3527600000000002,1,1.12
26.08.2021 01:19:53.407,1.3529200000000001,1.3527500000000001,1,1.5
26.08.2021 01:19:53.507,1.3529,1.35274,1,1.5
26.08.2021 01:19:53.968,1.35289,1.3527500000000001,1,1.12
26.08.2021 01:19:57.419,1.35288,1.35271,1,1.12
26.08.2021 01:19:57.470,1.35285,1.3527,1,1
26.08.2021 01:19:59.241,1.3528700000000002,1.3527,1,1
26.08.2021 01:20:05.922,1.35284,1.3527,1,1
26.08.2021 01:20:24.183,1.3528700000000002,1.35271,1,1
26.08.2021 01:20:24.284,1.35288,1.35274,1,1
26.08.2021 01:20:24.538,1.35291,1.35277,1.5,1
26.08.2021 01:20:24.639,1.35293,1.3527600000000002,1,1
26.08.2021 01:20:24.753,1.3529200000000001,1.3527600000000002,1,1
26.08.2021 01:20:40.076,1.3529200000000001,1.35278,1,1
26.08.2021 01:20:47.119,1.35294,1.35279,1,1
26.08.2021 01:21:06.109,1.3529600000000002,1.3528200000000001,1,1
26.08.2021 01:21:06.260,1.3529900000000001,1.35285,3.12,1
26.08.2021 01:21:10.407,1.353,1.35283,2.75,1
26.08.2021 01:21:10.558,1.3529900000000001,1.35285,1.5,1
26.08.2021 01:21:13.267,1.353,1.35284,1.5,1
26.08.2021 01:21:13.368,1.353,1.35285,1.5,1
26.08.2021 01:21:13.469,1.353,1.3528700000000002,1.12,1
26.08.2021 01:21:13.721,1.35301,1.3528700000000002,1,1
26.08.2021 01:21:14.653,1.35303,1.35288,1.62,1
26.08.2021 01:21:14.754,1.35305,1.35289,1,1
26.08.2021 01:21:14.855,1.35305,1.3529,1.5,1
26.08.2021 01:21:15.440,1.3530600000000002,1.3529,1.5,1
26.08.2021 01:21:17.065,1.35308,1.3529,1,1
26.08.2021 01:21:17.414,1.35308,1.3529,1,1
26.08.2021 01:21:17.519,1.3530700000000002,1.3529200000000001,1.5,1
26.08.2021 01:21:17.670,1.3530700000000002,1.3529200000000001,1.12,1
26.08.2021 01:21:17.771,1.3530700000000002,1.35294,1,1
26.08.2021 01:21:19.177,1.35308,1.35294,1,1
26.08.2021 01:21:49.627,1.35308,1.3529200000000001,1,1
26.08.2021 01:21:54.506,1.3530700000000002,1.3529200000000001,1.5,1
26.08.2021 01:21:55.816,1.35308,1.35291,1.5,1
26.08.2021 01:21:59.014,1.35305,1.35289,1,1
26.08.2021 01:22:23.882,1.3530200000000001,1.3528600000000002,1,1.12
26.08.2021 01:22:24.333,1.3530200000000001,1.35284,1,1
26.08.2021 01:22:24.845,1.3530200000000001,1.35283,1,1.5
26.08.2021 01:22:24.946,1.353,1.3528200000000001,1,2.25
26.08.2021 01:22:25.068,1.3529600000000002,1.35283,1,1
26.08.2021 01:22:25.118,1.3529700000000002,1.3528,1,1.5
26.08.2021 01:22:25.219,1.35295,1.3528,1,1.5
26.08.2021 01:22:25.321,1.35295,1.3528,1,1
26.08.2021 01:22:25.422,1.35294,1.35278,1,1.7
26.08.2021 01:22:26.181,1.35294,1.35277,1,1
26.08.2021 01:22:26.232,1.35294,1.3527500000000001,1,1.97
26.08.2021 01:22:26.450,1.35293,1.3527600000000002,1,1.87
26.08.2021 01:22:38.824,1.3529200000000001,1.3527600000000002,1,1
26.08.2021 01:22:51.202,1.35291,1.3527600000000002,1,1
26.08.2021 01:22:51.476,1.35289,1.35273,1,2.25
26.08.2021 01:22:51.728,1.35288,1.3527,1,1.6
26.08.2021 01:22:51.829,1.3528700000000002,1.35269,1,1
26.08.2021 01:22:52.885,1.3528700000000002,1.3526799999999999,1,1
26.08.2021 01:22:53.034,1.35285,1.35267,1,1.95
26.08.2021 01:22:55.906,1.3528600000000002,1.35269,1,1
26.08.2021 01:23:00.075,1.35288,1.3527200000000001,1.12,1
26.08.2021 01:23:06.240,1.3528600000000002,1.35273,1,1
26.08.2021 01:23:12.279,1.35288,1.3527200000000001,1,1
26.08.2021 01:23:12.380,1.35289,1.35273,1,1
26.08.2021 01:23:12.517,1.3529200000000001,1.3527600000000002,1.5,1
26.08.2021 01:23:12.668,1.3529200000000001,1.3527600000000002,1.12,1
26.08.2021 01:23:26.342,1.3529200000000001,1.35278,1,1
26.08.2021 01:23:27.135,1.35295,1.35281,2,1
26.08.2021 01:23:27.237,1.3529700000000002,1.35283,1.5,1
26.08.2021 01:23:27.390,1.35298,1.3528200000000001,1.12,1
26.08.2021 01:23:37.275,1.3529600000000002,1.3528,1,1
26.08.2021 01:23:40.690,1.3529700000000002,1.35283,1,1
26.08.2021 01:23:40.846,1.3529700000000002,1.35281,1,1
26.08.2021 01:23:43.110,1.3529600000000002,1.35281,1,1
26.08.2021 01:24:22.004,1.35294,1.35277,1,1.5
26.08.2021 01:24:22.055,1.3529200000000001,1.3527600000000002,1,1.12
26.08.2021 01:24:34.022,1.3529200000000001,1.35273,1,1.6
26.08.2021 01:24:35.516,1.3529200000000001,1.35271,1,2.72
26.08.2021 01:24:39.067,1.3529,1.3527200000000001,1,1.2
26.08.2021 01:24:39.268,1.35288,1.35271,1,1.1
26.08.2021 01:24:39.369,1.35288,1.3527,1,1
26.08.2021 01:24:39.736,1.35288,1.35269,1,3.82
26.08.2021 01:24:42.734,1.35288,1.35271,1,1
26.08.2021 01:24:43.824,1.3528600000000002,1.3527,1,1.95
26.08.2021 01:24:44.594,1.35285,1.35267,1,1.5
26.08.2021 01:24:44.831,1.35285,1.35267,1,1
26.08.2021 01:24:49.375,1.35283,1.35267,1,1.12
26.08.2021 01:25:01.029,1.3528200000000001,1.35263,1,1.7
26.08.2021 01:25:01.131,1.3528,1.35263,1,2.25
26.08.2021 01:25:01.433,1.35279,1.3526200000000002,1,1.2
26.08.2021 01:25:01.721,1.3528,1.3526200000000002,1,1.2
26.08.2021 01:25:01.822,1.3528,1.35261,1,1.2
26.08.2021 01:25:01.929,1.35279,1.3526,1,1.2
26.08.2021 01:25:52.445,1.3527600000000002,1.3526,1,1
26.08.2021 01:26:38.096,1.35277,1.3526,1,1
26.08.2021 01:26:38.433,1.35278,1.35263,1,1
26.08.2021 01:26:38.534,1.35279,1.35264,1,1
26.08.2021 01:26:39.140,1.35277,1.3526200000000002,1,1.5
26.08.2021 01:26:43.253,1.35278,1.35259,1,1
26.08.2021 01:26:43.570,1.35277,1.3526,1,1
26.08.2021 01:26:46.460,1.35277,1.35261,1,1.12
26.08.2021 01:26:49.947,1.35277,1.3526200000000002,1,1
26.08.2021 01:26:50.082,1.35277,1.35263,1,1
26.08.2021 01:26:50.183,1.35278,1.35263,1,1
26.08.2021 01:26:51.829,1.35281,1.3526799999999999,1,1
26.08.2021 01:26:51.880,1.35284,1.3526799999999999,1,1
26.08.2021 01:26:51.981,1.3528200000000001,1.35267,1,1.5
26.08.2021 01:26:52.031,1.35285,1.3526799999999999,1,1
26.08.2021 01:26:52.132,1.35285,1.35269,1,1
26.08.2021 01:26:52.384,1.3528600000000002,1.3527,1,1
26.08.2021 01:26:52.485,1.3528700000000002,1.3527,1,1
26.08.2021 01:26:57.709,1.3528700000000002,1.3526799999999999,1,1.2
26.08.2021 01:26:57.906,1.3528600000000002,1.3527,1,1
26.08.2021 01:27:00.116,1.35288,1.35267,1,2.35
26.08.2021 01:27:09.259,1.35285,1.3526799999999999,1,1
26.08.2021 01:27:09.518,1.35284,1.3526799999999999,1,1
26.08.2021 01:27:23.470,1.35284,1.3526600000000002,1,1.6
26.08.2021 01:27:27.468,1.35281,1.3526600000000002,1,2.1
26.08.2021 01:27:27.619,1.3528200000000001,1.3526500000000001,1,1.6
26.08.2021 01:27:27.720,1.35281,1.3526600000000002,1,1.2
26.08.2021 01:27:27.821,1.35281,1.3526600000000002,1,1.6
26.08.2021 01:27:28.757,1.35281,1.3526600000000002,1,1.57
26.08.2021 01:27:54.721,1.3528200000000001,1.35264,1,1.87
26.08.2021 01:27:56.067,1.3527600000000002,1.35264,1,1
26.08.2021 01:27:56.168,1.3527600000000002,1.35263,1,1
26.08.2021 01:27:56.219,1.3527600000000002,1.35261,1,1
26.08.2021 01:27:56.269,1.3527200000000001,1.35258,1,1
26.08.2021 01:27:56.370,1.35269,1.35258,1,1
26.08.2021 01:27:56.421,1.35271,1.35257,1,1
26.08.2021 01:27:56.522,1.35271,1.35253,1,2.66
26.08.2021 01:27:58.402,1.35271,1.35253,1,2.85
26.08.2021 01:27:58.884,1.35271,1.35253,1,2.85
26.08.2021 01:28:17.433,1.3527,1.3525200000000002,1,2
26.08.2021 01:28:17.534,1.3526799999999999,1.35251,1,1
26.08.2021 01:28:17.585,1.35267,1.3525200000000002,1,1
26.08.2021 01:28:17.837,1.3526799999999999,1.3525,1,2.07
26.08.2021 01:28:17.938,1.3527,1.35251,1,1
26.08.2021 01:28:18.039,1.3526799999999999,1.35249,1,2
26.08.2021 01:28:18.145,1.35267,1.3525,1,1.5
26.08.2021 01:28:19.396,1.3526799999999999,1.35249,1,1
26.08.2021 01:28:30.606,1.3526600000000002,1.35249,1,1.62
26.08.2021 01:28:35.430,1.35264,1.35247,1,1.7
26.08.2021 01:28:35.531,1.35264,1.35247,1,1
26.08.2021 01:28:35.653,1.3526500000000001,1.35246,1,1.12
26.08.2021 01:28:35.754,1.3526500000000001,1.35246,1,1.5
26.08.2021 01:28:37.300,1.3526600000000002,1.35249,1,1
26.08.2021 01:28:38.989,1.3526600000000002,1.35251,1,1
26.08.2021 01:28:57.163,1.3526799999999999,1.35254,1,1
26.08.2021 01:28:57.213,1.35271,1.35253,1.1,1
26.08.2021 01:29:06.171,1.35271,1.35254,1.12,1
26.08.2021 01:29:06.272,1.3527200000000001,1.3525500000000001,1.5,1
26.08.2021 01:29:06.384,1.35273,1.35254,1.62,1
26.08.2021 01:29:06.520,1.3527200000000001,1.3525600000000002,1,1
26.08.2021 01:29:15.159,1.35274,1.3525600000000002,1,1
26.08.2021 01:29:18.713,1.35273,1.35258,1.12,1
26.08.2021 01:29:23.977,1.35274,1.35258,1,1
26.08.2021 01:29:26.610,1.3527500000000001,1.35258,1.5,1
26.08.2021 01:29:28.265,1.35277,1.35259,2,1
26.08.2021 01:29:31.073,1.35277,1.3526,1.62,1
26.08.2021 01:29:31.174,1.35278,1.3526,1.5,1
26.08.2021 01:29:31.275,1.3528,1.35264,1,1
26.08.2021 01:29:31.376,1.3528,1.3526600000000002,2,1
26.08.2021 01:29:31.477,1.35283,1.3526500000000001,1.62,1
26.08.2021 01:29:31.956,1.3528200000000001,1.3526600000000002,1.5,1
26.08.2021 01:29:32.107,1.35284,1.3526600000000002,1,1
26.08.2021 01:29:32.158,1.35283,1.35269,1,1
26.08.2021 01:29:32.309,1.3528600000000002,1.35269,1,1
26.08.2021 01:29:32.410,1.3528700000000002,1.35271,1.62,1
26.08.2021 01:29:32.561,1.35288,1.3527,1,1
26.08.2021 01:29:33.492,1.35288,1.35271,1,1
26.08.2021 01:29:34.288,1.3529,1.3527200000000001,1,1
26.08.2021 01:29:34.709,1.35291,1.35273,1,1
26.08.2021 01:29:35.866,1.35291,1.35274,1,1
26.08.2021 01:29:35.917,1.35291,1.3527500000000001,1,1
26.08.2021 01:29:40.181,1.3529200000000001,1.3527600000000002,1,1
26.08.2021 01:29:40.282,1.35293,1.3527500000000001,1,1
26.08.2021 01:29:41.508,1.35293,1.3527500000000001,1,1
26.08.2021 01:29:41.609,1.35293,1.3527500000000001,1,1
26.08.2021 01:29:48.067,1.35293,1.3527500000000001,1,1
26.08.2021 01:29:50.432,1.35294,1.35278,1,1
26.08.2021 01:29:53.488,1.35294,1.35278,1,1
26.08.2021 01:30:01.748,1.35294,1.35278,1,1
26.08.2021 01:30:01.934,1.35295,1.35277,1,1
26.08.2021 01:30:02.113,1.35295,1.35277,1,1
26.08.2021 01:30:02.262,1.35295,1.35277,1,1
26.08.2021 01:30:10.615,1.35294,1.35277,1,1
26.08.2021 01:30:10.747,1.35293,1.35278,1.5,1
26.08.2021 01:30:13.903,1.35295,1.35278,1.62,1
26.08.2021 01:30:21.708,1.35295,1.35278,1,1
26.08.2021 01:30:22.201,1.35294,1.35278,1,1
26.08.2021 01:30:26.522,1.3529700000000002,1.35279,3.12,1
26.08.2021 01:30:52.246,1.3529900000000001,1.3528,1.6,1
26.08.2021 01:30:52.296,1.35298,1.35281,1.22,1
26.08.2021 01:30:52.448,1.3529900000000001,1.3528,1.2,1
26.08.2021 01:30:52.599,1.353,1.35284,1.5,1
26.08.2021 01:30:52.777,1.3530200000000001,1.35285,3.5,1
26.08.2021 01:30:52.929,1.35303,1.3528600000000002,1.6,1
26.08.2021 01:30:52.979,1.35303,1.3528600000000002,2.75,1
26.08.2021 01:30:53.183,1.3530200000000001,1.35285,2.75,1
26.08.2021 01:30:53.284,1.35304,1.3528600000000002,1,1
26.08.2021 01:30:53.335,1.35305,1.35285,1,1
26.08.2021 01:30:53.486,1.3530700000000002,1.35289,2.1,1
26.08.2021 01:30:53.587,1.35308,1.35288,1.6,1
26.08.2021 01:30:53.637,1.3530900000000001,1.3529,2.1,1
26.08.2021 01:30:53.839,1.3530700000000002,1.3529,1,1
26.08.2021 01:30:54.041,1.3530700000000002,1.3529,1.5,1
26.08.2021 01:30:54.192,1.3530900000000001,1.35291,1.6,1
26.08.2021 01:30:54.244,1.3531,1.3529,2.07,1
26.08.2021 01:30:54.572,1.35312,1.35291,1.22,1
26.08.2021 01:30:54.685,1.35311,1.3529200000000001,1.12,1
26.08.2021 01:30:54.786,1.3530900000000001,1.35291,1,1
26.08.2021 01:30:55.038,1.3530600000000002,1.3529,1,1
26.08.2021 01:30:55.139,1.3531,1.35291,3.6,1
26.08.2021 01:30:55.291,1.35312,1.3529200000000001,1.5,1
26.08.2021 01:30:55.392,1.35311,1.35293,1.12,1
26.08.2021 01:30:55.648,1.3530900000000001,1.35291,1,1
26.08.2021 01:30:56.116,1.35313,1.3529200000000001,2.22,1
26.08.2021 01:30:56.166,1.3530900000000001,1.35291,1,1
26.08.2021 01:30:56.267,1.3530900000000001,1.3529200000000001,1,1
26.08.2021 01:30:56.653,1.35308,1.35291,1,1
26.08.2021 01:30:58.342,1.35312,1.35291,2.1,1
26.08.2021 01:30:58.462,1.35311,1.35291,2.1,1
26.08.2021 01:31:02.200,1.3531,1.3529200000000001,1.6,1
26.08.2021 01:31:05.531,1.35311,1.35291,1.6,1
26.08.2021 01:31:12.016,1.35313,1.3529200000000001,1.8,1
26.08.2021 01:31:12.477,1.35311,1.35291,2.1,1
26.08.2021 01:31:12.748,1.3531,1.35291,1.1,1
26.08.2021 01:31:12.950,1.3531,1.35291,1.6,1
26.08.2021 01:31:13.051,1.35312,1.3529,2.1,1
26.08.2021 01:31:13.152,1.3530700000000002,1.3529,1,1
26.08.2021 01:31:13.353,1.35308,1.35291,1,1
26.08.2021 01:31:13.454,1.35308,1.3529200000000001,1,1
26.08.2021 01:31:14.094,1.3530900000000001,1.3529200000000001,1,1
26.08.2021 01:31:14.201,1.35312,1.3529200000000001,1.6,1
26.08.2021 01:31:14.302,1.35313,1.35295,3.05,1
26.08.2021 01:31:14.453,1.35313,1.35295,2.82,1
26.08.2021 01:31:14.604,1.3531600000000001,1.35295,1.6,1
26.08.2021 01:31:17.731,1.35314,1.35295,1.6,1
26.08.2021 01:31:17.832,1.35312,1.35295,1.97,1
26.08.2021 01:31:17.984,1.35313,1.35294,1.12,1
26.08.2021 01:31:18.795,1.35314,1.3529600000000002,3.6,1
26.08.2021 01:31:21.016,1.35315,1.3529600000000002,1.5,1
26.08.2021 01:31:26.531,1.35314,1.3529700000000002,1.5,1
26.08.2021 01:31:28.838,1.35313,1.3529600000000002,1.5,1
26.08.2021 01:31:29.909,1.3531,1.35293,1,1
26.08.2021 01:31:31.291,1.35311,1.35294,1.12,1
26.08.2021 01:31:31.732,1.35313,1.3529600000000002,2.37,1
26.08.2021 01:31:33.556,1.35314,1.3529600000000002,2.07,1
26.08.2021 01:31:35.081,1.35311,1.3529200000000001,1.12,1
26.08.2021 01:31:35.480,1.3531,1.3529200000000001,1,1
26.08.2021 01:31:37.089,1.3530900000000001,1.35294,1,1
26.08.2021 01:31:37.341,1.35312,1.35293,1.5,1
26.08.2021 01:31:37.474,1.35312,1.35293,1,1
26.08.2021 01:31:43.882,1.35308,1.35293,1,1
26.08.2021 01:31:43.983,1.3530600000000002,1.35291,1,1
26.08.2021 01:31:46.234,1.3530700000000002,1.3529200000000001,1,1
26.08.2021 01:31:46.566,1.35311,1.35294,1.5,1
26.08.2021 01:31:48.080,1.35314,1.35294,3.6,1
26.08.2021 01:31:48.181,1.35314,1.3529600000000002,1.6,1
26.08.2021 01:31:49.553,1.35313,1.3529600000000002,1.5,1
26.08.2021 01:31:50.633,1.35314,1.35298,1.5,1
26.08.2021 01:31:50.811,1.35314,1.3529700000000002,1.5,1
26.08.2021 01:31:50.912,1.35313,1.35295,2.07,1
26.08.2021 01:31:55.032,1.35312,1.3529600000000002,1.95,1
26.08.2021 01:31:58.793,1.35313,1.3529700000000002,1.2,1
26.08.2021 01:32:00.123,1.35315,1.353,2.85,1
26.08.2021 01:32:00.274,1.3531700000000002,1.353,3.95,1
26.08.2021 01:32:00.376,1.35313,1.353,1.5,1
26.08.2021 01:32:00.527,1.35314,1.35301,1.87,1
26.08.2021 01:32:01.148,1.3531900000000001,1.35303,1.6,1
26.08.2021 01:32:01.357,1.3531600000000001,1.35303,1,1
26.08.2021 01:32:01.919,1.35318,1.35303,1.87,1
26.08.2021 01:32:04.043,1.35318,1.3530200000000001,1.12,1
26.08.2021 01:32:04.500,1.3531700000000002,1.3530200000000001,1.5,1
26.08.2021 01:32:07.357,1.3531900000000001,1.3530200000000001,1.72,1
26.08.2021 01:32:07.739,1.3532,1.35303,1,1
26.08.2021 01:32:07.891,1.3531700000000002,1.35304,1,1
26.08.2021 01:32:08.181,1.35321,1.35303,2,1
26.08.2021 01:32:09.062,1.3532,1.35304,2,1
26.08.2021 01:32:10.877,1.35322,1.35304,2.15,1
26.08.2021 01:32:11.028,1.35323,1.35304,2.15,1
26.08.2021 01:32:11.378,1.35322,1.3530700000000002,2.15,1
26.08.2021 01:32:11.479,1.35323,1.35311,2,1
26.08.2021 01:32:11.530,1.35323,1.35311,1.87,1
26.08.2021 01:32:11.630,1.35324,1.35308,1.87,1
26.08.2021 01:32:12.070,1.35324,1.3530700000000002,1.87,1
26.08.2021 01:32:16.578,1.35323,1.35308,2,1
26.08.2021 01:32:18.615,1.35324,1.3530700000000002,1.12,1
26.08.2021 01:32:23.974,1.35324,1.3530600000000002,1.1,1
26.08.2021 01:32:24.077,1.35322,1.3530700000000002,1,1
26.08.2021 01:32:24.193,1.35322,1.35305,1,1
26.08.2021 01:32:25.323,1.3532,1.35305,1.12,1
26.08.2021 01:32:25.373,1.3532,1.35301,1.87,1
26.08.2021 01:32:25.792,1.3532,1.35301,2.45,1
26.08.2021 01:32:25.843,1.3532,1.35303,1.62,1
26.08.2021 01:32:26.625,1.3531900000000001,1.35304,1,1
26.08.2021 01:32:33.905,1.35321,1.35304,1,1
26.08.2021 01:32:34.383,1.35321,1.3530600000000002,1,1
26.08.2021 01:32:37.551,1.35322,1.3530600000000002,1.5,1
26.08.2021 01:32:38.753,1.35322,1.35308,1.5,1
26.08.2021 01:32:38.854,1.35322,1.35308,1,1
26.08.2021 01:32:39.006,1.35323,1.3530900000000001,1,1
26.08.2021 01:32:41.995,1.35323,1.35308,1.5,1
26.08.2021 01:32:44.563,1.35323,1.3530900000000001,1,1
26.08.2021 01:32:44.727,1.35325,1.35311,1.1,1
26.08.2021 01:32:44.828,1.3532700000000002,1.3530900000000001,1,1
26.08.2021 01:32:44.929,1.35329,1.3531,1.5,1
26.08.2021 01:32:44.979,1.35332,1.3531,2.62,1
26.08.2021 01:32:45.030,1.35329,1.35311,1,1
26.08.2021 01:32:45.181,1.3533000000000002,1.3531900000000001,1.5,1
26.08.2021 01:32:45.332,1.35331,1.3531900000000001,1.12,1
26.08.2021 01:32:46.331,1.35334,1.3531700000000002,1.5,1
26.08.2021 01:32:46.629,1.35333,1.3531600000000001,2.07,1
26.08.2021 01:32:47.601,1.35332,1.35312,1.12,1
26.08.2021 01:32:48.282,1.35331,1.35313,3.95,1
26.08.2021 01:32:49.049,1.35331,1.35314,4.7,1
26.08.2021 01:32:50.076,1.35331,1.35313,3.57,1
26.08.2021 01:32:57.048,1.35329,1.35313,1.5,1
26.08.2021 01:32:57.149,1.35328,1.35313,1,1
26.08.2021 01:32:57.200,1.35328,1.3531,1.5,1
26.08.2021 01:32:57.251,1.3532700000000002,1.3530900000000001,1.5,1
26.08.2021 01:32:57.403,1.35328,1.35308,2,1
26.08.2021 01:32:57.663,1.35324,1.3530700000000002,1.5,1
26.08.2021 01:32:58.218,1.35324,1.3530700000000002,1.6,1
26.08.2021 01:32:59.353,1.35324,1.3530900000000001,1.6,1
26.08.2021 01:33:03.044,1.35324,1.35308,1.6,1
26.08.2021 01:33:03.145,1.35321,1.3530700000000002,1,1
26.08.2021 01:33:03.346,1.35322,1.3530600000000002,1.5,1
26.08.2021 01:33:03.681,1.35322,1.35304,1.5,1
26.08.2021 01:33:04.757,1.35324,1.35304,1.62,1
26.08.2021 01:33:04.807,1.35325,1.3530600000000002,2.82,1
26.08.2021 01:33:05.009,1.35324,1.3530900000000001,1.12,1
26.08.2021 01:33:06.197,1.35324,1.3530700000000002,1.12,1
26.08.2021 01:33:06.717,1.35324,1.3530900000000001,1,1
26.08.2021 01:33:06.818,1.3532700000000002,1.3531,2,1
26.08.2021 01:33:06.919,1.35329,1.35312,1.5,1
26.08.2021 01:33:06.970,1.35328,1.35313,1.5,1
26.08.2021 01:33:07.070,1.35329,1.3531,1.5,1
26.08.2021 01:33:07.121,1.35329,1.35312,1.5,1
26.08.2021 01:33:07.172,1.35329,1.35312,1,1
26.08.2021 01:33:07.273,1.35328,1.3531,1,1.12
26.08.2021 01:33:07.374,1.35328,1.35312,1,1
26.08.2021 01:33:07.704,1.3533000000000002,1.35311,1.12,1
26.08.2021 01:33:11.619,1.3533000000000002,1.35311,1.62,1
26.08.2021 01:33:11.721,1.3532700000000002,1.35311,1.62,1
26.08.2021 01:33:11.872,1.3532600000000001,1.3531,1,1
26.08.2021 01:33:11.923,1.3532600000000001,1.3530700000000002,1.5,1
26.08.2021 01:33:12.024,1.35325,1.35308,1.5,1
26.08.2021 01:33:12.125,1.35323,1.35308,1.5,1
26.08.2021 01:33:20.000,1.35325,1.3530700000000002,1,1
26.08.2021 01:33:20.510,1.35325,1.3530700000000002,1,1
26.08.2021 01:33:27.071,1.35324,1.3531,1,1
26.08.2021 01:33:31.519,1.35325,1.35313,1,1
26.08.2021 01:33:31.620,1.35331,1.3531600000000001,1,1
26.08.2021 01:33:31.721,1.35335,1.35318,1,1
26.08.2021 01:33:32.124,1.3533600000000001,1.35318,1,1
26.08.2021 01:33:34.532,1.3533600000000001,1.35318,1,1
26.08.2021 01:33:41.085,1.35339,1.3531900000000001,1.12,1
26.08.2021 01:33:42.397,1.35338,1.3531900000000001,1,1
26.08.2021 01:33:42.447,1.3533600000000001,1.3531900000000001,1,1
26.08.2021 01:33:42.548,1.3533600000000001,1.35315,1.5,1.5
26.08.2021 01:33:42.649,1.3533600000000001,1.35315,1.5,1.5
26.08.2021 01:33:42.750,1.3533600000000001,1.35315,1.5,1.5
26.08.2021 01:33:43.189,1.3533600000000001,1.35315,2,1.5
26.08.2021 01:33:45.291,1.35335,1.3531600000000001,1.5,1.12
26.08.2021 01:33:48.532,1.3533600000000001,1.35315,2,1
26.08.2021 01:33:49.749,1.3533600000000001,1.35318,1.5,1
26.08.2021 01:33:51.576,1.3533600000000001,1.3531700000000002,1.5,1
26.08.2021 01:33:52.284,1.35335,1.3531700000000002,3.87,1
26.08.2021 01:33:52.385,1.35334,1.3531600000000001,1.5,1
26.08.2021 01:33:55.177,1.35331,1.3531600000000001,1,1
26.08.2021 01:33:55.607,1.35331,1.35314,1,1
26.08.2021 01:33:55.889,1.3533000000000002,1.35313,1,1.12
26.08.2021 01:33:56.049,1.35331,1.35314,1,1
26.08.2021 01:33:56.458,1.35332,1.35314,1.12,1
26.08.2021 01:33:56.981,1.35333,1.35313,2.37,1
26.08.2021 01:33:57.082,1.35333,1.35314,2.37,1
26.08.2021 01:33:58.071,1.35331,1.3531600000000001,1.5,1
26.08.2021 01:34:02.469,1.3533000000000002,1.3531600000000001,1,1
26.08.2021 01:34:02.621,1.35333,1.35315,1,1
26.08.2021 01:34:02.790,1.35332,1.3531700000000002,1,1
26.08.2021 01:34:03.042,1.35333,1.3531700000000002,1,1
26.08.2021 01:34:03.254,1.35334,1.3531700000000002,3.12,1
26.08.2021 01:34:04.024,1.35334,1.3531900000000001,3.12,1
26.08.2021 01:34:04.276,1.3534000000000002,1.35323,4.12,1
26.08.2021 01:34:04.377,1.35342,1.35325,1.9,1
26.08.2021 01:34:04.428,1.35343,1.35325,1,1
26.08.2021 01:34:04.679,1.35345,1.35324,1.5,1
26.08.2021 01:34:04.780,1.35345,1.3532600000000001,1.5,1
26.08.2021 01:34:04.881,1.3534700000000002,1.3532700000000002,3.12,1
26.08.2021 01:34:04.937,1.35346,1.35332,2,1
26.08.2021 01:34:05.038,1.3535000000000001,1.35334,1,1
26.08.2021 01:34:05.088,1.3535000000000001,1.35334,1.62,1
26.08.2021 01:34:05.295,1.35352,1.35335,1.5,1
26.08.2021 01:34:05.396,1.35352,1.35333,2,1
26.08.2021 01:34:05.547,1.3535000000000001,1.35333,1,1
26.08.2021 01:34:05.706,1.35349,1.35332,1.5,1
26.08.2021 01:34:05.807,1.35349,1.35332,1,1
26.08.2021 01:34:05.909,1.3534700000000002,1.35333,1,1
26.08.2021 01:34:06.010,1.3534700000000002,1.35332,1,1
26.08.2021 01:34:06.061,1.35349,1.3533000000000002,1.5,1
26.08.2021 01:34:06.171,1.35346,1.35331,1,1
26.08.2021 01:34:06.272,1.35348,1.35331,2,1
26.08.2021 01:34:06.373,1.35346,1.35331,1,1
26.08.2021 01:34:07.616,1.35348,1.35331,2,1
26.08.2021 01:34:07.767,1.35346,1.35331,1,1
26.08.2021 01:34:10.190,1.35346,1.35331,1.5,1
26.08.2021 01:34:11.450,1.35344,1.35328,1,1
26.08.2021 01:34:11.550,1.35342,1.3532700000000002,1,1
26.08.2021 01:34:11.651,1.35343,1.35324,1.5,1
26.08.2021 01:34:14.224,1.35341,1.35325,1,1
26.08.2021 01:34:14.374,1.35341,1.35324,1,1
26.08.2021 01:34:18.208,1.35342,1.3532600000000001,2.75,1
26.08.2021 01:34:23.962,1.35342,1.35324,1.5,1
26.08.2021 01:34:24.063,1.35341,1.35325,1,1
26.08.2021 01:34:24.164,1.35339,1.35325,1,1
26.08.2021 01:34:24.378,1.35339,1.35324,1.87,1
26.08.2021 01:34:24.480,1.3533700000000002,1.35322,1,1
26.08.2021 01:34:24.530,1.35335,1.3531900000000001,1,1
26.08.2021 01:34:24.631,1.3533700000000002,1.35318,1.5,1
26.08.2021 01:34:24.732,1.3533600000000001,1.3531900000000001,1.5,1
26.08.2021 01:34:24.959,1.35335,1.35318,1,1
26.08.2021 01:34:25.060,1.35334,1.35318,2.37,1
26.08.2021 01:34:25.464,1.35333,1.3531700000000002,1.87,1
26.08.2021 01:34:26.026,1.3533000000000002,1.3531700000000002,1,1
26.08.2021 01:34:26.391,1.3533000000000002,1.35313,1.5,1.12
26.08.2021 01:34:26.441,1.35329,1.35312,1,1.12
26.08.2021 01:34:26.766,1.35328,1.35315,1,1
26.08.2021 01:34:26.917,1.35332,1.35314,1.5,1
26.08.2021 01:34:27.066,1.35331,1.35314,1,1
26.08.2021 01:34:27.187,1.35332,1.35314,1.5,1
26.08.2021 01:34:28.768,1.35331,1.35314,1,1
26.08.2021 01:34:28.979,1.35332,1.35314,1.5,1
26.08.2021 01:34:30.659,1.35334,1.3531600000000001,1,1
26.08.2021 01:34:30.760,1.35334,1.3531600000000001,1,1
26.08.2021 01:34:30.861,1.3533600000000001,1.35318,1.5,1
26.08.2021 01:34:30.962,1.35341,1.35323,2.25,1
26.08.2021 01:34:31.285,1.35341,1.35322,1.75,1
26.08.2021 01:34:31.335,1.35341,1.35322,2,1
26.08.2021 01:34:38.532,1.3534000000000002,1.35323,1.5,1
26.08.2021 01:34:51.873,1.35338,1.35321,1.12,1
26.08.2021 01:34:52.354,1.35338,1.3532,1.12,1
26.08.2021 01:34:52.560,1.3534000000000002,1.3532,2,1
26.08.2021 01:34:52.661,1.3534000000000002,1.35321,2,1
26.08.2021 01:34:52.762,1.35339,1.35322,1.12,1
26.08.2021 01:34:52.916,1.35339,1.35321,1,1
26.08.2021 01:34:53.017,1.3534000000000002,1.35321,1.5,1
26.08.2021 01:34:53.118,1.35339,1.35323,1.5,1
26.08.2021 01:34:53.448,1.35339,1.35321,1.5,1
26.08.2021 01:34:55.907,1.35339,1.35322,1.5,1
26.08.2021 01:34:57.337,1.3533700000000002,1.35321,1.12,1
26.08.2021 01:34:57.388,1.35334,1.3532,1,1
26.08.2021 01:34:57.438,1.35334,1.35318,1.12,1
26.08.2021 01:34:57.640,1.3533700000000002,1.3531900000000001,2.37,1
26.08.2021 01:34:57.741,1.3533600000000001,1.3532,1,1
26.08.2021 01:34:57.842,1.35339,1.35321,1,1
26.08.2021 01:34:57.943,1.35339,1.35322,1.62,1
26.08.2021 01:35:01.185,1.35342,1.35323,1.62,1
26.08.2021 01:35:01.386,1.35342,1.35323,1,1
26.08.2021 01:35:01.607,1.35342,1.35322,1,1
26.08.2021 01:35:01.658,1.35342,1.35325,1,1
26.08.2021 01:35:01.759,1.35342,1.3532600000000001,1,1
26.08.2021 01:35:01.860,1.35344,1.3532700000000002,1,1
26.08.2021 01:35:03.315,1.35345,1.35329,1,1
26.08.2021 01:35:03.366,1.3534700000000002,1.35328,1.62,1
26.08.2021 01:35:03.517,1.3534700000000002,1.35331,1,1
26.08.2021 01:35:03.568,1.35348,1.35332,1,1
26.08.2021 01:35:03.619,1.35348,1.3533700000000002,1.87,1
26.08.2021 01:35:03.720,1.35353,1.3533700000000002,1,1
26.08.2021 01:35:03.825,1.35353,1.35339,1,1
26.08.2021 01:35:03.926,1.35353,1.3533700000000002,2.37,1
26.08.2021 01:35:04.690,1.35354,1.3533600000000001,3.37,1
26.08.2021 01:35:05.995,1.35352,1.3533700000000002,1,1
26.08.2021 01:35:06.198,1.35352,1.3533600000000001,1,1
26.08.2021 01:35:06.299,1.35349,1.35334,1,1
26.08.2021 01:35:08.275,1.35349,1.35333,1,1
26.08.2021 01:35:08.477,1.35348,1.35333,1,1
26.08.2021 01:35:11.217,1.35348,1.35334,1,1
26.08.2021 01:35:11.318,1.3535000000000001,1.35331,1.87,1
26.08.2021 01:35:11.913,1.35348,1.35332,1,1
26.08.2021 01:35:12.270,1.35349,1.35332,1,1
26.08.2021 01:35:12.377,1.35349,1.35333,1.12,1
26.08.2021 01:35:12.478,1.35349,1.35331,1,1
26.08.2021 01:35:12.945,1.35349,1.35332,1.12,1
26.08.2021 01:35:13.131,1.35348,1.35332,1,1
26.08.2021 01:35:13.233,1.3535000000000001,1.35331,1.12,1
26.08.2021 01:35:13.334,1.35348,1.35332,1,1
26.08.2021 01:35:17.377,1.35351,1.35333,1,1
26.08.2021 01:35:17.478,1.35352,1.35333,3.37,1
26.08.2021 01:35:17.901,1.35352,1.35335,2.62,1
26.08.2021 01:35:19.445,1.35352,1.3533700000000002,1.5,1
26.08.2021 01:35:19.546,1.35353,1.35338,3.12,1
26.08.2021 01:35:21.032,1.35354,1.3533700000000002,1.5,1
26.08.2021 01:35:26.231,1.3534700000000002,1.35332,1,1.5
26.08.2021 01:35:27.569,1.35348,1.35333,1,1.5
26.08.2021 01:35:27.795,1.35348,1.35333,1,1.5
26.08.2021 01:35:27.845,1.35353,1.35338,1,1
26.08.2021 01:35:28.004,1.35354,1.3533700000000002,1,1.5
26.08.2021 01:35:28.105,1.3535700000000002,1.35339,1,1.12
26.08.2021 01:35:28.206,1.35356,1.3534000000000002,1,1.5
26.08.2021 01:35:28.307,1.3535700000000002,1.35338,1,1.5
26.08.2021 01:35:28.538,1.35355,1.3534000000000002,1,1.5
26.08.2021 01:35:28.643,1.35355,1.3534000000000002,1,1.5
26.08.2021 01:35:29.329,1.35356,1.35339,1,1.5
26.08.2021 01:35:30.067,1.35355,1.3534000000000002,1,1.5
26.08.2021 01:35:32.882,1.35356,1.35339,1,1
26.08.2021 01:35:32.987,1.35356,1.35339,1,1.5
26.08.2021 01:35:33.407,1.35354,1.3533700000000002,1,1.5
26.08.2021 01:35:33.513,1.35354,1.3533700000000002,1,1.5
26.08.2021 01:35:34.655,1.35356,1.35338,1,1.5
26.08.2021 01:35:34.857,1.35355,1.35339,1,1.5
26.08.2021 01:35:37.030,1.3535700000000002,1.35339,1,1.5
26.08.2021 01:35:37.132,1.35356,1.35339,1,1.5
26.08.2021 01:35:37.379,1.35356,1.35339,1,1.12
26.08.2021 01:35:37.481,1.35354,1.35341,1,1
26.08.2021 01:35:37.584,1.35358,1.35341,1,1.5
26.08.2021 01:35:37.686,1.35355,1.35339,1,1.62
26.08.2021 01:35:37.787,1.35354,1.35339,1,1.5
26.08.2021 01:35:37.888,1.35354,1.35339,1,1.5
26.08.2021 01:35:38.153,1.35355,1.35338,1,1.5
26.08.2021 01:35:38.254,1.35353,1.3533700000000002,1,1.62
26.08.2021 01:35:38.379,1.35354,1.3533600000000001,1,1.5
26.08.2021 01:35:39.142,1.35353,1.35334,1,3.5
26.08.2021 01:35:39.244,1.35353,1.35334,1,1.5
26.08.2021 01:35:39.567,1.35352,1.35335,1,1.5
26.08.2021 01:35:39.684,1.35351,1.35334,1,1.5
26.08.2021 01:35:39.785,1.3535000000000001,1.35335,1,1.5
26.08.2021 01:35:47.708,1.35353,1.35334,1,1.5
26.08.2021 01:35:47.886,1.35351,1.3533600000000001,1,1.5
26.08.2021 01:35:48.515,1.35352,1.35335,1,1.5
26.08.2021 01:35:52.085,1.35351,1.35334,1,1.5
26.08.2021 01:35:52.135,1.35348,1.35334,1,1
26.08.2021 01:35:52.236,1.35348,1.35333,1,1
26.08.2021 01:35:52.337,1.3534700000000002,1.35333,1,1
26.08.2021 01:35:52.438,1.35348,1.35333,1,1
26.08.2021 01:35:52.590,1.3534700000000002,1.35332,1,1.62
26.08.2021 01:35:52.696,1.3534700000000002,1.35331,1,1
26.08.2021 01:35:56.496,1.35348,1.35332,1,1.12
26.08.2021 01:36:05.455,1.35346,1.3533000000000002,1,1.5
26.08.2021 01:36:05.556,1.35343,1.35329,1,1.62
26.08.2021 01:36:05.657,1.35343,1.35329,1,1.62
26.08.2021 01:36:05.781,1.35343,1.35329,1,1.5
26.08.2021 01:36:05.911,1.35341,1.35329,1,1
26.08.2021 01:36:06.090,1.3534000000000002,1.3532600000000001,1,1
26.08.2021 01:36:06.191,1.35341,1.35325,1,1
26.08.2021 01:36:06.642,1.3534000000000002,1.35324,1,1.5
26.08.2021 01:36:06.743,1.35339,1.35322,1,1.5
26.08.2021 01:36:08.105,1.35339,1.35323,1,1.5
26.08.2021 01:36:09.839,1.35341,1.35324,1,1.5
26.08.2021 01:36:09.940,1.35341,1.3532600000000001,1,1.62
26.08.2021 01:36:10.041,1.35342,1.35325,1,2
26.08.2021 01:36:15.002,1.35344,1.3532700000000002,1,1.5
26.08.2021 01:36:17.418,1.35344,1.3532700000000002,1,1.5
26.08.2021 01:36:20.150,1.35343,1.3532600000000001,1,2.37
26.08.2021 01:36:20.251,1.35342,1.3532700000000002,1,1.5
26.08.2021 01:36:20.356,1.35343,1.3532600000000001,1,1.5
26.08.2021 01:36:20.507,1.35343,1.3532600000000001,1,1.5
26.08.2021 01:36:20.727,1.35342,1.3532700000000002,1,1.5
26.08.2021 01:36:23.468,1.3534000000000002,1.35325,1,1.5
26.08.2021 01:36:24.201,1.35341,1.35324,1,1.5
26.08.2021 01:36:26.933,1.35339,1.35324,1,1.5
26.08.2021 01:36:27.367,1.35339,1.35324,1,1.5
26.08.2021 01:36:27.572,1.35338,1.35323,1,1.5
26.08.2021 01:36:27.673,1.3533700000000002,1.3532,1,1.5
26.08.2021 01:36:27.774,1.3533600000000001,1.3531900000000001,1,1.5
26.08.2021 01:36:28.137,1.35335,1.3532,1,1.5
26.08.2021 01:36:28.188,1.3533700000000002,1.35321,1,1.5
26.08.2021 01:36:33.827,1.3533700000000002,1.35318,1,1.5
26.08.2021 01:36:34.052,1.35334,1.3531900000000001,1,1.5
26.08.2021 01:36:34.287,1.35335,1.35318,1,1.5
26.08.2021 01:36:36.868,1.3533600000000001,1.3532,1,1.5
26.08.2021 01:36:37.428,1.35335,1.3531900000000001,1,1.5
26.08.2021 01:36:38.518,1.3533600000000001,1.3532,1,1.5
26.08.2021 01:36:41.176,1.3533700000000002,1.3531900000000001,1,1.5
26.08.2021 01:36:41.227,1.3534000000000002,1.35322,1,1.12
26.08.2021 01:36:41.378,1.3534000000000002,1.35322,1,1.5
26.08.2021 01:36:41.479,1.3534000000000002,1.35322,1,1.5
26.08.2021 01:36:41.803,1.3534000000000002,1.35324,1,1.5
26.08.2021 01:36:43.139,1.35339,1.35322,1,1.5
26.08.2021 01:36:45.040,1.3534000000000002,1.35324,1,1.5
26.08.2021 01:36:45.880,1.35342,1.35325,1,1.12
26.08.2021 01:36:46.828,1.35341,1.3532600000000001,1,1.5
26.08.2021 01:36:46.985,1.35343,1.35328,1,1.12
26.08.2021 01:36:48.880,1.35342,1.3532700000000002,1,1.5
26.08.2021 01:36:50.893,1.35343,1.35328,1,1.12
26.08.2021 01:37:00.738,1.35344,1.3533000000000002,1,1
26.08.2021 01:37:01.235,1.35346,1.35332,1,1
26.08.2021 01:37:01.336,1.35348,1.35332,1,1
26.08.2021 01:37:01.487,1.35349,1.35335,1,1
26.08.2021 01:37:01.638,1.3535000000000001,1.35334,1,1.5
26.08.2021 01:37:01.843,1.35353,1.3533700000000002,1,1
26.08.2021 01:37:01.893,1.35355,1.35339,1,1
26.08.2021 01:37:02.356,1.35355,1.35339,1,1.5
26.08.2021 01:37:02.922,1.3535700000000002,1.3534000000000002,1,1.12
26.08.2021 01:37:03.354,1.3535700000000002,1.3534000000000002,1,1.5
26.08.2021 01:37:05.029,1.3535700000000002,1.3534000000000002,1,1.12
26.08.2021 01:37:05.894,1.35356,1.35341,1,1.5
26.08.2021 01:37:06.019,1.35356,1.35341,1,1.12
26.08.2021 01:37:07.890,1.35354,1.35338,1,1.12
26.08.2021 01:37:07.991,1.3535000000000001,1.3533600000000001,1,1.5
26.08.2021 01:37:08.093,1.3535000000000001,1.3533600000000001,1,1.12
26.08.2021 01:37:15.106,1.3535000000000001,1.35333,1,1.5
26.08.2021 01:37:15.601,1.35349,1.35334,1,1.12
26.08.2021 01:37:15.803,1.3535000000000001,1.35333,1,1.5
26.08.2021 01:37:19.752,1.35349,1.35334,1,1.5
26.08.2021 01:37:19.853,1.35354,1.3533700000000002,1,1
26.08.2021 01:37:20.321,1.35353,1.35338,1,1.5
26.08.2021 01:37:20.422,1.35354,1.3533700000000002,1,1.5
26.08.2021 01:37:20.821,1.35354,1.3533700000000002,1,1.5
26.08.2021 01:37:21.321,1.35355,1.35339,1,1
26.08.2021 01:37:21.587,1.35355,1.35339,1,1.5
26.08.2021 01:37:24.839,1.35356,1.3534000000000002,1,1.5
26.08.2021 01:37:24.940,1.35356,1.3534000000000002,1,1.5
26.08.2021 01:37:33.734,1.35358,1.35341,1,1.5
26.08.2021 01:37:33.785,1.3536000000000001,1.35343,1,1
26.08.2021 01:37:33.936,1.35359,1.35344,1,1.5
26.08.2021 01:37:34.039,1.3536000000000001,1.35345,1,1.5
26.08.2021 01:37:34.514,1.35362,1.35346,1,1.5
26.08.2021 01:37:34.821,1.3536299999999999,1.35345,1,1.5
26.08.2021 01:37:34.922,1.35366,1.35349,1,1.12
26.08.2021 01:37:35.030,1.35365,1.35351,1,1.12
26.08.2021 01:37:35.131,1.35366,1.3535000000000001,1,1.5
26.08.2021 01:37:35.232,1.3536700000000002,1.35349,1,1.5
26.08.2021 01:37:35.333,1.35366,1.3535000000000001,1,1.5
26.08.2021 01:37:36.633,1.3536700000000002,1.35349,1,1
26.08.2021 01:37:37.800,1.35365,1.35349,1,1
26.08.2021 01:37:38.055,1.3536299999999999,1.35349,1,1
26.08.2021 01:37:38.156,1.35362,1.35348,1,1
26.08.2021 01:37:39.768,1.35362,1.35345,1,1
26.08.2021 01:37:39.869,1.3536000000000001,1.35345,1,1
26.08.2021 01:37:40.686,1.35359,1.35344,1,1
26.08.2021 01:37:40.787,1.3535700000000002,1.35342,1,1.12
26.08.2021 01:37:43.510,1.35356,1.35341,1,1
26.08.2021 01:37:44.019,1.35355,1.3534000000000002,1,1
26.08.2021 01:38:00.047,1.35356,1.35341,1,1
26.08.2021 01:38:02.554,1.3535700000000002,1.35343,1,1
26.08.2021 01:38:15.545,1.35355,1.35341,1,1
26.08.2021 01:38:15.696,1.35352,1.35338,1,1.12
26.08.2021 01:38:27.588,1.35351,1.3533600000000001,1,1.12
26.08.2021 01:38:27.638,1.3535000000000001,1.35333,1,1
26.08.2021 01:38:29.297,1.35349,1.35332,1,1
26.08.2021 01:38:29.600,1.35345,1.3533000000000002,1,1
26.08.2021 01:38:29.707,1.35343,1.35328,1,1.62
26.08.2021 01:38:30.498,1.35344,1.3532700000000002,1,1.12
26.08.2021 01:38:49.136,1.35344,1.3533000000000002,1,1
26.08.2021 01:38:49.418,1.3534700000000002,1.3533000000000002,1,1
26.08.2021 01:38:49.468,1.35348,1.35332,1,1
26.08.2021 01:38:49.986,1.35349,1.35333,1,1
26.08.2021 01:38:52.807,1.3534700000000002,1.35332,1,1
26.08.2021 01:38:52.958,1.35345,1.35329,1,2.37
26.08.2021 01:38:53.937,1.35346,1.35328,1,1.12
26.08.2021 01:39:09.667,1.35343,1.35328,1,1.12
26.08.2021 01:39:09.818,1.35342,1.3532600000000001,1,1.62
