Gmt time,Ask,Bid,AskVolume,BidVolume
17.08.2021 00:00:00.304,1.35574,1.35559,1,1
17.08.2021 00:00:00.820,1.35576,1.3556100000000002,1,1
17.08.2021 00:00:20.713,1.35578,1.3556100000000002,1,1
17.08.2021 00:00:21.314,1.35578,1.35563,1,1
17.08.2021 00:00:26.080,1.35579,1.35564,1,1.5
17.08.2021 00:01:03.490,1.3558100000000002,1.3556700000000002,1,1
17.08.2021 00:01:16.125,1.35583,1.35569,1,1
17.08.2021 00:01:16.226,1.35588,1.35572,1.12,1
17.08.2021 00:01:16.377,1.35586,1.35573,1,1
17.08.2021 00:01:18.624,1.3559,1.35574,1,1
17.08.2021 00:01:18.674,1.35593,1.3558000000000001,1.5,1
17.08.2021 00:01:18.776,1.35594,1.3558000000000001,1,1
17.08.2021 00:01:18.927,1.35598,1.35585,1,1
17.08.2021 00:01:19.028,1.356,1.35584,1,1
17.08.2021 00:01:26.649,1.3559700000000001,1.35585,1,1
17.08.2021 00:01:30.180,1.356,1.35584,1,1
17.08.2021 00:02:10.797,1.35598,1.35584,1,1
17.08.2021 00:02:31.220,1.3560100000000002,1.35584,1,1
17.08.2021 00:02:36.066,1.3560100000000002,1.35585,1,1
17.08.2021 00:02:36.117,1.3560400000000001,1.3558700000000001,1,1
17.08.2021 00:02:36.319,1.35605,1.3559,1,1
17.08.2021 00:02:38.725,1.35603,1.35588,1,1
17.08.2021 00:02:43.077,1.35606,1.35589,1,1
17.08.2021 00:02:44.005,1.35605,1.3559200000000002,1,1
17.08.2021 00:02:44.213,1.35608,1.3559100000000002,1,1
17.08.2021 00:02:52.163,1.3561,1.35593,1,1
17.08.2021 00:02:52.410,1.35613,1.3559700000000001,1,1
17.08.2021 00:02:52.511,1.3561400000000001,1.356,1.5,1
17.08.2021 00:02:52.662,1.35615,1.3560100000000002,1,1
17.08.2021 00:02:52.712,1.35617,1.3560100000000002,1,1
17.08.2021 00:03:00.726,1.35619,1.3560200000000002,1,1
17.08.2021 00:03:01.098,1.3562,1.35605,1.5,1
17.08.2021 00:03:05.657,1.3562100000000001,1.35606,1,1
17.08.2021 00:03:05.758,1.3562400000000001,1.35607,1,1
17.08.2021 00:03:05.982,1.3562100000000001,1.35607,1,1
17.08.2021 00:03:06.032,1.35619,1.3560400000000001,1,1.5
17.08.2021 00:03:06.922,1.35619,1.3560200000000002,1,1
17.08.2021 00:03:07.022,1.35618,1.356,1,1.12
17.08.2021 00:03:07.073,1.35615,1.356,1,1
17.08.2021 00:03:07.174,1.3561100000000001,1.35599,1,1.62
17.08.2021 00:03:07.275,1.3561100000000001,1.35599,1,1.12
17.08.2021 00:03:07.426,1.35609,1.35595,1,1
17.08.2021 00:03:07.477,1.35609,1.3559200000000002,1,1.12
17.08.2021 00:03:07.628,1.35607,1.35593,1,1.5
17.08.2021 00:03:07.729,1.35607,1.3559200000000002,1,1
17.08.2021 00:03:08.564,1.35608,1.3559,1,1.2
17.08.2021 00:03:11.090,1.3561,1.3559100000000002,1,1.5
17.08.2021 00:03:11.606,1.3561,1.3559100000000002,1,1.1
17.08.2021 00:03:11.707,1.3561,1.3559200000000002,1,1
17.08.2021 00:03:17.698,1.3561100000000001,1.35593,1,1
17.08.2021 00:03:17.803,1.3561,1.3559200000000002,1,1.12
17.08.2021 00:03:17.927,1.3561,1.35593,1,1.12
17.08.2021 00:03:18.078,1.3561,1.35594,1,1
17.08.2021 00:03:18.396,1.3561100000000001,1.35594,1,1
17.08.2021 00:03:18.897,1.3561,1.35594,1,1
17.08.2021 00:03:19.839,1.3561,1.35595,1,1
17.08.2021 00:03:24.021,1.35609,1.35594,1,1
17.08.2021 00:03:24.172,1.35606,1.3559100000000002,1,1.5
17.08.2021 00:03:26.398,1.35606,1.3559,1,1
17.08.2021 00:03:28.158,1.3560400000000001,1.35588,1,2.82
17.08.2021 00:03:28.259,1.35603,1.3559100000000002,1,1
17.08.2021 00:03:28.309,1.3560400000000001,1.35586,1,3.12
17.08.2021 00:03:28.411,1.3560200000000002,1.35586,1,1.62
17.08.2021 00:03:28.800,1.3560100000000002,1.35586,1,1
17.08.2021 00:03:29.387,1.3560200000000002,1.35585,1,1.87
17.08.2021 00:03:30.689,1.356,1.3558200000000002,1,1.62
17.08.2021 00:03:30.790,1.35595,1.3558200000000002,1,1.5
17.08.2021 00:03:30.899,1.35596,1.3558000000000001,1,1
17.08.2021 00:03:31.000,1.35594,1.3558100000000002,1,1
17.08.2021 00:03:31.419,1.35595,1.3557700000000001,1,2.37
17.08.2021 00:03:31.773,1.3559200000000002,1.3557700000000001,1,1
17.08.2021 00:03:31.823,1.3559100000000002,1.35576,1,1.12
17.08.2021 00:03:32.408,1.3559100000000002,1.35574,1,2.75
17.08.2021 00:03:33.808,1.3559,1.35575,1,1.87
17.08.2021 00:03:35.897,1.35589,1.35574,1,1.12
17.08.2021 00:03:35.998,1.3558700000000001,1.35575,1,1.12
17.08.2021 00:03:36.048,1.35589,1.35574,1,1.5
17.08.2021 00:03:41.898,1.35589,1.35574,1,1
17.08.2021 00:03:42.223,1.3559200000000002,1.35575,1,1
17.08.2021 00:03:46.868,1.35593,1.35578,1,1
17.08.2021 00:03:46.969,1.35593,1.35576,1,1
17.08.2021 00:03:47.839,1.35594,1.35579,1,1.5
17.08.2021 00:03:47.990,1.35596,1.35579,1,1
17.08.2021 00:03:54.491,1.35595,1.35578,1,1
17.08.2021 00:03:58.374,1.35595,1.3558000000000001,1,1
17.08.2021 00:04:09.816,1.35594,1.3557700000000001,1,1
17.08.2021 00:04:13.325,1.3559100000000002,1.35576,1,1.57
17.08.2021 00:04:13.426,1.35588,1.35574,1,1
17.08.2021 00:04:13.580,1.35589,1.35572,1,1
17.08.2021 00:04:13.949,1.3558700000000001,1.3557000000000001,1,1.12
17.08.2021 00:04:18.072,1.35589,1.35572,1,1
17.08.2021 00:04:18.284,1.3559,1.35573,1,1
17.08.2021 00:04:18.385,1.3559200000000002,1.35575,1,1
17.08.2021 00:04:18.586,1.3559200000000002,1.3557700000000001,1,1
17.08.2021 00:04:19.115,1.35595,1.35578,1,1
17.08.2021 00:04:21.179,1.35595,1.3558000000000001,1,1
17.08.2021 00:04:21.280,1.3559700000000001,1.3558200000000002,1,1
17.08.2021 00:04:21.431,1.35606,1.35589,1,1
17.08.2021 00:04:22.024,1.35607,1.3559,1,1
17.08.2021 00:04:25.540,1.35605,1.3559,1,1
17.08.2021 00:04:25.691,1.35603,1.3558700000000001,1,1.1
17.08.2021 00:04:29.109,1.35603,1.35586,1,1
17.08.2021 00:04:29.159,1.356,1.35585,1,1.1
17.08.2021 00:04:29.439,1.3560100000000002,1.35584,1,1.1
17.08.2021 00:04:30.975,1.356,1.35583,1,1.1
17.08.2021 00:04:34.507,1.3560100000000002,1.35585,1,1
17.08.2021 00:04:36.748,1.3560200000000002,1.3558700000000001,1,1
17.08.2021 00:04:36.849,1.3560400000000001,1.3558700000000001,1,1
17.08.2021 00:04:48.857,1.35603,1.35586,1,1.12
17.08.2021 00:04:48.958,1.3560100000000002,1.35586,1,1
17.08.2021 00:04:49.009,1.356,1.35584,1,1.1
17.08.2021 00:04:49.210,1.35599,1.35583,1,1.95
17.08.2021 00:04:49.362,1.3560200000000002,1.35585,1,1
17.08.2021 00:04:50.836,1.356,1.35583,1,1
17.08.2021 00:04:50.992,1.3559700000000001,1.3558000000000001,1,1.6
17.08.2021 00:04:51.092,1.35596,1.35578,1,1
17.08.2021 00:04:51.195,1.35594,1.35578,1,1.95
17.08.2021 00:05:35.440,1.35594,1.35579,1,1
17.08.2021 00:05:35.737,1.35596,1.3558100000000002,1,1
17.08.2021 00:05:36.032,1.3559700000000001,1.3558200000000002,1,1
17.08.2021 00:05:36.133,1.356,1.35585,1,1
17.08.2021 00:05:36.284,1.3560200000000002,1.3558700000000001,1,1.5
17.08.2021 00:05:36.510,1.3560400000000001,1.35589,1,1
17.08.2021 00:05:42.442,1.35603,1.35586,1,1.6
17.08.2021 00:05:42.644,1.35605,1.35588,1,1
17.08.2021 00:05:58.344,1.3560400000000001,1.3558700000000001,1,1.12
17.08.2021 00:06:13.618,1.3560400000000001,1.35586,1,1.12
17.08.2021 00:06:20.127,1.35605,1.35588,1,1
17.08.2021 00:06:20.712,1.35605,1.3559,1,1.1
17.08.2021 00:06:20.815,1.3561100000000001,1.35594,1,1
17.08.2021 00:06:29.425,1.35609,1.35593,1,1.2
17.08.2021 00:06:30.568,1.3561,1.35595,1,1
17.08.2021 00:06:50.318,1.35608,1.35593,1,1
17.08.2021 00:06:54.633,1.3561,1.35595,1,1
17.08.2021 00:07:02.988,1.3561100000000001,1.35596,1,1
17.08.2021 00:07:03.778,1.3561100000000001,1.35594,1,1
17.08.2021 00:07:04.205,1.35609,1.3559200000000002,1,1.5
17.08.2021 00:08:11.278,1.35608,1.3559100000000002,1,1
17.08.2021 00:08:12.177,1.35605,1.3559,1,1
17.08.2021 00:08:14.346,1.35605,1.35588,1,1
17.08.2021 00:08:14.964,1.3560400000000001,1.3558700000000001,1,1
17.08.2021 00:08:32.815,1.35599,1.35583,1,2.37
17.08.2021 00:08:32.916,1.35598,1.3558100000000002,1,1
17.08.2021 00:08:33.907,1.35594,1.35579,1,1.5
17.08.2021 00:08:33.958,1.35593,1.35578,1,1.12
17.08.2021 00:08:41.084,1.3559200000000002,1.3557700000000001,1,1
17.08.2021 00:08:41.135,1.3559,1.35573,1,1.62
17.08.2021 00:08:41.185,1.3559,1.35573,1,1
17.08.2021 00:08:41.992,1.3558700000000001,1.35572,1,1
17.08.2021 00:08:42.093,1.35585,1.3557000000000001,1,2.45
17.08.2021 00:08:42.194,1.35585,1.3557000000000001,1,1.87
17.08.2021 00:08:48.033,1.35589,1.35572,1,1
17.08.2021 00:08:48.235,1.3559,1.35575,1,1
17.08.2021 00:08:48.726,1.35593,1.35576,1,1
17.08.2021 00:08:58.148,1.3559100000000002,1.35574,1,1
17.08.2021 00:09:08.573,1.35588,1.35573,1,1.12
17.08.2021 00:09:19.031,1.3558700000000001,1.35572,1,1
17.08.2021 00:09:19.132,1.35586,1.35569,1,2.32
17.08.2021 00:09:19.436,1.35586,1.35568,1,1
17.08.2021 00:09:19.537,1.35583,1.3556700000000002,1,1.72
17.08.2021 00:09:19.829,1.35584,1.35569,1,1
17.08.2021 00:09:44.155,1.35584,1.35569,1,1.97
17.08.2021 00:09:44.280,1.3558700000000001,1.35572,1,1
17.08.2021 00:09:44.744,1.35588,1.35573,1,1
17.08.2021 00:09:56.586,1.35588,1.35574,1,1
17.08.2021 00:09:56.889,1.35588,1.35573,1,1.1
17.08.2021 00:10:09.594,1.35588,1.3557000000000001,1,2.32
17.08.2021 00:10:09.695,1.35586,1.3557000000000001,1,1
17.08.2021 00:10:09.846,1.35585,1.35569,1,1.7
17.08.2021 00:10:10.275,1.35586,1.35568,1,1.12
17.08.2021 00:10:12.941,1.35583,1.35568,1,1.2
17.08.2021 00:10:16.263,1.35584,1.35569,1,1
17.08.2021 00:10:17.215,1.35584,1.35566,1,1.6
17.08.2021 00:10:19.398,1.35584,1.35566,1,1.2
17.08.2021 00:10:22.373,1.35584,1.3556700000000002,1,1.2
17.08.2021 00:10:25.456,1.35584,1.3556700000000002,1,1.22
17.08.2021 00:10:28.469,1.35584,1.35566,1,2.47
17.08.2021 00:10:36.953,1.35584,1.35566,1,1
17.08.2021 00:10:37.189,1.35583,1.35566,1,1
17.08.2021 00:10:48.144,1.35585,1.3556700000000002,1,1
17.08.2021 00:11:02.985,1.35585,1.35568,1,1
17.08.2021 00:11:03.777,1.35585,1.3557000000000001,1,1
17.08.2021 00:11:06.390,1.35586,1.3557000000000001,1,1
17.08.2021 00:11:06.491,1.35589,1.35573,1,1
17.08.2021 00:11:06.843,1.3559100000000002,1.35574,1,1
17.08.2021 00:11:11.903,1.35593,1.35576,1,1
17.08.2021 00:11:12.258,1.35594,1.3557700000000001,1,1
17.08.2021 00:11:12.599,1.35594,1.35579,1,1
17.08.2021 00:11:18.991,1.35596,1.35579,1,1
17.08.2021 00:11:24.593,1.35598,1.35583,1,1
17.08.2021 00:11:24.768,1.35599,1.35584,1,1
17.08.2021 00:11:29.969,1.3560100000000002,1.35584,1,1
17.08.2021 00:11:36.031,1.35599,1.35584,1,1
17.08.2021 00:11:36.434,1.35599,1.3558200000000002,1,1
17.08.2021 00:11:52.312,1.35603,1.35586,1.12,1
17.08.2021 00:12:03.705,1.35605,1.35588,2.25,1
17.08.2021 00:12:07.569,1.3560400000000001,1.35588,1,1
17.08.2021 00:12:07.670,1.3560200000000002,1.3558700000000001,1,1
17.08.2021 00:12:08.137,1.3560200000000002,1.35586,1,1
17.08.2021 00:12:08.251,1.3560100000000002,1.35584,1,1
17.08.2021 00:12:11.105,1.35599,1.35584,1,1
17.08.2021 00:12:16.737,1.3559700000000001,1.3558200000000002,1,1
17.08.2021 00:12:23.266,1.35594,1.3558000000000001,1,1
17.08.2021 00:12:39.234,1.35599,1.35583,1.87,1
17.08.2021 00:12:39.335,1.35599,1.35586,1,1
17.08.2021 00:12:39.487,1.3560100000000002,1.35585,1,1
17.08.2021 00:13:33.272,1.3560100000000002,1.3558700000000001,1,1
17.08.2021 00:13:33.374,1.3560400000000001,1.3558700000000001,1,1
17.08.2021 00:13:33.475,1.35605,1.3559200000000002,2,1
17.08.2021 00:13:33.576,1.3560400000000001,1.3559100000000002,1,1
17.08.2021 00:13:33.979,1.35607,1.3559100000000002,1,1
17.08.2021 00:13:34.208,1.35609,1.35593,1,1
17.08.2021 00:14:10.471,1.35609,1.35595,1,1
17.08.2021 00:14:44.893,1.3561100000000001,1.35595,1,1
17.08.2021 00:14:44.943,1.35613,1.35596,1,1
17.08.2021 00:14:45.044,1.35615,1.356,1,1
17.08.2021 00:14:45.145,1.35616,1.3560200000000002,1.5,1
17.08.2021 00:14:45.196,1.35618,1.3560200000000002,1,1
17.08.2021 00:15:13.003,1.35616,1.3560200000000002,1,1
17.08.2021 00:15:13.319,1.35618,1.3560400000000001,1,1
17.08.2021 00:15:15.905,1.35617,1.3560200000000002,1,1
17.08.2021 00:15:34.473,1.35615,1.35598,1,2.7
17.08.2021 00:15:35.026,1.3561200000000002,1.35599,1,1
17.08.2021 00:15:51.567,1.35613,1.35596,1,2.16
17.08.2021 00:15:52.756,1.35613,1.3559700000000001,1,2.29
17.08.2021 00:15:58.447,1.35616,1.35598,1,1.76
17.08.2021 00:15:58.698,1.35615,1.35599,1,1.79
17.08.2021 00:15:59.570,1.35616,1.3560100000000002,1,1.6
17.08.2021 00:15:59.621,1.3562,1.35603,1,1.1
17.08.2021 00:15:59.772,1.3562100000000001,1.35606,1.5,1.1
17.08.2021 00:15:59.873,1.3562200000000002,1.35607,1,1.1
17.08.2021 00:16:00.160,1.35625,1.35608,1,1
17.08.2021 00:16:00.653,1.35625,1.3561,1,1
17.08.2021 00:16:00.754,1.35625,1.35608,1,1.1
17.08.2021 00:16:02.191,1.35625,1.3561,1,1
17.08.2021 00:16:15.811,1.3562400000000001,1.35608,1,1.6
17.08.2021 00:16:24.849,1.35625,1.35607,1,1.1
17.08.2021 00:16:31.148,1.3562200000000002,1.35607,1,1.2
17.08.2021 00:16:33.302,1.35623,1.35608,1,1
17.08.2021 00:17:02.982,1.3562400000000001,1.35608,1,1
17.08.2021 00:17:03.089,1.35625,1.35609,1,1
17.08.2021 00:17:10.900,1.35623,1.35609,1,1
17.08.2021 00:17:27.737,1.3562200000000002,1.35609,1,1
17.08.2021 00:17:28.264,1.35623,1.35609,1,1
17.08.2021 00:17:36.986,1.3562200000000002,1.35607,1,1.1
17.08.2021 00:18:12.730,1.3562100000000001,1.35605,1,1.1
17.08.2021 00:18:12.781,1.35619,1.3560400000000001,1,1.22
17.08.2021 00:18:12.882,1.3561400000000001,1.356,1,1.72
17.08.2021 00:18:12.933,1.3561400000000001,1.35599,1,2.85
17.08.2021 00:18:13.084,1.3561400000000001,1.35598,1,1.1
17.08.2021 00:18:13.837,1.3561400000000001,1.3559700000000001,1,1.2
17.08.2021 00:18:29.818,1.3561200000000002,1.35595,1,2.47
17.08.2021 00:18:34.695,1.35613,1.35594,1,1.57
17.08.2021 00:18:35.323,1.3561,1.35595,1,1.57
17.08.2021 00:19:01.339,1.35608,1.3559200000000002,1,1.15
17.08.2021 00:19:01.440,1.35606,1.3559100000000002,1,1.97
17.08.2021 00:19:01.541,1.35605,1.3559,1,1.72
17.08.2021 00:19:01.642,1.3560400000000001,1.35588,1,1.22
17.08.2021 00:19:01.693,1.35603,1.35586,1,1.72
17.08.2021 00:19:01.844,1.35603,1.35586,1,1.72
17.08.2021 00:19:04.621,1.3560200000000002,1.3558700000000001,1,1.2
17.08.2021 00:19:16.779,1.3560200000000002,1.35586,1,1.57
17.08.2021 00:19:17.265,1.3560200000000002,1.3558700000000001,1,1
17.08.2021 00:19:19.244,1.3560400000000001,1.35586,1,1.2
17.08.2021 00:19:19.892,1.35603,1.35585,1,1.6
17.08.2021 00:19:36.942,1.3560400000000001,1.3558700000000001,1,1.5
17.08.2021 00:19:42.671,1.35603,1.35588,1,1.22
17.08.2021 00:19:42.772,1.3560400000000001,1.3558700000000001,1,1.2
17.08.2021 00:19:43.014,1.3560200000000002,1.3558700000000001,1,1.1
17.08.2021 00:19:43.869,1.35603,1.35585,1,1.6
17.08.2021 00:19:45.243,1.35603,1.35585,1,1.2
17.08.2021 00:19:49.694,1.3560100000000002,1.35585,1,1.6
17.08.2021 00:19:49.959,1.3559700000000001,1.3558200000000002,1,2.27
17.08.2021 00:19:50.060,1.35596,1.35583,1,1
17.08.2021 00:19:50.111,1.35596,1.35578,1,1.6
17.08.2021 00:19:50.212,1.35596,1.35578,1,1.57
17.08.2021 00:19:52.104,1.35594,1.3557700000000001,1,1.1
17.08.2021 00:20:00.888,1.35593,1.35578,1,1.1
17.08.2021 00:20:08.176,1.35594,1.3557700000000001,1,1.6
17.08.2021 00:20:08.264,1.35595,1.35579,1,1.12
17.08.2021 00:20:08.733,1.35593,1.35578,1,1.6
17.08.2021 00:20:09.214,1.35593,1.35578,1,1.2
17.08.2021 00:20:11.923,1.35593,1.35579,1,1
17.08.2021 00:20:29.906,1.35595,1.3558000000000001,1,1.1
17.08.2021 00:20:30.007,1.35596,1.3558100000000002,1,1.1
17.08.2021 00:20:30.174,1.35598,1.3558000000000001,1,1.1
17.08.2021 00:20:30.325,1.35599,1.3558100000000002,1,1.1
17.08.2021 00:20:31.001,1.35599,1.3558200000000002,1,1
17.08.2021 00:20:31.103,1.35598,1.35583,1,1.1
17.08.2021 00:20:31.254,1.356,1.35585,1,1
17.08.2021 00:20:32.111,1.3560100000000002,1.35585,1,1.1
17.08.2021 00:20:32.162,1.3560100000000002,1.35585,1,1.97
17.08.2021 00:20:32.263,1.35603,1.35586,1,1.1
17.08.2021 00:20:32.701,1.35603,1.35588,1,1.1
17.08.2021 00:20:34.485,1.3560400000000001,1.3558700000000001,1,1.6
17.08.2021 00:20:47.364,1.3560400000000001,1.3558700000000001,1,1.57
17.08.2021 00:20:57.234,1.3560400000000001,1.3558700000000001,1,1.6
17.08.2021 00:21:04.553,1.3560400000000001,1.3558700000000001,1,1.57
17.08.2021 00:21:18.240,1.35603,1.35586,1,1.57
17.08.2021 00:21:20.766,1.3560100000000002,1.35586,1,1.6
17.08.2021 00:21:20.877,1.3560100000000002,1.35586,1,1.2
17.08.2021 00:21:26.460,1.3560100000000002,1.35586,1,1.22
17.08.2021 00:21:27.213,1.3560100000000002,1.35588,1,1
17.08.2021 00:21:38.633,1.3560400000000001,1.3558700000000001,1,1.5
17.08.2021 00:21:40.424,1.3560400000000001,1.3558700000000001,1,1.6
17.08.2021 00:21:45.347,1.3560400000000001,1.3558700000000001,1,1.57
17.08.2021 00:22:12.110,1.35605,1.3559100000000002,1,1
17.08.2021 00:22:54.964,1.35603,1.3559100000000002,1,1
17.08.2021 00:22:55.430,1.35606,1.3559,1,1
17.08.2021 00:22:58.162,1.35606,1.35589,1,1
17.08.2021 00:22:58.212,1.3560400000000001,1.35588,1,1.12
17.08.2021 00:22:59.033,1.35603,1.35588,1,1
17.08.2021 00:24:02.372,1.356,1.35586,1,1
17.08.2021 00:24:02.423,1.35598,1.35583,1,1.1
17.08.2021 00:24:02.523,1.35596,1.3558200000000002,1,2
17.08.2021 00:24:02.574,1.35596,1.3558100000000002,1,2.32
17.08.2021 00:24:02.675,1.35595,1.3557700000000001,1,2.85
17.08.2021 00:24:02.909,1.35593,1.3557700000000001,1,2.1
17.08.2021 00:24:03.719,1.35593,1.35576,1,2.47
17.08.2021 00:24:05.724,1.35593,1.35576,1,1.57
17.08.2021 00:24:08.403,1.3559200000000002,1.35575,1,1.57
17.08.2021 00:24:30.115,1.3559200000000002,1.35575,1,1.22
17.08.2021 00:24:30.564,1.35593,1.35576,1,1.2
17.08.2021 00:24:44.127,1.3559200000000002,1.3557700000000001,1,1.6
17.08.2021 00:25:01.187,1.3559200000000002,1.3557700000000001,1,1.2
17.08.2021 00:25:02.302,1.35594,1.35579,1,1
17.08.2021 00:25:11.703,1.3559200000000002,1.3557700000000001,1,1.6
17.08.2021 00:25:11.754,1.35593,1.35576,1,1.1
17.08.2021 00:25:12.954,1.3559200000000002,1.35574,1,2.47
17.08.2021 00:25:17.465,1.3559100000000002,1.35575,1,1.1
17.08.2021 00:25:17.515,1.3559,1.35573,1,1.1
17.08.2021 00:25:17.616,1.35589,1.3557100000000002,1,1.1
17.08.2021 00:25:17.717,1.35585,1.3557000000000001,1,1.97
17.08.2021 00:25:17.818,1.35586,1.35569,1,1.95
17.08.2021 00:25:28.948,1.35584,1.35569,1,1.1
17.08.2021 00:25:29.049,1.35584,1.35569,1,1.1
17.08.2021 00:25:41.021,1.35585,1.3557000000000001,1,1.1
17.08.2021 00:25:48.290,1.35588,1.3557100000000002,1,1
17.08.2021 00:25:48.391,1.3559,1.35573,1,1
17.08.2021 00:25:48.844,1.3559,1.35575,1,1
17.08.2021 00:26:12.073,1.3559200000000002,1.35576,1,1
17.08.2021 00:26:48.474,1.3559100000000002,1.35574,1,1
17.08.2021 00:26:53.332,1.3559200000000002,1.35576,1,1
17.08.2021 00:26:59.390,1.35593,1.35579,1,1
17.08.2021 00:26:59.491,1.35596,1.3558200000000002,1.12,1
17.08.2021 00:26:59.914,1.35598,1.3558200000000002,1.5,1
17.08.2021 00:27:03.867,1.356,1.35584,1,1
17.08.2021 00:27:19.306,1.356,1.35586,1,1
17.08.2021 00:27:27.543,1.35605,1.35589,1,1
17.08.2021 00:27:27.644,1.35608,1.35593,1.87,1
17.08.2021 00:27:27.896,1.35609,1.35593,1,1
17.08.2021 00:27:28.827,1.3561,1.35594,1.12,1
17.08.2021 00:27:33.325,1.3561100000000001,1.3559700000000001,1.12,1
17.08.2021 00:27:33.627,1.3561200000000002,1.35598,1,1
17.08.2021 00:27:34.419,1.3561400000000001,1.356,1.12,1
17.08.2021 00:27:36.762,1.35616,1.356,1,1
17.08.2021 00:27:40.061,1.35619,1.3560200000000002,1.12,1
17.08.2021 00:27:43.122,1.3562100000000001,1.3560400000000001,3.37,1
17.08.2021 00:27:44.126,1.3562100000000001,1.3560400000000001,1.62,1
17.08.2021 00:27:47.249,1.35618,1.35603,1,1
17.08.2021 00:27:47.300,1.35616,1.35599,1,1
17.08.2021 00:27:47.401,1.3561400000000001,1.35599,1,1
17.08.2021 00:27:47.739,1.35613,1.35598,1,1
17.08.2021 00:27:47.840,1.3561200000000002,1.3559700000000001,1,1
17.08.2021 00:27:47.890,1.3561100000000001,1.35595,1,1
17.08.2021 00:27:56.037,1.3561400000000001,1.35596,1.5,1
17.08.2021 00:28:00.505,1.3561200000000002,1.35596,1,1
17.08.2021 00:28:00.659,1.3561200000000002,1.3559700000000001,1,1
17.08.2021 00:28:06.133,1.3561200000000002,1.35596,1,1
17.08.2021 00:28:06.285,1.3561100000000001,1.35595,1,1
17.08.2021 00:28:06.386,1.3561,1.35593,1,1
17.08.2021 00:28:46.894,1.35608,1.3559100000000002,1,1
17.08.2021 00:29:05.921,1.35606,1.3559,1,1
17.08.2021 00:30:00.612,1.35607,1.3559100000000002,1,1
17.08.2021 00:31:13.234,1.35608,1.35594,1,1
17.08.2021 00:31:39.673,1.3561,1.35596,1.12,1
17.08.2021 00:31:39.976,1.3561100000000001,1.3559700000000001,1,1
17.08.2021 00:32:05.233,1.35613,1.35599,1,1
17.08.2021 00:32:05.334,1.35615,1.356,1.12,1
17.08.2021 00:32:05.787,1.35618,1.3560100000000002,1,1
17.08.2021 00:32:48.214,1.3562100000000001,1.3560400000000001,1,1
17.08.2021 00:32:54.520,1.3562200000000002,1.35606,1,1
17.08.2021 00:33:38.739,1.3562200000000002,1.35608,1,1
17.08.2021 00:33:58.864,1.3562200000000002,1.35607,1.12,1
17.08.2021 00:34:17.766,1.3562100000000001,1.35605,1,1
17.08.2021 00:35:01.231,1.3562200000000002,1.35607,1.62,1
17.08.2021 00:35:02.695,1.3562200000000002,1.35607,1.12,1
17.08.2021 00:35:19.975,1.35623,1.35606,2.75,1
17.08.2021 00:35:20.025,1.3562,1.35605,1,1
17.08.2021 00:35:20.297,1.3562,1.35603,1,1
17.08.2021 00:35:21.187,1.35619,1.3560200000000002,1,1
17.08.2021 00:35:23.239,1.35616,1.3560200000000002,1,1
17.08.2021 00:35:49.002,1.35618,1.3560200000000002,1,1
17.08.2021 00:35:53.719,1.35617,1.3560100000000002,1,1
17.08.2021 00:35:57.743,1.35618,1.3560200000000002,1,1
17.08.2021 00:36:31.736,1.35617,1.3560100000000002,1,1
17.08.2021 00:36:33.719,1.3561400000000001,1.356,1,1
17.08.2021 00:36:36.761,1.3561400000000001,1.35598,1,1
17.08.2021 00:36:47.425,1.3561400000000001,1.356,1,1
17.08.2021 00:37:11.151,1.35616,1.356,1,1
17.08.2021 00:37:11.596,1.35617,1.35603,1,1
17.08.2021 00:37:12.078,1.35619,1.35605,1,1
17.08.2021 00:37:12.321,1.3562100000000001,1.35605,1,1
17.08.2021 00:37:12.536,1.35623,1.35607,1,1
17.08.2021 00:37:13.409,1.3562400000000001,1.35608,1,1
17.08.2021 00:37:15.839,1.35626,1.3561100000000001,1,1
17.08.2021 00:37:15.940,1.35629,1.3561200000000002,2.06,1
17.08.2021 00:37:16.149,1.35629,1.3561400000000001,3.37,1
17.08.2021 00:37:16.359,1.35629,1.3561400000000001,1.12,1
17.08.2021 00:37:16.681,1.3563100000000001,1.35616,3.39,1
17.08.2021 00:37:21.942,1.3563100000000001,1.35616,1.31,1
17.08.2021 00:37:43.434,1.35634,1.35619,3.62,1
17.08.2021 00:37:47.351,1.35634,1.35619,1.12,1
17.08.2021 00:38:00.101,1.3563100000000001,1.35615,1,1
17.08.2021 00:38:13.059,1.3563100000000001,1.35617,1,1
17.08.2021 00:38:50.505,1.35633,1.35619,1,1
17.08.2021 00:38:50.606,1.3563500000000002,1.35619,1,1
17.08.2021 00:38:50.707,1.35638,1.3562200000000002,1.62,1
17.08.2021 00:38:50.808,1.35638,1.3562200000000002,1,1
17.08.2021 00:39:15.659,1.35636,1.3562,1.5,1
17.08.2021 00:39:15.760,1.35627,1.3561,1.5,2.37
17.08.2021 00:39:15.861,1.3562,1.35605,1,1
17.08.2021 00:39:15.912,1.3562200000000002,1.35605,1,1
17.08.2021 00:39:16.063,1.3562100000000001,1.35603,1,3.6
17.08.2021 00:39:16.227,1.3562100000000001,1.3560200000000002,1,4.35
17.08.2021 00:39:17.243,1.35618,1.3560100000000002,1,2.1
17.08.2021 00:39:17.293,1.35618,1.3560100000000002,1,1.6
17.08.2021 00:39:17.744,1.35617,1.3560100000000002,1,1.6
17.08.2021 00:39:18.178,1.35616,1.3560100000000002,1,1.6
17.08.2021 00:39:18.901,1.35617,1.356,1,1.2
17.08.2021 00:39:22.254,1.35617,1.356,1,2.1
17.08.2021 00:39:24.422,1.35617,1.356,1,1.39
17.08.2021 00:39:25.718,1.35618,1.356,1,1.39
17.08.2021 00:39:25.819,1.35618,1.35603,1,1.25
17.08.2021 00:39:25.970,1.3562100000000001,1.3560200000000002,1,2.72
17.08.2021 00:39:26.901,1.3562100000000001,1.3560200000000002,1,2.85
17.08.2021 00:39:27.719,1.3562100000000001,1.35605,1,1.25
17.08.2021 00:39:27.770,1.3562200000000002,1.35607,1,1.31
17.08.2021 00:39:27.923,1.3562200000000002,1.35608,1,1.25
17.08.2021 00:39:28.024,1.3562200000000002,1.35607,1,1.31
17.08.2021 00:39:29.740,1.35623,1.35606,1,1.75
17.08.2021 00:39:34.938,1.3562200000000002,1.35607,1,1
17.08.2021 00:39:37.823,1.3562200000000002,1.35607,1,1.81
17.08.2021 00:39:37.960,1.35623,1.35609,1,1
17.08.2021 00:39:45.242,1.35623,1.35606,1,1.12
17.08.2021 00:39:51.675,1.3562200000000002,1.35606,1,2.1
17.08.2021 00:39:51.725,1.35623,1.35609,1,1
17.08.2021 00:39:51.932,1.3562200000000002,1.35608,1,1.1
17.08.2021 00:39:52.171,1.35625,1.35607,1,1.1
17.08.2021 00:39:52.977,1.35625,1.35608,1,1.25
17.08.2021 00:39:56.475,1.35625,1.35607,1,2.51
17.08.2021 00:39:56.576,1.35625,1.35608,1,1.25
17.08.2021 00:39:57.851,1.35625,1.35609,1,1.25
17.08.2021 00:40:00.012,1.35625,1.35608,1,4.04
17.08.2021 00:40:00.252,1.35625,1.35609,1,1.85
17.08.2021 00:40:02.765,1.35628,1.3561,1,2.26
17.08.2021 00:40:06.828,1.35627,1.3561,1,1.91
17.08.2021 00:40:06.960,1.35629,1.35609,1,2.26
17.08.2021 00:40:07.151,1.35627,1.35609,1,3.97
17.08.2021 00:40:09.376,1.35625,1.35609,1,2.85
17.08.2021 00:40:09.661,1.3562400000000001,1.35608,1,2.7
17.08.2021 00:40:09.712,1.35623,1.35606,1,1.72
17.08.2021 00:40:09.863,1.35623,1.35605,1,1.2
17.08.2021 00:40:10.769,1.3562100000000001,1.35606,1,1.12
17.08.2021 00:40:14.441,1.3562100000000001,1.35603,1,2.1
17.08.2021 00:40:14.491,1.3562,1.3560200000000002,1,1.6
17.08.2021 00:40:14.592,1.3562100000000001,1.3560400000000001,1,1
17.08.2021 00:40:14.694,1.3562,1.35606,1,1
17.08.2021 00:40:14.846,1.3562200000000002,1.35608,1.12,1
17.08.2021 00:40:15.167,1.3562400000000001,1.35608,1.5,1
17.08.2021 00:40:15.501,1.3562400000000001,1.35608,1,1
17.08.2021 00:41:05.828,1.35625,1.3561100000000001,1,1
17.08.2021 00:41:07.511,1.35628,1.3561100000000001,1.12,1
17.08.2021 00:41:21.699,1.35629,1.3561400000000001,2.75,1
17.08.2021 00:41:21.851,1.3563,1.3561400000000001,1.5,1
17.08.2021 00:41:22.463,1.3563,1.35615,2.37,1
17.08.2021 00:41:33.068,1.3563100000000001,1.3561400000000001,2,1
17.08.2021 00:41:40.759,1.3563,1.35615,1.62,1
17.08.2021 00:41:41.759,1.3563100000000001,1.3561400000000001,1.12,1
17.08.2021 00:41:45.516,1.3563200000000002,1.35615,1.5,1
17.08.2021 00:41:45.567,1.35634,1.35617,2.37,1
17.08.2021 00:41:45.668,1.35633,1.3562,1,1
17.08.2021 00:41:45.769,1.3563500000000002,1.35619,1.5,1
17.08.2021 00:41:45.820,1.35634,1.35617,1.12,1
17.08.2021 00:41:46.725,1.35634,1.35617,1.62,1
17.08.2021 00:41:48.768,1.35633,1.35618,1.5,1
17.08.2021 00:41:50.135,1.35633,1.35618,1.62,1
17.08.2021 00:41:52.136,1.35633,1.35618,2,1
17.08.2021 00:42:01.712,1.3563200000000002,1.35618,1,1
17.08.2021 00:42:07.755,1.3563200000000002,1.35618,1,1
17.08.2021 00:42:07.896,1.3563100000000001,1.35616,1.12,1
17.08.2021 00:42:07.997,1.3563,1.35615,1,1
17.08.2021 00:42:08.296,1.3563,1.35615,1.62,1
17.08.2021 00:42:09.296,1.3563100000000001,1.3561400000000001,1.62,1
17.08.2021 00:42:21.035,1.35629,1.3561400000000001,1.62,1
17.08.2021 00:42:32.731,1.3563,1.35613,1.5,1
17.08.2021 00:42:32.781,1.35628,1.3561100000000001,1.12,1
17.08.2021 00:42:33.767,1.35628,1.3561100000000001,1.5,1
17.08.2021 00:43:23.803,1.35629,1.3561400000000001,3.5,1
17.08.2021 00:43:24.216,1.3563100000000001,1.3561400000000001,3.5,1
17.08.2021 00:43:24.371,1.3563100000000001,1.35616,1.5,1
17.08.2021 00:43:25.019,1.3563100000000001,1.35617,1,1
17.08.2021 00:43:25.254,1.35633,1.35616,2.37,1
17.08.2021 00:43:26.019,1.3563200000000002,1.35617,1.5,1
17.08.2021 00:43:26.620,1.3563500000000002,1.35618,1.62,1
17.08.2021 00:43:26.735,1.3563500000000002,1.35618,2.62,1
17.08.2021 00:43:35.115,1.35636,1.35619,1,1
17.08.2021 00:43:36.838,1.35636,1.3562100000000001,1,1
17.08.2021 00:44:29.793,1.35636,1.35619,3.12,1
17.08.2021 00:44:29.894,1.3563200000000002,1.35617,1,1
17.08.2021 00:44:30.348,1.35633,1.35616,2,1
17.08.2021 00:44:30.898,1.3563100000000001,1.35615,1,1
17.08.2021 00:44:48.227,1.3563200000000002,1.35616,1.5,1
17.08.2021 00:44:49.188,1.35633,1.35619,1,1
17.08.2021 00:44:49.582,1.3563500000000002,1.35619,1.12,1
17.08.2021 00:44:49.734,1.35636,1.3562200000000002,1,1
17.08.2021 00:44:50.283,1.35638,1.3562200000000002,1,1
17.08.2021 00:45:14.065,1.35639,1.3562400000000001,1,1.62
17.08.2021 00:45:14.166,1.3564200000000002,1.35627,1.12,1
17.08.2021 00:45:14.517,1.35644,1.35628,1.62,1
17.08.2021 00:45:14.932,1.35643,1.35629,1.12,1
17.08.2021 00:45:32.247,1.35644,1.35628,1.5,1
17.08.2021 00:45:33.969,1.35644,1.35628,1.12,1
17.08.2021 00:45:35.305,1.35644,1.3563,1.5,1
17.08.2021 00:45:35.451,1.35644,1.35628,1.12,1
17.08.2021 00:45:35.553,1.3564200000000002,1.35628,1,1
17.08.2021 00:45:39.559,1.35643,1.35627,1.5,1.12
17.08.2021 00:45:40.125,1.3564500000000002,1.3563,2,1
17.08.2021 00:45:40.176,1.3564500000000002,1.3563100000000001,2,1
17.08.2021 00:45:40.437,1.3564500000000002,1.3563100000000001,1.87,1
17.08.2021 00:45:40.538,1.3564500000000002,1.3563,1.12,1
17.08.2021 00:45:40.689,1.3564500000000002,1.35629,1.12,1
17.08.2021 00:45:40.969,1.35646,1.3563100000000001,1.62,1
17.08.2021 00:45:48.597,1.3564500000000002,1.3563100000000001,1.5,1
17.08.2021 00:45:49.002,1.35646,1.3563,1,1
17.08.2021 00:45:55.012,1.35646,1.3563100000000001,1.12,1
17.08.2021 00:45:55.119,1.3564500000000002,1.3563100000000001,1,1
17.08.2021 00:46:02.592,1.35648,1.3563,1.5,1
17.08.2021 00:46:09.311,1.35646,1.3563100000000001,1,1
17.08.2021 00:46:15.088,1.35647,1.3563,1,1
17.08.2021 00:46:18.470,1.35647,1.3563100000000001,1.7,1
17.08.2021 00:46:18.571,1.35644,1.35627,1.1,1
17.08.2021 00:46:18.673,1.35643,1.35627,2.1,1
17.08.2021 00:46:18.723,1.3564,1.35627,1,1
17.08.2021 00:46:22.452,1.3564100000000001,1.35626,1,1
17.08.2021 00:46:22.777,1.3564100000000001,1.35628,1,1
17.08.2021 00:46:23.162,1.35643,1.3563,1.7,1
17.08.2021 00:46:23.364,1.35643,1.3563,1.7,1
17.08.2021 00:46:25.305,1.35644,1.35629,1,1
17.08.2021 00:46:25.406,1.35643,1.3563,1,1
17.08.2021 00:46:25.557,1.3564500000000002,1.3563,1.5,1
17.08.2021 00:46:27.172,1.35646,1.3563,1,1
17.08.2021 00:46:28.630,1.35647,1.3563,1.5,1
17.08.2021 00:46:29.482,1.35646,1.3563100000000001,1.12,1
17.08.2021 00:46:29.712,1.35646,1.3563,1.57,1
17.08.2021 00:46:29.762,1.35644,1.3563,1,1
17.08.2021 00:46:29.863,1.3564100000000001,1.35628,1,1
17.08.2021 00:46:30.065,1.3564100000000001,1.35628,1.5,1
17.08.2021 00:46:35.902,1.3564200000000002,1.35628,1.5,1
17.08.2021 00:46:41.220,1.35643,1.35628,1.2,1
17.08.2021 00:46:41.321,1.35644,1.35628,1.12,1
17.08.2021 00:46:41.541,1.35644,1.3563,3.2,1
17.08.2021 00:46:42.597,1.35643,1.35629,1,1
17.08.2021 00:46:42.698,1.35644,1.3563,1.6,1
17.08.2021 00:46:42.964,1.35644,1.35629,1.5,1
17.08.2021 00:46:43.344,1.35643,1.35628,1,1
17.08.2021 00:46:45.849,1.35644,1.35628,1.57,1
17.08.2021 00:46:45.992,1.35643,1.3563,1.1,1
17.08.2021 00:46:46.093,1.35644,1.3563,2.7,1
17.08.2021 00:46:47.178,1.3564200000000002,1.3563,1,1
17.08.2021 00:46:47.304,1.35643,1.35629,1.1,1
17.08.2021 00:46:47.606,1.35644,1.35629,1.2,1
17.08.2021 00:46:47.942,1.3564200000000002,1.35629,1,1
17.08.2021 00:46:48.249,1.3564200000000002,1.35629,1.5,1
17.08.2021 00:46:50.805,1.35644,1.35628,2.25,1
17.08.2021 00:46:50.906,1.35646,1.35636,1.5,1
17.08.2021 00:46:51.007,1.35648,1.35636,1.6,1
17.08.2021 00:46:51.208,1.35647,1.3563500000000002,1.5,1
17.08.2021 00:46:51.309,1.35647,1.35636,1.5,1
17.08.2021 00:46:51.411,1.35648,1.35634,1.5,1
17.08.2021 00:46:51.612,1.35648,1.3563500000000002,1.5,1
17.08.2021 00:46:51.663,1.35649,1.3563200000000002,1.5,1
17.08.2021 00:46:51.764,1.35647,1.35633,1.22,1
17.08.2021 00:46:51.815,1.35647,1.3563,1.1,1
17.08.2021 00:46:51.916,1.35647,1.3563200000000002,1.1,1
17.08.2021 00:46:52.017,1.35646,1.3563200000000002,1,1
17.08.2021 00:46:52.068,1.3564500000000002,1.3563100000000001,1,1
17.08.2021 00:46:59.454,1.3564500000000002,1.3563,1,1
17.08.2021 00:46:59.555,1.35644,1.3563,1,1
17.08.2021 00:47:08.987,1.3564500000000002,1.3563200000000002,2,1
17.08.2021 00:47:09.138,1.3564500000000002,1.3563200000000002,1,1
17.08.2021 00:47:15.047,1.35646,1.3563200000000002,1.31,1
17.08.2021 00:47:18.930,1.35646,1.3563100000000001,1,1
17.08.2021 00:47:20.218,1.35646,1.3563200000000002,1.12,1
17.08.2021 00:47:20.319,1.3564500000000002,1.3563200000000002,1.12,1
17.08.2021 00:47:26.902,1.35644,1.3563100000000001,1.25,1
17.08.2021 00:47:27.003,1.3564,1.3563,1,1
17.08.2021 00:47:27.104,1.3564100000000001,1.35628,1,1
17.08.2021 00:47:31.734,1.3564,1.3563,1,1
17.08.2021 00:47:34.060,1.3564,1.35628,1,1
17.08.2021 00:47:34.161,1.3564,1.35627,1,1
17.08.2021 00:47:34.630,1.3564,1.35625,1.1,1
17.08.2021 00:47:34.731,1.3564,1.3562200000000002,1,1
17.08.2021 00:47:38.524,1.35639,1.3562200000000002,1.2,1
17.08.2021 00:47:39.013,1.35638,1.3562100000000001,1,1
17.08.2021 00:47:40.112,1.35637,1.3562100000000001,1.12,1
17.08.2021 00:47:40.213,1.35636,1.3562100000000001,4.97,1
17.08.2021 00:47:42.504,1.35634,1.35618,1,1
17.08.2021 00:47:42.769,1.3563500000000002,1.3562,1,1
17.08.2021 00:47:52.943,1.35634,1.35617,1,1
17.08.2021 00:47:53.044,1.3563200000000002,1.35617,1,1
17.08.2021 00:47:54.991,1.35633,1.35616,1.5,1
17.08.2021 00:48:01.012,1.35633,1.35616,1.12,1
17.08.2021 00:48:05.032,1.3563200000000002,1.35617,1.5,1
17.08.2021 00:48:06.032,1.35633,1.35616,1.12,1
17.08.2021 00:48:13.056,1.3563200000000002,1.35617,1.5,1
17.08.2021 00:48:14.417,1.35633,1.35616,1,1
17.08.2021 00:48:14.518,1.35634,1.35617,1,1
17.08.2021 00:48:15.378,1.3563500000000002,1.35617,1,1
17.08.2021 00:48:37.031,1.35636,1.35617,1,1
17.08.2021 00:48:37.132,1.35636,1.35618,1.12,1
17.08.2021 00:48:38.161,1.35636,1.35617,1,1
17.08.2021 00:48:38.263,1.3563500000000002,1.35617,1,1
17.08.2021 00:48:43.547,1.35636,1.35619,1.12,1
17.08.2021 00:48:44.056,1.35638,1.3562,1.5,1
17.08.2021 00:48:44.157,1.35638,1.3562,1,1
17.08.2021 00:48:44.479,1.35637,1.3562200000000002,1,1
17.08.2021 00:48:44.605,1.3563500000000002,1.3562100000000001,1,1
17.08.2021 00:49:12.897,1.35634,1.3562,1,1
17.08.2021 00:49:17.694,1.35633,1.35617,1,1
17.08.2021 00:49:51.596,1.3563,1.3561400000000001,1,1
17.08.2021 00:49:51.697,1.35627,1.35613,1,1.5
17.08.2021 00:49:51.747,1.35626,1.3561200000000002,1,1
17.08.2021 00:50:45.820,1.3562400000000001,1.3561,1,1
17.08.2021 00:51:15.348,1.35625,1.35608,1.5,1
17.08.2021 00:51:15.449,1.3562200000000002,1.35606,1,1
17.08.2021 00:51:21.702,1.35618,1.3560400000000001,1,1.12
17.08.2021 00:51:30.830,1.3562,1.35606,1,1
17.08.2021 00:51:30.931,1.35623,1.3561100000000001,1,1.5
17.08.2021 00:51:30.982,1.35627,1.35613,1.5,1
17.08.2021 00:51:31.107,1.35629,1.35613,1,1
17.08.2021 00:51:31.158,1.35629,1.35613,1,1.5
17.08.2021 00:51:31.208,1.3563100000000001,1.35615,1.12,1.12
17.08.2021 00:51:31.309,1.3563200000000002,1.35616,1.5,1
17.08.2021 00:51:31.735,1.3563200000000002,1.35616,1,1
17.08.2021 00:51:31.786,1.35634,1.35618,1,1
17.08.2021 00:52:08.463,1.3563500000000002,1.35619,1,1
17.08.2021 00:52:08.564,1.35636,1.35619,1,1
17.08.2021 00:52:34.312,1.3563500000000002,1.3562100000000001,1,1
17.08.2021 00:52:34.803,1.35638,1.3562200000000002,1,1
17.08.2021 00:52:35.109,1.35638,1.3562400000000001,1,1
17.08.2021 00:52:35.653,1.35639,1.35625,1.12,1
17.08.2021 00:53:55.710,1.3564,1.35626,1.5,1
17.08.2021 00:53:55.956,1.3564,1.35628,1,1
17.08.2021 00:54:14.805,1.3564200000000002,1.35627,1,1
17.08.2021 00:54:15.167,1.3564100000000001,1.35627,1,1
17.08.2021 00:54:33.207,1.35643,1.35627,1.12,1
17.08.2021 00:54:40.749,1.3564,1.35628,1,1
17.08.2021 00:54:44.237,1.3564,1.35626,1.5,1
17.08.2021 00:54:50.196,1.35643,1.35629,1,1
17.08.2021 00:54:50.721,1.3564500000000002,1.35629,1,1
17.08.2021 00:54:50.822,1.3564500000000002,1.3563100000000001,1,1
17.08.2021 00:54:50.923,1.35647,1.3563100000000001,1,1
17.08.2021 00:54:51.074,1.35648,1.3563100000000001,1,1
17.08.2021 00:54:51.124,1.35649,1.35633,1,1
17.08.2021 00:54:59.531,1.35649,1.3563100000000001,1,1
17.08.2021 00:54:59.632,1.3564500000000002,1.3563100000000001,1,1
17.08.2021 00:55:00.142,1.35646,1.35629,1,1
17.08.2021 00:55:04.963,1.3565,1.35633,1,1
17.08.2021 00:55:05.064,1.35651,1.35633,1,1
17.08.2021 00:55:07.737,1.3565200000000002,1.35633,1,1
17.08.2021 00:55:12.248,1.3565200000000002,1.35637,1,1
17.08.2021 00:55:12.501,1.35653,1.3563500000000002,1,1
17.08.2021 00:55:16.989,1.35653,1.3563500000000002,1.5,1
17.08.2021 00:55:28.355,1.35653,1.3563500000000002,1.12,1
17.08.2021 00:55:28.456,1.35654,1.35636,2,1
17.08.2021 00:55:29.845,1.35653,1.35637,1.5,1
17.08.2021 00:55:32.410,1.35654,1.35638,1,1
17.08.2021 00:55:32.511,1.3565500000000001,1.35639,1.5,1
17.08.2021 00:55:32.612,1.3565500000000001,1.3564,1,1
17.08.2021 00:55:32.713,1.35654,1.35639,1,1
17.08.2021 00:55:32.764,1.35658,1.35639,1.12,1
17.08.2021 00:55:32.867,1.35658,1.35639,1.5,1
17.08.2021 00:55:33.564,1.3565600000000002,1.35638,1.12,1
17.08.2021 00:55:33.665,1.3565600000000002,1.3564,1.5,1
17.08.2021 00:55:35.038,1.3565500000000001,1.35637,1,1
17.08.2021 00:55:35.140,1.35657,1.35638,1.5,1
17.08.2021 00:55:35.905,1.35654,1.35638,1,1
17.08.2021 00:55:36.194,1.3565500000000001,1.3564,1.5,1
17.08.2021 00:55:36.244,1.3565600000000002,1.35637,1.5,1
17.08.2021 00:55:36.845,1.3565500000000001,1.35637,1.62,1
17.08.2021 00:55:37.117,1.3565500000000001,1.35637,1.7,1
17.08.2021 00:55:37.363,1.3565200000000002,1.35637,1.12,1
17.08.2021 00:55:38.525,1.3565200000000002,1.3563500000000002,1.12,1
17.08.2021 00:55:39.258,1.35653,1.35634,1.5,1
17.08.2021 00:55:39.796,1.3565,1.35634,1.12,1
17.08.2021 00:55:43.165,1.35653,1.35634,1.62,1
17.08.2021 00:55:44.848,1.3565200000000002,1.3563500000000002,1.62,1
17.08.2021 00:55:49.220,1.35653,1.3563500000000002,1,1
17.08.2021 00:55:49.270,1.35653,1.35637,1,1
17.08.2021 00:55:53.774,1.3565500000000001,1.35636,1,1
17.08.2021 00:55:53.926,1.35654,1.35637,1,1
17.08.2021 00:55:59.816,1.3565500000000001,1.35638,1,1
17.08.2021 00:55:59.917,1.35654,1.35639,1,1
17.08.2021 00:56:00.605,1.35657,1.3564,1.62,1
17.08.2021 00:56:00.706,1.35657,1.3564,1.62,1
17.08.2021 00:56:00.908,1.35658,1.35639,1.62,1
17.08.2021 00:56:01.009,1.35658,1.3564100000000001,1,1
17.08.2021 00:56:01.993,1.35658,1.3564200000000002,1.12,1
17.08.2021 00:56:02.920,1.35659,1.35643,1.5,1
17.08.2021 00:56:03.021,1.3566,1.3564200000000002,1.12,1
17.08.2021 00:56:28.401,1.35661,1.3564200000000002,1,1
17.08.2021 00:56:28.502,1.35661,1.35646,1,1
17.08.2021 00:56:42.696,1.35663,1.35643,1.2,1
17.08.2021 00:56:46.269,1.3566200000000002,1.35643,1,1
17.08.2021 00:56:48.581,1.35659,1.35643,1,1
17.08.2021 00:56:48.682,1.35658,1.3564100000000001,1,1
17.08.2021 00:56:53.620,1.35659,1.3564200000000002,1,1
17.08.2021 00:56:56.007,1.3566,1.3564200000000002,1,1
17.08.2021 00:57:01.973,1.35661,1.3564200000000002,1,1
17.08.2021 00:57:16.390,1.35658,1.3564100000000001,2.62,1
17.08.2021 00:57:16.491,1.35657,1.35639,1,1.5
17.08.2021 00:57:18.394,1.3565600000000002,1.3564,1.5,1
17.08.2021 00:57:18.616,1.35657,1.35639,1,1
17.08.2021 00:57:18.717,1.3565600000000002,1.35639,1,1
17.08.2021 00:57:20.181,1.35657,1.35639,1.12,1
17.08.2021 00:57:22.826,1.3565600000000002,1.35637,1,1
17.08.2021 00:57:30.134,1.3565500000000001,1.3564,1,1
17.08.2021 00:58:02.616,1.3565600000000002,1.3564100000000001,1,1
17.08.2021 00:58:09.235,1.35658,1.3564200000000002,1,1
17.08.2021 00:58:22.883,1.35659,1.3564200000000002,1,1
17.08.2021 00:58:37.980,1.35658,1.3564100000000001,1,1
17.08.2021 00:58:45.603,1.3565500000000001,1.35638,1,1
17.08.2021 00:59:00.478,1.3565600000000002,1.35637,1,1
17.08.2021 00:59:09.514,1.3565500000000001,1.35637,1,1
17.08.2021 00:59:11.345,1.3565,1.35637,1,1
17.08.2021 00:59:12.218,1.3565,1.3563500000000002,1,1
17.08.2021 00:59:12.977,1.35649,1.3563500000000002,1,1
17.08.2021 00:59:13.028,1.35648,1.35634,1,1
17.08.2021 00:59:13.179,1.35643,1.3563100000000001,1,1.62
17.08.2021 00:59:13.280,1.35643,1.3563100000000001,1,1.12
17.08.2021 00:59:13.431,1.35646,1.3563,1,1
17.08.2021 00:59:40.572,1.3564500000000002,1.35629,1,1
17.08.2021 00:59:40.929,1.35646,1.3563100000000001,1.5,1
17.08.2021 00:59:41.370,1.35648,1.3563,1,1
17.08.2021 00:59:42.759,1.3564500000000002,1.3563,1,1
17.08.2021 00:59:42.860,1.35648,1.3563100000000001,1,1
17.08.2021 00:59:43.528,1.3564500000000002,1.35629,1,1
17.08.2021 00:59:45.672,1.35646,1.3563100000000001,1,1
17.08.2021 00:59:51.807,1.35649,1.3563,1.5,1
17.08.2021 00:59:52.120,1.35649,1.3563100000000001,1,1
17.08.2021 00:59:53.267,1.3565,1.3563200000000002,1.5,1
17.08.2021 00:59:54.048,1.35649,1.3563100000000001,1,1
17.08.2021 00:59:54.857,1.35649,1.35633,1.57,1
17.08.2021 00:59:57.403,1.35651,1.3563200000000002,1.5,1
17.08.2021 00:59:57.504,1.35653,1.3563200000000002,1.12,1
17.08.2021 00:59:57.660,1.3565200000000002,1.35636,1.12,1
17.08.2021 00:59:57.811,1.35654,1.35637,2,1
17.08.2021 00:59:57.962,1.35653,1.35638,1.5,1
17.08.2021 00:59:58.063,1.3565500000000001,1.35637,1.5,1
17.08.2021 00:59:58.165,1.35657,1.35637,1.6,1
17.08.2021 00:59:58.377,1.35657,1.35639,1.85,1
17.08.2021 00:59:58.682,1.35654,1.35638,1.57,1
17.08.2021 00:59:58.783,1.35649,1.35637,1,1
17.08.2021 00:59:58.900,1.3565,1.3563500000000002,1,1
17.08.2021 01:00:00.168,1.35653,1.3563500000000002,1.12,1
17.08.2021 01:00:00.269,1.35651,1.35633,1,1
17.08.2021 01:00:00.571,1.3565,1.35633,1.1,1
17.08.2021 01:00:00.709,1.3565,1.3563200000000002,1,1
17.08.2021 01:00:00.807,1.35646,1.3563200000000002,1,1
17.08.2021 01:00:01.121,1.35646,1.3563,1,1
17.08.2021 01:00:01.323,1.35644,1.3563,1,1
17.08.2021 01:00:02.077,1.3564500000000002,1.3563,1.12,1
17.08.2021 01:00:02.202,1.3564100000000001,1.3563,1,1
17.08.2021 01:00:02.578,1.3564100000000001,1.35628,1,1
17.08.2021 01:00:02.679,1.3564100000000001,1.35627,1,1
17.08.2021 01:00:02.730,1.3564100000000001,1.35625,1,1
17.08.2021 01:00:02.780,1.35639,1.35625,1,1
17.08.2021 01:00:02.831,1.35639,1.35623,2.25,1
17.08.2021 01:00:03.096,1.35639,1.3562400000000001,1.5,1
17.08.2021 01:00:03.450,1.35639,1.35623,2.25,1
17.08.2021 01:00:04.200,1.3564100000000001,1.3562200000000002,1.12,1
17.08.2021 01:00:04.485,1.3564100000000001,1.3562400000000001,1,1
17.08.2021 01:00:06.904,1.3564200000000002,1.3562400000000001,2.07,1
17.08.2021 01:00:07.011,1.35643,1.3562,2.1,1.12
17.08.2021 01:00:07.526,1.3564100000000001,1.35623,1.2,1
17.08.2021 01:00:07.628,1.3564,1.35623,1,1
17.08.2021 01:00:07.970,1.3564100000000001,1.35623,1.2,1
17.08.2021 01:00:08.526,1.3564200000000002,1.3562400000000001,1.2,1
17.08.2021 01:00:13.034,1.3564100000000001,1.3562400000000001,1.1,1
17.08.2021 01:00:13.135,1.3564200000000002,1.3562400000000001,1.95,1
17.08.2021 01:00:13.337,1.3564,1.3562400000000001,1.5,1
17.08.2021 01:00:15.682,1.35639,1.3562100000000001,2.32,1.12
17.08.2021 01:00:16.159,1.35639,1.35623,2.32,1
17.08.2021 01:00:16.909,1.35639,1.3562400000000001,1.1,1
17.08.2021 01:00:17.394,1.3564,1.3562200000000002,1.1,1
17.08.2021 01:00:19.124,1.3564,1.3562,1.1,1.12
17.08.2021 01:00:25.028,1.35639,1.3562,1.1,1
17.08.2021 01:00:28.331,1.35638,1.3562,1,1
17.08.2021 01:00:31.515,1.35638,1.3562200000000002,1.1,1
17.08.2021 01:00:35.297,1.3564,1.3562,1,1
17.08.2021 01:00:35.347,1.35637,1.3562100000000001,1,1
17.08.2021 01:00:35.448,1.35639,1.3562100000000001,1,1
17.08.2021 01:00:36.410,1.3564200000000002,1.3562,2,1.5
17.08.2021 01:00:38.403,1.3564,1.3562100000000001,1.42,1.5
17.08.2021 01:00:44.036,1.3564,1.3562,1,1.12
17.08.2021 01:00:47.462,1.3564,1.3562,2.25,1.5
17.08.2021 01:00:47.566,1.3564,1.3562200000000002,2.25,1
17.08.2021 01:00:48.851,1.3564100000000001,1.3562200000000002,1.87,1
17.08.2021 01:00:49.054,1.3564100000000001,1.35623,1.05,1
17.08.2021 01:00:49.619,1.3564,1.35626,1,1
17.08.2021 01:00:49.822,1.35643,1.35625,1.62,1
17.08.2021 01:00:53.396,1.3564200000000002,1.35626,1.12,1.12
17.08.2021 01:00:54.200,1.3564200000000002,1.3562400000000001,1,1.5
17.08.2021 01:00:54.602,1.3564100000000001,1.35625,1,1.12
17.08.2021 01:00:54.754,1.3564100000000001,1.3562400000000001,1,1.12
17.08.2021 01:00:59.225,1.35643,1.35626,1,1
17.08.2021 01:00:59.868,1.35644,1.35626,2.7,1
17.08.2021 01:01:04.269,1.35643,1.35625,3.45,1
17.08.2021 01:01:04.959,1.35644,1.3562200000000002,2.7,1.12
17.08.2021 01:01:05.262,1.35643,1.3562400000000001,1.95,1
17.08.2021 01:01:05.364,1.35643,1.35626,1.2,1
17.08.2021 01:01:05.465,1.35643,1.35625,1.2,1
17.08.2021 01:01:09.437,1.3564200000000002,1.35625,1,1
17.08.2021 01:01:10.941,1.3564200000000002,1.35626,1.1,1
17.08.2021 01:01:12.685,1.35644,1.35626,1.1,1
17.08.2021 01:01:13.678,1.35643,1.35626,1.1,1
17.08.2021 01:01:14.015,1.3564200000000002,1.3562400000000001,1.95,1.5
17.08.2021 01:01:14.166,1.3564200000000002,1.35623,1,1.5
17.08.2021 01:01:14.358,1.3564200000000002,1.3562400000000001,2.7,1.5
17.08.2021 01:01:14.493,1.3564200000000002,1.35623,1,1.5
17.08.2021 01:01:14.641,1.35643,1.35623,2.7,1.5
17.08.2021 01:01:14.820,1.3564200000000002,1.35623,1.5,1.5
17.08.2021 01:01:15.198,1.3564200000000002,1.3562200000000002,3.07,1
17.08.2021 01:01:16.637,1.3564100000000001,1.3562100000000001,1,1
17.08.2021 01:01:17.159,1.3564,1.3562100000000001,1,1
17.08.2021 01:01:19.145,1.3564100000000001,1.3562100000000001,3.07,1
17.08.2021 01:01:22.575,1.35639,1.3562200000000002,1,1
17.08.2021 01:01:22.811,1.35639,1.3562100000000001,1,1
17.08.2021 01:01:23.437,1.3564,1.3562200000000002,3.2,1
17.08.2021 01:01:24.102,1.35638,1.3562200000000002,1,1
17.08.2021 01:01:24.364,1.35638,1.3562400000000001,1,1
17.08.2021 01:01:24.414,1.35638,1.3562200000000002,1,1
17.08.2021 01:01:25.864,1.3564,1.3562200000000002,3.22,1
17.08.2021 01:01:26.626,1.3564100000000001,1.3562200000000002,2.45,1
17.08.2021 01:01:28.358,1.3564100000000001,1.3562400000000001,1,1
17.08.2021 01:01:30.912,1.3564200000000002,1.3562400000000001,1.8,1
17.08.2021 01:01:31.114,1.3564200000000002,1.35625,1,1
17.08.2021 01:01:31.825,1.35643,1.35626,1,1
17.08.2021 01:01:31.989,1.35643,1.35627,1,1
17.08.2021 01:01:32.090,1.3564500000000002,1.35628,2,1
17.08.2021 01:01:32.707,1.3564500000000002,1.35628,1.62,1
17.08.2021 01:01:33.833,1.3564500000000002,1.35628,1.12,1
17.08.2021 01:01:36.335,1.3564500000000002,1.35629,1.12,1
17.08.2021 01:01:42.052,1.3564500000000002,1.35628,1,1
17.08.2021 01:01:42.159,1.3564500000000002,1.35627,1,1
17.08.2021 01:01:42.414,1.35644,1.3563,1,1
17.08.2021 01:01:43.151,1.35644,1.35627,1,1
17.08.2021 01:01:43.422,1.35644,1.35626,1,1
17.08.2021 01:01:44.813,1.35643,1.35629,1,1
17.08.2021 01:01:44.914,1.3564500000000002,1.35628,1.12,1
17.08.2021 01:01:46.894,1.35644,1.35626,1.12,1
17.08.2021 01:01:46.995,1.35646,1.35627,3.12,1
17.08.2021 01:01:50.832,1.35646,1.35629,1.5,1
17.08.2021 01:01:56.404,1.35647,1.35628,1.5,1
17.08.2021 01:02:00.421,1.3564500000000002,1.35628,1.87,1
17.08.2021 01:02:00.674,1.3564500000000002,1.35627,1.12,1
17.08.2021 01:02:00.775,1.35644,1.35628,3.87,1
17.08.2021 01:02:00.926,1.35644,1.35627,4.62,1
17.08.2021 01:02:06.841,1.35643,1.35628,1,1
17.08.2021 01:02:10.969,1.3564500000000002,1.35628,1.62,1
17.08.2021 01:02:11.930,1.35644,1.35629,1,1
17.08.2021 01:02:12.283,1.3564500000000002,1.3563,1,1
17.08.2021 01:02:12.928,1.35648,1.3563,1.62,1
17.08.2021 01:02:18.710,1.3565,1.3563200000000002,3.12,1
17.08.2021 01:02:22.076,1.35648,1.3563100000000001,2,1
17.08.2021 01:02:26.470,1.35646,1.35628,1.12,1
17.08.2021 01:02:26.621,1.35644,1.35627,1,1
17.08.2021 01:02:28.714,1.35643,1.35627,1,1
17.08.2021 01:02:29.458,1.3564200000000002,1.35626,1,1
17.08.2021 01:02:29.735,1.3564100000000001,1.3562400000000001,1,1
17.08.2021 01:02:29.836,1.3564100000000001,1.3562400000000001,1,1
17.08.2021 01:02:29.897,1.3564100000000001,1.3562100000000001,1,1.12
17.08.2021 01:02:31.055,1.35639,1.3562200000000002,1,1
17.08.2021 01:02:32.163,1.3564100000000001,1.3562100000000001,1.12,1
17.08.2021 01:02:32.264,1.3564100000000001,1.35623,4.25,1
17.08.2021 01:02:32.759,1.3564200000000002,1.3562200000000002,1.87,1
17.08.2021 01:02:34.804,1.3564200000000002,1.35623,2.62,1
17.08.2021 01:02:35.404,1.3564200000000002,1.35623,3.12,1
17.08.2021 01:02:37.243,1.3564200000000002,1.3562200000000002,2.37,1.12
17.08.2021 01:02:37.622,1.35643,1.3562100000000001,2.37,1.5
17.08.2021 01:02:38.327,1.3564200000000002,1.35623,1.5,1.12
17.08.2021 01:02:38.378,1.3564200000000002,1.35626,1.5,1
17.08.2021 01:02:43.927,1.35644,1.35626,1.12,1
17.08.2021 01:02:44.078,1.35646,1.35628,1,1
17.08.2021 01:02:45.150,1.35647,1.35629,2.14,1
17.08.2021 01:02:45.201,1.35649,1.3563100000000001,2.75,1
17.08.2021 01:02:50.904,1.35648,1.3563200000000002,1,1
17.08.2021 01:02:52.012,1.35647,1.35629,1.12,1
17.08.2021 01:02:52.422,1.35646,1.35629,1,1
17.08.2021 01:02:56.535,1.3564500000000002,1.35629,1.62,1
17.08.2021 01:02:56.959,1.3564500000000002,1.35627,1.87,1
17.08.2021 01:02:58.444,1.3564500000000002,1.35627,2.37,1
17.08.2021 01:02:59.553,1.3564500000000002,1.35629,1.5,1
17.08.2021 01:02:59.603,1.35647,1.35629,1.12,1
17.08.2021 01:02:59.654,1.35647,1.3563200000000002,1,1
17.08.2021 01:02:59.755,1.35648,1.3563200000000002,1,1
17.08.2021 01:02:59.805,1.3565,1.3563200000000002,2.25,1
17.08.2021 01:03:00.121,1.3565,1.3563,2.62,1
17.08.2021 01:03:03.547,1.35648,1.3563100000000001,1,1
17.08.2021 01:03:05.710,1.35649,1.35633,3.94,1
17.08.2021 01:03:13.081,1.35649,1.3563100000000001,3.37,1
17.08.2021 01:03:13.622,1.35646,1.3563100000000001,1,1
17.08.2021 01:03:40.447,1.35647,1.3563100000000001,1,1
17.08.2021 01:03:43.377,1.35646,1.3563100000000001,1,1
17.08.2021 01:03:44.973,1.35646,1.35633,1,1
17.08.2021 01:03:46.233,1.35646,1.3563100000000001,1,1
17.08.2021 01:03:51.428,1.35647,1.3563200000000002,1,1
17.08.2021 01:03:51.951,1.35647,1.3563,1,1
17.08.2021 01:03:52.052,1.35646,1.3563200000000002,1,1
17.08.2021 01:04:02.734,1.35646,1.3563100000000001,1,1
17.08.2021 01:04:15.975,1.35646,1.35634,1,1
17.08.2021 01:04:16.076,1.35647,1.3563,1,1
17.08.2021 01:04:17.025,1.35647,1.35633,1,1
17.08.2021 01:04:17.257,1.35646,1.3563100000000001,1,1
17.08.2021 01:04:18.749,1.35647,1.3563100000000001,1,1
17.08.2021 01:04:18.800,1.35646,1.35634,1,1
17.08.2021 01:04:18.888,1.35647,1.3563100000000001,1,1
17.08.2021 01:04:18.989,1.35646,1.3563100000000001,1,1
17.08.2021 01:04:20.463,1.35646,1.35634,1,1
17.08.2021 01:04:20.710,1.35646,1.3563100000000001,1,1
17.08.2021 01:04:20.811,1.3565,1.3563100000000001,1,1
17.08.2021 01:04:20.971,1.3565,1.3563200000000002,1.5,1
17.08.2021 01:04:21.207,1.3565,1.35634,1.5,1
17.08.2021 01:04:22.677,1.3565,1.35638,1,1
17.08.2021 01:04:22.778,1.3565500000000001,1.35637,2,1
17.08.2021 01:04:22.879,1.3565600000000002,1.35636,1,1
17.08.2021 01:04:22.980,1.35657,1.35638,1.12,1
17.08.2021 01:04:23.220,1.3565600000000002,1.3564,1.12,1
17.08.2021 01:04:27.559,1.35657,1.35637,1,1
17.08.2021 01:04:28.393,1.35657,1.3564,1,1
17.08.2021 01:04:28.494,1.35659,1.3564,1.5,1
17.08.2021 01:04:43.985,1.35659,1.35643,1.87,1
17.08.2021 01:04:44.086,1.3566,1.35643,2.62,1
17.08.2021 01:04:44.136,1.3566,1.3564100000000001,2.62,1
17.08.2021 01:04:45.841,1.35659,1.3564,2.75,1
17.08.2021 01:04:45.999,1.35659,1.3564200000000002,4.25,1
17.08.2021 01:04:46.050,1.3566,1.3564200000000002,1.12,1
17.08.2021 01:04:47.904,1.35661,1.3564100000000001,4.25,1
17.08.2021 01:04:48.522,1.35661,1.3564200000000002,2.75,1
17.08.2021 01:04:49.632,1.35661,1.3564100000000001,2.75,1
17.08.2021 01:04:51.079,1.3566,1.3564200000000002,1,1
17.08.2021 01:04:51.130,1.35661,1.35643,1.12,1
17.08.2021 01:04:51.231,1.35661,1.3564100000000001,1.87,1
17.08.2021 01:04:51.448,1.3566,1.3564100000000001,1,1
17.08.2021 01:04:53.735,1.3566,1.3564200000000002,2.62,1
17.08.2021 01:04:53.853,1.3566,1.3564100000000001,1,1
17.08.2021 01:04:54.371,1.3566,1.3564200000000002,2.62,1
17.08.2021 01:04:57.374,1.35659,1.3564200000000002,1,1
17.08.2021 01:04:58.501,1.35659,1.3564,1.87,1
17.08.2021 01:05:00.078,1.35658,1.35639,1,1
17.08.2021 01:05:00.553,1.35659,1.3564,1.12,1
17.08.2021 01:05:01.101,1.35659,1.3564100000000001,1.87,1
17.08.2021 01:05:01.303,1.35657,1.35639,1,1
17.08.2021 01:05:01.404,1.3565600000000002,1.3564,1.5,1
17.08.2021 01:05:01.605,1.35657,1.3564100000000001,3.5,1
17.08.2021 01:05:01.757,1.35657,1.3564100000000001,1,1
17.08.2021 01:05:01.875,1.35659,1.3564,1.12,1
17.08.2021 01:05:06.856,1.35658,1.35638,1,1
17.08.2021 01:05:06.957,1.35657,1.35639,1.5,1
17.08.2021 01:05:07.178,1.35658,1.3564100000000001,1.12,1
17.08.2021 01:05:07.384,1.3565600000000002,1.3564,1,1
17.08.2021 01:05:07.591,1.35659,1.3564100000000001,1.12,1
17.08.2021 01:05:07.825,1.35657,1.35639,1,1
17.08.2021 01:05:07.976,1.35659,1.3564100000000001,1,1
17.08.2021 01:05:08.077,1.35659,1.3564200000000002,1.5,1
17.08.2021 01:05:08.181,1.35658,1.3564200000000002,1,1
17.08.2021 01:05:09.155,1.35659,1.3564200000000002,1.5,1
17.08.2021 01:05:09.256,1.3566,1.3564,1,1
17.08.2021 01:05:11.342,1.35659,1.3564,1,1
17.08.2021 01:05:11.548,1.35657,1.35638,1,1
17.08.2021 01:05:11.649,1.3565500000000001,1.35638,1,1
17.08.2021 01:05:11.700,1.3565600000000002,1.35639,1,1
17.08.2021 01:05:11.843,1.3565600000000002,1.35638,1,1
17.08.2021 01:05:11.894,1.35659,1.3564100000000001,1.5,1
17.08.2021 01:05:12.136,1.35657,1.35639,1,1
17.08.2021 01:05:12.345,1.35658,1.3564,1,1
17.08.2021 01:05:12.547,1.35658,1.35639,2.62,1
17.08.2021 01:05:12.597,1.35657,1.35638,1,1
17.08.2021 01:05:12.755,1.35658,1.35638,1,1
17.08.2021 01:05:12.856,1.3565600000000002,1.35639,1,1
17.08.2021 01:05:14.683,1.35657,1.35636,2.62,1
17.08.2021 01:05:14.885,1.35654,1.35636,1,1
17.08.2021 01:05:15.037,1.3565600000000002,1.35636,2.75,1
17.08.2021 01:05:15.139,1.35653,1.35637,1,1
17.08.2021 01:05:15.506,1.35654,1.35638,1.87,1
17.08.2021 01:05:22.358,1.3565600000000002,1.3563500000000002,2,1
17.08.2021 01:05:26.904,1.3565500000000001,1.35636,1.87,1
17.08.2021 01:05:30.859,1.3565500000000001,1.35638,1.12,1
17.08.2021 01:05:31.559,1.3565600000000002,1.3563500000000002,1.12,1
17.08.2021 01:05:32.101,1.3565600000000002,1.35637,2.75,1
17.08.2021 01:05:32.152,1.35657,1.35638,2,1
17.08.2021 01:05:32.539,1.35658,1.35639,2.75,1
17.08.2021 01:05:32.640,1.35659,1.3564100000000001,3.12,1
17.08.2021 01:05:32.691,1.35659,1.3564100000000001,1,1
17.08.2021 01:05:32.943,1.3566,1.3564,1.5,1
17.08.2021 01:05:32.994,1.3566,1.3565,1,1
17.08.2021 01:05:33.195,1.35664,1.35651,1.5,1
17.08.2021 01:05:34.404,1.3566600000000002,1.35651,1,1
17.08.2021 01:05:34.716,1.35667,1.35649,1,1
17.08.2021 01:05:35.821,1.3567,1.3565200000000002,1,1
17.08.2021 01:05:35.922,1.35673,1.3565500000000001,2.57,1
17.08.2021 01:05:35.991,1.35674,1.35654,2.07,1
17.08.2021 01:05:36.092,1.35674,1.3565600000000002,1.2,1
17.08.2021 01:05:36.194,1.3567500000000001,1.35659,2.25,1
17.08.2021 01:05:37.435,1.35674,1.35659,2.62,1
17.08.2021 01:05:37.879,1.35671,1.3565500000000001,1,1
17.08.2021 01:05:37.930,1.3567,1.35653,1,1
17.08.2021 01:05:39.765,1.3566799999999999,1.35653,1,1
17.08.2021 01:05:48.540,1.3567,1.35654,1.6,1
17.08.2021 01:05:48.641,1.3567200000000001,1.35654,1.2,1
17.08.2021 01:05:49.372,1.35671,1.3565500000000001,1.7,1
17.08.2021 01:05:49.423,1.35667,1.3565,1,1
17.08.2021 01:05:49.524,1.3566500000000001,1.35648,1,1
17.08.2021 01:05:50.977,1.35667,1.35651,1.95,1
17.08.2021 01:05:51.228,1.3566600000000002,1.35651,1,1
17.08.2021 01:05:51.489,1.3566500000000001,1.35648,1,1
17.08.2021 01:05:57.036,1.35663,1.35648,1,1
17.08.2021 01:05:57.137,1.35663,1.35646,1,1
17.08.2021 01:05:57.238,1.35661,1.35644,1,1
17.08.2021 01:05:57.617,1.35661,1.35646,1,1
17.08.2021 01:05:57.724,1.3566200000000002,1.35646,1.1,1
17.08.2021 01:05:59.096,1.35663,1.35647,1.5,1
17.08.2021 01:05:59.197,1.35664,1.35648,1,1.12
17.08.2021 01:05:59.248,1.3566799999999999,1.3565200000000002,1.95,1
17.08.2021 01:05:59.399,1.3567,1.3565200000000002,2.1,1
17.08.2021 01:06:00.505,1.35671,1.3565200000000002,2.85,1
17.08.2021 01:06:00.964,1.35669,1.3565200000000002,1.2,1
17.08.2021 01:06:03.514,1.35671,1.35653,2.85,1
17.08.2021 01:06:03.615,1.3567200000000001,1.35654,1.72,1
17.08.2021 01:06:03.716,1.35673,1.35654,1.1,1
17.08.2021 01:06:04.567,1.3567500000000001,1.3565600000000002,1.6,1
17.08.2021 01:06:11.417,1.35673,1.3565500000000001,1.5,1
17.08.2021 01:06:16.550,1.3567200000000001,1.3565600000000002,1.12,1
17.08.2021 01:06:21.404,1.35674,1.35657,1.75,1
17.08.2021 01:06:26.113,1.3567600000000002,1.35658,1,1
17.08.2021 01:06:26.163,1.3567600000000002,1.35661,1.7,1
17.08.2021 01:06:26.435,1.35677,1.35658,1.1,1
17.08.2021 01:06:30.421,1.35674,1.35659,1,1
17.08.2021 01:06:30.522,1.35674,1.3565600000000002,1.5,1
17.08.2021 01:06:30.988,1.35674,1.35658,1.5,1
17.08.2021 01:06:31.131,1.35673,1.35658,1.5,1
17.08.2021 01:06:31.232,1.35671,1.3565600000000002,1,1
17.08.2021 01:06:31.333,1.3567200000000001,1.3565600000000002,2.32,1
17.08.2021 01:06:31.434,1.35671,1.3565500000000001,1.12,1
17.08.2021 01:06:34.243,1.35671,1.3565600000000002,1,1
17.08.2021 01:06:34.486,1.35671,1.3565500000000001,1,1
17.08.2021 01:06:34.537,1.3567,1.35654,1,1
17.08.2021 01:06:37.477,1.3567,1.3565200000000002,1.57,1
17.08.2021 01:06:44.613,1.3567,1.35651,1,1
17.08.2021 01:06:44.945,1.35669,1.35651,1,1
17.08.2021 01:06:45.597,1.35667,1.35651,1.57,1
17.08.2021 01:06:46.515,1.3566600000000002,1.35651,1,1
17.08.2021 01:06:48.096,1.3566500000000001,1.35651,1,1
17.08.2021 01:06:48.352,1.35667,1.35651,2.32,1
17.08.2021 01:06:57.650,1.3566500000000001,1.35651,1,1
17.08.2021 01:07:34.175,1.3566500000000001,1.35648,1.1,1
17.08.2021 01:07:34.276,1.3566500000000001,1.35649,1.1,1
17.08.2021 01:07:34.378,1.3566799999999999,1.3565200000000002,3.6,1
17.08.2021 01:07:34.479,1.35669,1.35649,2.85,1
17.08.2021 01:07:44.996,1.35667,1.35649,1.22,1
17.08.2021 01:07:45.309,1.35664,1.35649,1,1
17.08.2021 01:07:46.874,1.3566600000000002,1.3565,2.72,1
17.08.2021 01:07:46.974,1.3566200000000002,1.35651,1,1
17.08.2021 01:07:47.182,1.3566200000000002,1.35647,1,1
17.08.2021 01:07:47.283,1.3566500000000001,1.35647,1.1,1
17.08.2021 01:07:47.384,1.35667,1.35646,2.72,1
17.08.2021 01:07:47.630,1.3566600000000002,1.35646,1.2,1
17.08.2021 01:08:06.032,1.3566600000000002,1.35647,1.6,1
17.08.2021 01:08:10.519,1.3566600000000002,1.35649,1.6,1
17.08.2021 01:08:12.721,1.35667,1.35648,1.6,1
17.08.2021 01:08:19.375,1.35667,1.35651,3.6,1
17.08.2021 01:08:19.426,1.35669,1.3565200000000002,2.25,1
17.08.2021 01:08:19.892,1.3566799999999999,1.3565600000000002,1,1
17.08.2021 01:08:20.693,1.3567,1.3565600000000002,1.12,1
17.08.2021 01:08:23.389,1.35673,1.35657,1.2,1
17.08.2021 01:08:23.746,1.35674,1.35657,1.1,1
17.08.2021 01:08:26.596,1.35674,1.35658,1.95,1
17.08.2021 01:08:32.823,1.35674,1.35658,1.97,1
17.08.2021 01:08:33.085,1.35673,1.35658,1.1,1
17.08.2021 01:08:35.025,1.35671,1.35658,1,1
17.08.2021 01:08:35.126,1.35671,1.3565600000000002,1.1,1
17.08.2021 01:08:39.458,1.35671,1.35654,1.57,1
17.08.2021 01:08:41.942,1.35671,1.3565600000000002,1.1,1
17.08.2021 01:08:42.143,1.3567200000000001,1.3565600000000002,1.1,1
17.08.2021 01:08:43.488,1.35673,1.35657,1.22,1
17.08.2021 01:08:43.589,1.35673,1.3565500000000001,2.47,1
17.08.2021 01:08:43.740,1.35674,1.3565600000000002,1.72,1
17.08.2021 01:08:44.060,1.35673,1.35658,1.72,1
17.08.2021 01:08:49.188,1.35673,1.35661,1.62,1
17.08.2021 01:08:49.289,1.3567500000000001,1.35661,1.2,1
17.08.2021 01:08:49.390,1.3567600000000002,1.3566,1.62,1
17.08.2021 01:08:49.541,1.3567600000000002,1.35661,1.62,1
17.08.2021 01:08:50.410,1.3567500000000001,1.3566200000000002,1.5,1
17.08.2021 01:08:52.475,1.35679,1.35664,1,1
17.08.2021 01:08:52.576,1.35679,1.3566600000000002,1.12,1
17.08.2021 01:08:52.677,1.3568,1.3566600000000002,1,1
17.08.2021 01:08:52.782,1.35678,1.3566500000000001,1,1
17.08.2021 01:08:52.883,1.3568,1.35663,3,1
17.08.2021 01:08:52.984,1.35678,1.35663,1,1
17.08.2021 01:08:55.838,1.35679,1.3566200000000002,1.6,1
17.08.2021 01:08:56.354,1.35678,1.3566200000000002,2.35,1
17.08.2021 01:08:59.589,1.35679,1.3566200000000002,1.6,1
17.08.2021 01:08:59.892,1.35679,1.35664,4.97,1
17.08.2021 01:09:00.043,1.35679,1.3566600000000002,1.87,1
17.08.2021 01:09:00.144,1.35679,1.35667,1.12,1
17.08.2021 01:09:00.454,1.3568,1.35667,1,1
17.08.2021 01:09:05.553,1.3568,1.3566500000000001,1,1
17.08.2021 01:09:11.079,1.3568200000000001,1.3566500000000001,2.7,1
17.08.2021 01:09:11.130,1.35683,1.3566600000000002,2.25,1
17.08.2021 01:09:11.231,1.35683,1.3566799999999999,1.5,1
17.08.2021 01:09:11.332,1.3568200000000001,1.3566600000000002,1.5,1
17.08.2021 01:09:11.483,1.3568200000000001,1.3566600000000002,1.97,1
17.08.2021 01:09:11.534,1.3568200000000001,1.35663,1.1,1
17.08.2021 01:09:11.635,1.3568200000000001,1.3566500000000001,1,1
17.08.2021 01:09:11.736,1.3568200000000001,1.35667,1,1
17.08.2021 01:09:11.888,1.35681,1.3566600000000002,2.25,1
17.08.2021 01:09:15.050,1.35681,1.35664,1.1,1
17.08.2021 01:09:19.439,1.35681,1.35664,1.1,1
17.08.2021 01:09:29.253,1.35681,1.3566200000000002,2.7,1
17.08.2021 01:09:30.140,1.3568,1.3566200000000002,1.5,1
17.08.2021 01:09:31.325,1.35681,1.3566200000000002,1.2,1
17.08.2021 01:09:32.474,1.35679,1.35663,1,1
17.08.2021 01:09:32.833,1.35678,1.35663,1.5,1
17.08.2021 01:09:33.048,1.35677,1.35663,1.5,1
17.08.2021 01:09:35.181,1.35677,1.3566200000000002,1.5,1
17.08.2021 01:09:41.361,1.35678,1.35661,2.72,1
17.08.2021 01:09:44.738,1.35678,1.3566200000000002,1.6,1
17.08.2021 01:09:48.128,1.35678,1.35663,1.72,1
17.08.2021 01:09:50.557,1.35677,1.3566200000000002,1.2,1
17.08.2021 01:09:50.679,1.35677,1.3566200000000002,1.6,1
17.08.2021 01:09:50.730,1.35677,1.3566,2.1,1
17.08.2021 01:09:50.781,1.35673,1.35659,1,1
17.08.2021 01:09:50.831,1.3567200000000001,1.35657,1,1
17.08.2021 01:09:50.932,1.35674,1.35654,2.25,1
17.08.2021 01:09:51.189,1.35674,1.35654,2.07,1
17.08.2021 01:09:51.390,1.3567200000000001,1.35653,1.6,1
17.08.2021 01:09:51.905,1.3567200000000001,1.35653,1.6,1
17.08.2021 01:09:57.061,1.3567,1.3565200000000002,1,1
17.08.2021 01:09:58.076,1.3567,1.35653,1.1,1
17.08.2021 01:09:58.213,1.35669,1.3565200000000002,1.57,1
17.08.2021 01:10:03.130,1.3567,1.35651,1.97,1
17.08.2021 01:10:03.585,1.3566600000000002,1.35651,1,1
17.08.2021 01:10:07.531,1.3566600000000002,1.35653,1,1
17.08.2021 01:10:07.581,1.3566600000000002,1.35651,1,1
17.08.2021 01:10:08.600,1.35669,1.35653,1.5,1
17.08.2021 01:10:08.702,1.3566799999999999,1.3565500000000001,1.5,1
17.08.2021 01:10:08.931,1.35671,1.35654,1.1,1
17.08.2021 01:10:11.789,1.35671,1.3565200000000002,2.35,1
17.08.2021 01:10:12.518,1.3567,1.3565500000000001,2.35,1
17.08.2021 01:10:23.029,1.3567,1.35653,1.6,1
17.08.2021 01:10:39.543,1.35671,1.3565200000000002,2.72,1
17.08.2021 01:10:56.238,1.35669,1.35653,1.2,1
17.08.2021 01:10:56.289,1.3567,1.3565500000000001,2.45,1
17.08.2021 01:10:57.048,1.3567,1.3565500000000001,1.95,1
17.08.2021 01:10:57.341,1.3567,1.3565200000000002,1.95,1
17.08.2021 01:10:59.264,1.3567200000000001,1.35658,1,1
17.08.2021 01:10:59.365,1.35673,1.3566,1.5,1
17.08.2021 01:10:59.465,1.3567500000000001,1.35663,1,1
17.08.2021 01:10:59.617,1.35677,1.3566200000000002,1,1
17.08.2021 01:10:59.755,1.35677,1.35663,1,1
17.08.2021 01:11:04.991,1.35677,1.3566200000000002,1,1
17.08.2021 01:11:17.148,1.3567600000000002,1.35664,1,1
17.08.2021 01:11:17.249,1.3567600000000002,1.3566500000000001,1,1
17.08.2021 01:11:18.407,1.35677,1.3566600000000002,1,1
17.08.2021 01:11:22.414,1.3567600000000002,1.3566600000000002,1,1
17.08.2021 01:11:24.317,1.35677,1.3566200000000002,1,1
17.08.2021 01:11:24.418,1.35679,1.35663,1.5,1
17.08.2021 01:11:26.733,1.3568,1.35661,2.45,1
17.08.2021 01:11:26.834,1.35677,1.35659,1.5,1
17.08.2021 01:11:26.953,1.3567500000000001,1.35658,1.5,1
17.08.2021 01:11:27.085,1.3567600000000002,1.3566,2.37,1
17.08.2021 01:11:27.186,1.3567600000000002,1.35658,1.5,1
17.08.2021 01:11:27.287,1.3567600000000002,1.35659,1.5,1
17.08.2021 01:11:27.388,1.35674,1.35658,1.5,1
17.08.2021 01:11:27.438,1.35677,1.35659,2.07,1
17.08.2021 01:11:27.542,1.3567500000000001,1.35657,1.5,1
17.08.2021 01:11:27.694,1.3567500000000001,1.35659,1.5,1
17.08.2021 01:11:27.813,1.35674,1.35657,1.5,1
17.08.2021 01:11:27.964,1.35674,1.35657,1.5,1
17.08.2021 01:11:28.065,1.35673,1.35658,1.5,1
17.08.2021 01:11:28.166,1.3567500000000001,1.35658,1.62,1
17.08.2021 01:11:28.317,1.35674,1.35657,2.37,1
17.08.2021 01:11:28.468,1.3567500000000001,1.35658,2.37,1
17.08.2021 01:11:28.669,1.35673,1.35658,1.5,1
17.08.2021 01:11:28.770,1.35674,1.35659,1.5,1
17.08.2021 01:11:28.871,1.35674,1.35659,1,1
17.08.2021 01:11:33.514,1.35674,1.3566,1,1
17.08.2021 01:11:33.715,1.35674,1.3566200000000002,1.5,1
17.08.2021 01:11:33.816,1.3567600000000002,1.35663,1.62,1
17.08.2021 01:11:33.967,1.35677,1.3566200000000002,1,1
17.08.2021 01:11:34.627,1.35677,1.3566200000000002,1,1
17.08.2021 01:11:39.535,1.35677,1.35663,1.62,1
17.08.2021 01:11:39.983,1.35679,1.35664,1,1
17.08.2021 01:11:41.556,1.35679,1.35664,1,1
17.08.2021 01:11:42.148,1.35678,1.3566500000000001,1,1
17.08.2021 01:11:47.298,1.35679,1.3566500000000001,1,1
17.08.2021 01:11:47.804,1.35679,1.3566600000000002,1,1
17.08.2021 01:11:53.002,1.3568200000000001,1.3566500000000001,1.5,1
17.08.2021 01:11:53.104,1.35684,1.3566600000000002,2,1
17.08.2021 01:11:53.205,1.35683,1.35667,1.5,1
17.08.2021 01:11:53.306,1.3568200000000001,1.35667,1.5,1
17.08.2021 01:11:53.457,1.35678,1.3566600000000002,1,1
17.08.2021 01:12:00.662,1.35681,1.3566600000000002,1.62,1
17.08.2021 01:12:00.763,1.35679,1.3566500000000001,2.37,1
17.08.2021 01:12:00.814,1.35678,1.35664,3.12,1
17.08.2021 01:12:00.915,1.35679,1.3566200000000002,3.12,1
17.08.2021 01:12:01.066,1.35678,1.35663,2.82,1
17.08.2021 01:12:01.167,1.35679,1.3566200000000002,4.32,1
17.08.2021 01:12:01.533,1.35677,1.35661,1.62,1
17.08.2021 01:12:09.331,1.35671,1.35658,1,1
17.08.2021 01:12:09.482,1.35673,1.3565600000000002,1.5,1
17.08.2021 01:12:09.532,1.35671,1.3565500000000001,1.5,1
17.08.2021 01:12:09.633,1.3567,1.35653,1.5,1
17.08.2021 01:12:09.734,1.35669,1.35654,1.5,1
17.08.2021 01:12:09.846,1.3567,1.35653,1.5,1
17.08.2021 01:12:10.148,1.3566799999999999,1.3565200000000002,1.5,1
17.08.2021 01:12:10.491,1.35669,1.35651,1.5,1
17.08.2021 01:12:18.038,1.3567,1.3565200000000002,1.1,1
17.08.2021 01:12:21.386,1.35669,1.35654,1.1,1
17.08.2021 01:12:29.290,1.35671,1.35654,1.5,1
17.08.2021 01:12:29.341,1.3567,1.35657,1.5,1
17.08.2021 01:12:29.492,1.35671,1.3565600000000002,1.5,1
17.08.2021 01:12:29.614,1.35671,1.35654,1.5,1
17.08.2021 01:12:29.765,1.3567,1.3565500000000001,1.5,1
17.08.2021 01:12:29.928,1.35671,1.35653,1.5,1
17.08.2021 01:12:30.029,1.3567,1.35654,1.6,1
17.08.2021 01:12:34.399,1.35669,1.3565200000000002,1,1
17.08.2021 01:12:34.500,1.35663,1.3565,1,1
17.08.2021 01:12:34.601,1.35664,1.3565,1.12,1
17.08.2021 01:12:34.651,1.35663,1.35646,1,1
17.08.2021 01:12:34.853,1.3566200000000002,1.3564500000000002,1.12,1
17.08.2021 01:12:34.972,1.35663,1.35644,1.5,1
17.08.2021 01:12:35.073,1.35663,1.35644,1.5,1
17.08.2021 01:12:50.719,1.35663,1.35647,1.6,1
17.08.2021 01:12:50.991,1.35663,1.35647,1.6,1
17.08.2021 01:12:55.039,1.35664,1.35648,2.45,1
17.08.2021 01:12:55.356,1.35664,1.35648,1.62,1
17.08.2021 01:12:55.709,1.3566500000000001,1.35648,1,1
17.08.2021 01:12:56.544,1.3566799999999999,1.3565,2.82,1
17.08.2021 01:12:56.645,1.35667,1.35651,2.07,1
17.08.2021 01:13:02.523,1.3566799999999999,1.3565,1.5,1
17.08.2021 01:13:02.626,1.35667,1.35651,1.5,1
17.08.2021 01:13:24.294,1.35664,1.35648,1,1
17.08.2021 01:13:24.394,1.35663,1.35646,1.5,1
17.08.2021 01:13:24.495,1.35663,1.35646,1.5,1
17.08.2021 01:13:27.359,1.3566200000000002,1.35646,1.5,1
17.08.2021 01:13:30.020,1.35663,1.3564500000000002,1.5,1
17.08.2021 01:13:32.778,1.3566200000000002,1.35646,1.62,1
17.08.2021 01:13:35.358,1.3566200000000002,1.35644,1.5,1
17.08.2021 01:13:42.323,1.35663,1.35646,1.1,1
17.08.2021 01:13:42.424,1.35664,1.3564500000000002,1,1
17.08.2021 01:13:43.903,1.35664,1.35646,1,1
17.08.2021 01:13:47.621,1.35664,1.35646,1,1
17.08.2021 01:13:47.772,1.3566,1.3564500000000002,1.12,1
17.08.2021 01:13:53.137,1.35663,1.3564500000000002,3.87,1
17.08.2021 01:13:53.336,1.35661,1.3564500000000002,1.5,1
17.08.2021 01:13:56.434,1.35663,1.35646,2.75,1
17.08.2021 01:13:57.234,1.35663,1.35646,2,1
17.08.2021 01:13:57.509,1.35663,1.35647,1.5,1
17.08.2021 01:13:57.881,1.3566600000000002,1.35649,1,1
17.08.2021 01:13:58.032,1.3566600000000002,1.3565,1,1
17.08.2021 01:13:58.184,1.35667,1.35651,1,1
17.08.2021 01:13:58.285,1.35667,1.35651,1,1
17.08.2021 01:13:59.706,1.3566799999999999,1.3565,1.62,1
17.08.2021 01:14:00.027,1.3566799999999999,1.3565,1.87,1
17.08.2021 01:14:01.112,1.3566600000000002,1.35649,1,1
17.08.2021 01:14:01.213,1.35664,1.3565,1,1
17.08.2021 01:14:01.925,1.35664,1.35647,1,1
17.08.2021 01:14:02.026,1.35663,1.35646,1,1
17.08.2021 01:14:03.335,1.35661,1.35647,1,1
17.08.2021 01:14:04.335,1.3566,1.35647,1,1
17.08.2021 01:14:35.095,1.3566200000000002,1.35646,1,1
17.08.2021 01:14:47.709,1.35663,1.35646,1.87,1
17.08.2021 01:14:47.760,1.35664,1.35649,2,1
17.08.2021 01:14:47.861,1.35667,1.35651,1.12,1
17.08.2021 01:14:47.962,1.35667,1.35654,1.12,1
17.08.2021 01:14:48.013,1.35669,1.3565500000000001,1,1
17.08.2021 01:14:48.164,1.35671,1.35654,1,1
17.08.2021 01:14:52.772,1.3567200000000001,1.3565500000000001,1.5,1
17.08.2021 01:14:56.405,1.3567200000000001,1.3565500000000001,1.12,1
17.08.2021 01:14:57.690,1.3567,1.3565500000000001,1,1
17.08.2021 01:15:03.006,1.35673,1.3565500000000001,1.5,1
17.08.2021 01:15:03.157,1.35673,1.35657,1,1
17.08.2021 01:15:03.208,1.35673,1.3565500000000001,1.62,1
17.08.2021 01:15:03.906,1.3567200000000001,1.3565600000000002,1.12,1
17.08.2021 01:15:04.510,1.3567500000000001,1.3565600000000002,1.12,1
17.08.2021 01:15:04.561,1.3567200000000001,1.3565600000000002,1,1
17.08.2021 01:15:04.662,1.3567500000000001,1.35657,2,1
17.08.2021 01:15:04.763,1.35673,1.3565600000000002,1,1
17.08.2021 01:15:05.134,1.3567600000000002,1.3565600000000002,1.5,1
17.08.2021 01:15:05.578,1.35674,1.35658,1,1
17.08.2021 01:15:08.006,1.3567500000000001,1.35659,1.5,1
17.08.2021 01:15:08.124,1.3567600000000002,1.35659,1.5,1
17.08.2021 01:15:10.100,1.35673,1.3565500000000001,1,1
17.08.2021 01:15:10.151,1.35674,1.35657,1,1
17.08.2021 01:15:11.710,1.3566799999999999,1.35658,1,1
17.08.2021 01:15:11.956,1.35669,1.35659,1,1
17.08.2021 01:15:12.007,1.3567,1.35661,1,1
17.08.2021 01:15:12.158,1.3567500000000001,1.35661,1,1
17.08.2021 01:15:18.496,1.3567500000000001,1.35659,1,1
17.08.2021 01:15:55.323,1.35673,1.35658,1,1
17.08.2021 01:15:55.373,1.35674,1.35659,1,1
17.08.2021 01:15:55.475,1.35674,1.35661,1,1
17.08.2021 01:15:55.525,1.3567500000000001,1.35657,1,1.57
17.08.2021 01:15:56.301,1.3567500000000001,1.3566,1,1
17.08.2021 01:15:57.732,1.3567600000000002,1.35659,1,1.97
17.08.2021 01:15:57.783,1.35678,1.35661,1,1
17.08.2021 01:15:57.985,1.35679,1.35663,1,1
17.08.2021 01:16:01.135,1.35677,1.35661,1,1.1
17.08.2021 01:16:01.237,1.35677,1.35661,1,1.1
17.08.2021 01:16:01.439,1.3567600000000002,1.35659,1,3.22
17.08.2021 01:16:01.598,1.3567500000000001,1.35659,1,1.1
17.08.2021 01:16:01.788,1.3567600000000002,1.35658,1,1.1
17.08.2021 01:16:02.503,1.35673,1.35658,1,1.1
17.08.2021 01:16:02.604,1.3567200000000001,1.35658,1,1.1
17.08.2021 01:16:10.579,1.35674,1.3565600000000002,1,1.97
17.08.2021 01:16:10.680,1.35674,1.3566200000000002,1,1
17.08.2021 01:16:10.730,1.35679,1.35661,1,1
17.08.2021 01:16:10.831,1.35679,1.35661,1,1.6
17.08.2021 01:16:12.056,1.35681,1.3566200000000002,1,1.6
17.08.2021 01:16:14.434,1.3568,1.35663,1,1.6
17.08.2021 01:16:16.131,1.35681,1.3566200000000002,1,1.1
17.08.2021 01:16:17.131,1.35681,1.3566200000000002,1,1.6
17.08.2021 01:16:18.121,1.35681,1.35664,1,1.6
17.08.2021 01:16:18.787,1.3568200000000001,1.35664,1,1.22
17.08.2021 01:16:18.938,1.35683,1.3566500000000001,1,1.97
17.08.2021 01:16:19.039,1.3568500000000001,1.3566500000000001,1.12,3.47
17.08.2021 01:16:19.370,1.3568200000000001,1.3566500000000001,1,3.47
17.08.2021 01:16:21.910,1.3568200000000001,1.35663,1,1.1
17.08.2021 01:16:22.011,1.35683,1.35663,1,1.1
17.08.2021 01:16:22.112,1.35684,1.3566200000000002,1,3.85
17.08.2021 01:16:24.236,1.35683,1.3566500000000001,1,1.1
17.08.2021 01:16:30.073,1.3568200000000001,1.35663,1,1.72
17.08.2021 01:16:30.124,1.3568,1.35663,1,1.97
17.08.2021 01:16:30.276,1.3568200000000001,1.35663,1,1.22
17.08.2021 01:16:30.507,1.35681,1.35661,1,4.35
17.08.2021 01:16:30.608,1.35681,1.3566200000000002,1,3.47
17.08.2021 01:16:30.658,1.35683,1.35663,1,1.6
17.08.2021 01:16:32.272,1.3568200000000001,1.3566500000000001,1,1.6
17.08.2021 01:16:52.184,1.35683,1.3566600000000002,1,1.22
17.08.2021 01:16:52.235,1.35683,1.3566600000000002,1,3.72
17.08.2021 01:16:52.336,1.3568600000000002,1.3566799999999999,1,1.6
17.08.2021 01:16:52.443,1.3568700000000002,1.35667,1,2.1
17.08.2021 01:16:59.202,1.35684,1.3566500000000001,1,4.35
17.08.2021 01:17:01.331,1.3568200000000001,1.3566600000000002,1,1.35
17.08.2021 01:17:01.381,1.3568200000000001,1.35664,1,1.22
17.08.2021 01:17:01.533,1.35684,1.35663,1,2.1
17.08.2021 01:17:02.120,1.35681,1.35664,1,1.6
17.08.2021 01:17:02.325,1.3568200000000001,1.35664,1,1.1
17.08.2021 01:17:04.239,1.3568500000000001,1.35664,1,1.41
17.08.2021 01:17:04.340,1.3568500000000001,1.3566500000000001,1,1.6
17.08.2021 01:17:04.441,1.35684,1.3566500000000001,1,3.6
17.08.2021 01:17:06.272,1.3568200000000001,1.35664,1,1.35
17.08.2021 01:17:06.373,1.3568200000000001,1.35663,1,2.22
17.08.2021 01:17:09.111,1.35683,1.3566500000000001,1,1.6
17.08.2021 01:17:09.343,1.35684,1.3566500000000001,1,1.6
17.08.2021 01:17:16.833,1.35683,1.3566500000000001,1,1.6
17.08.2021 01:17:19.122,1.3568200000000001,1.35667,1,1.1
17.08.2021 01:17:26.114,1.35683,1.35664,1,2.35
17.08.2021 01:17:32.577,1.35683,1.35663,1,1.6
17.08.2021 01:17:32.944,1.35681,1.3566200000000002,1,1.6
17.08.2021 01:17:33.688,1.35678,1.3566200000000002,1,1.97
17.08.2021 01:17:34.404,1.35679,1.3566,1,3.97
17.08.2021 01:17:34.620,1.35679,1.3566,1,2.85
17.08.2021 01:17:38.566,1.35679,1.3566,1,3.6
17.08.2021 01:17:38.997,1.35678,1.35661,1,2.85
17.08.2021 01:17:40.146,1.35679,1.3566,1,2.85
17.08.2021 01:17:41.337,1.35679,1.3566,1,2.85
17.08.2021 01:17:43.905,1.35678,1.35661,1,2.85
17.08.2021 01:17:44.006,1.35677,1.3566,1,2.1
17.08.2021 01:17:45.087,1.35677,1.3566,1,1.22
17.08.2021 01:17:45.137,1.35673,1.35659,1,1.6
17.08.2021 01:17:45.247,1.3567200000000001,1.35658,1,1.5
17.08.2021 01:17:45.297,1.35674,1.35658,1,2.72
17.08.2021 01:17:45.499,1.35673,1.35659,1,1.12
17.08.2021 01:18:13.165,1.35671,1.35659,1,1
17.08.2021 01:18:20.278,1.35673,1.35658,1,1
17.08.2021 01:18:34.042,1.3567200000000001,1.35658,1,1
17.08.2021 01:18:34.143,1.35673,1.35658,1,1
17.08.2021 01:18:36.132,1.35671,1.35658,1,1
17.08.2021 01:18:56.761,1.3567200000000001,1.35658,1,1
17.08.2021 01:18:57.482,1.35671,1.3565500000000001,1,1.6
17.08.2021 01:18:57.598,1.3567200000000001,1.3565600000000002,1,1.22
17.08.2021 01:18:57.699,1.35673,1.3565500000000001,1,1.22
17.08.2021 01:19:03.290,1.3567200000000001,1.3565500000000001,1,2.47
17.08.2021 01:19:05.711,1.3567500000000001,1.3565500000000001,1,1.22
17.08.2021 01:19:06.456,1.35674,1.35657,1,1.97
17.08.2021 01:19:06.557,1.35674,1.3565600000000002,1,1.22
17.08.2021 01:19:06.608,1.35674,1.35657,1,2.85
17.08.2021 01:19:06.759,1.3567600000000002,1.35658,1,1.1
17.08.2021 01:19:10.564,1.35674,1.35659,1,1.1
17.08.2021 01:19:35.216,1.35677,1.35658,1,2.47
17.08.2021 01:19:35.370,1.35677,1.35658,1,2.1
17.08.2021 01:19:35.471,1.35678,1.35661,1,2.1
17.08.2021 01:19:35.572,1.35681,1.3566200000000002,1,1.6
17.08.2021 01:19:35.673,1.35679,1.35663,1,2.1
17.08.2021 01:19:35.724,1.3568200000000001,1.35663,1,1.22
17.08.2021 01:19:35.925,1.35683,1.35663,1,3.1
17.08.2021 01:19:35.975,1.35684,1.35669,1,1
17.08.2021 01:19:40.254,1.35683,1.35669,1,1
17.08.2021 01:19:40.757,1.3568500000000001,1.3566799999999999,1,1
17.08.2021 01:19:42.903,1.35684,1.3566799999999999,1,1
17.08.2021 01:19:43.004,1.3568200000000001,1.3566799999999999,1,1
17.08.2021 01:19:43.306,1.3568200000000001,1.35663,1,1.22
17.08.2021 01:19:44.192,1.35679,1.3566200000000002,1,1.6
17.08.2021 01:19:46.669,1.3568,1.3566,1,2.1
17.08.2021 01:19:48.826,1.35677,1.35661,1,2.1
17.08.2021 01:19:48.977,1.35677,1.35659,1,1.22
17.08.2021 01:19:50.659,1.35677,1.35661,1.5,1.1
17.08.2021 01:19:50.962,1.35677,1.35661,1,2.85
17.08.2021 01:19:51.072,1.35679,1.3566,1,2.1
17.08.2021 01:19:51.224,1.3568,1.3566,1,3.97
17.08.2021 01:19:52.357,1.3568,1.3566200000000002,1,1.72
17.08.2021 01:19:55.134,1.35679,1.35661,1,1.6
17.08.2021 01:19:59.389,1.35677,1.35659,1,3.97
17.08.2021 01:19:59.490,1.35678,1.35658,1,3.97
17.08.2021 01:19:59.730,1.3567500000000001,1.35659,1,3.97
17.08.2021 01:20:00.421,1.3567600000000002,1.35658,1,2.1
17.08.2021 01:20:02.165,1.3567600000000002,1.35658,1,3.6
17.08.2021 01:20:05.230,1.3567200000000001,1.35659,1,1.6
17.08.2021 01:20:08.924,1.3567600000000002,1.35659,1,1.6
17.08.2021 01:20:09.518,1.35678,1.3566,1,1
17.08.2021 01:20:10.060,1.3567500000000001,1.35659,1,1.1
17.08.2021 01:20:16.983,1.3567200000000001,1.35657,1,1.5
17.08.2021 01:20:17.564,1.3567500000000001,1.35658,1,1.5
17.08.2021 01:20:17.710,1.3567600000000002,1.35657,1,1.12
17.08.2021 01:20:17.760,1.35674,1.3565500000000001,1,4.35
17.08.2021 01:20:17.861,1.3567200000000001,1.3565600000000002,1,2.1
17.08.2021 01:20:21.459,1.35671,1.3565500000000001,1,1.1
17.08.2021 01:20:22.299,1.3567200000000001,1.3565500000000001,1,1.6
17.08.2021 01:20:23.907,1.35671,1.35657,1,1
17.08.2021 01:20:39.406,1.3567200000000001,1.35654,1,1.1
17.08.2021 01:20:39.744,1.35673,1.35654,1,1.7
17.08.2021 01:20:39.845,1.3567500000000001,1.35658,1,1
17.08.2021 01:20:39.996,1.35671,1.35659,1,1.12
17.08.2021 01:20:40.201,1.35671,1.35658,1,1.12
17.08.2021 01:20:40.518,1.35677,1.35658,1,1.2
17.08.2021 01:20:55.173,1.3567500000000001,1.35657,1,1.7
17.08.2021 01:20:55.274,1.3567,1.35658,1,1
17.08.2021 01:20:56.239,1.35671,1.3565500000000001,1,1.1
17.08.2021 01:20:56.289,1.3567,1.3565500000000001,1,2.45
17.08.2021 01:20:58.935,1.35671,1.3565600000000002,1,1.2
17.08.2021 01:20:59.777,1.35671,1.3565600000000002,1,1.97
17.08.2021 01:21:00.914,1.3567200000000001,1.3565600000000002,1,3.47
17.08.2021 01:21:02.906,1.35673,1.3565500000000001,1,3.6
17.08.2021 01:21:06.645,1.35671,1.3565600000000002,1,3.57
17.08.2021 01:21:06.845,1.35673,1.3565500000000001,1,3.57
17.08.2021 01:21:12.721,1.35671,1.3565500000000001,1,2.82
17.08.2021 01:21:12.822,1.35671,1.3565500000000001,1,2.25
17.08.2021 01:21:12.923,1.3567,1.3565500000000001,1,2.25
17.08.2021 01:21:13.301,1.3567,1.35654,1,2.62
17.08.2021 01:21:21.473,1.3567,1.3565500000000001,1,1
17.08.2021 01:21:21.925,1.3566799999999999,1.3565600000000002,1,1
17.08.2021 01:21:22.026,1.35671,1.35654,1,1
17.08.2021 01:21:25.341,1.35669,1.3565500000000001,1,2.25
17.08.2021 01:21:53.877,1.35669,1.35654,1,1
17.08.2021 01:21:54.198,1.35669,1.3565500000000001,1,1
17.08.2021 01:21:57.407,1.35669,1.35654,1,1
17.08.2021 01:22:03.835,1.3566799999999999,1.35654,1,1
17.08.2021 01:22:04.238,1.35669,1.35653,1,1
17.08.2021 01:22:07.936,1.35669,1.35654,1,1.62
17.08.2021 01:22:08.251,1.35669,1.35654,1,1.57
17.08.2021 01:22:09.256,1.3567,1.35653,1,1.7
17.08.2021 01:22:10.267,1.3567,1.35653,1,1.57
17.08.2021 01:22:11.270,1.35669,1.35654,1,1.62
17.08.2021 01:22:14.288,1.35669,1.35654,1,1.5
17.08.2021 01:22:17.299,1.3567,1.35653,1,1.62
17.08.2021 01:22:51.188,1.3567,1.3565500000000001,1,1.1
17.08.2021 01:22:51.498,1.35671,1.35654,1,2.45
17.08.2021 01:22:52.381,1.35673,1.3565500000000001,1,1.22
17.08.2021 01:22:52.482,1.35673,1.35658,1,1
17.08.2021 01:22:52.583,1.35674,1.35659,1,1.6
17.08.2021 01:22:52.684,1.3567600000000002,1.35661,1,1
17.08.2021 01:22:52.785,1.3567600000000002,1.3566,1,1.1
17.08.2021 01:22:52.936,1.35677,1.35661,1,1
17.08.2021 01:22:54.377,1.35677,1.3566,1,1
17.08.2021 01:22:54.428,1.3567500000000001,1.35658,1,1.1
17.08.2021 01:22:54.629,1.35674,1.35657,1,1
17.08.2021 01:22:54.737,1.35674,1.3565600000000002,1,2.45
17.08.2021 01:23:01.176,1.35671,1.35657,1,1
17.08.2021 01:23:01.277,1.3567200000000001,1.35657,1,1.62
17.08.2021 01:23:01.519,1.35673,1.3565600000000002,1,1.12
17.08.2021 01:23:10.040,1.3567200000000001,1.3565600000000002,1,1
17.08.2021 01:23:10.852,1.35673,1.3565600000000002,1,1.5
17.08.2021 01:23:26.235,1.35673,1.3565600000000002,1,3.97
17.08.2021 01:23:26.336,1.35674,1.35657,1,1.1
17.08.2021 01:23:26.437,1.35674,1.35658,1,2.1
17.08.2021 01:23:26.488,1.35677,1.35658,1,1.22
17.08.2021 01:23:30.471,1.35677,1.3566200000000002,1,1
17.08.2021 01:23:35.060,1.3568,1.35663,1,1
17.08.2021 01:23:37.410,1.35678,1.3566200000000002,1,1.1
17.08.2021 01:23:37.667,1.3568,1.35663,1,1
17.08.2021 01:23:39.002,1.35679,1.35661,1,1.2
17.08.2021 01:23:46.168,1.35679,1.3566200000000002,1,1.1
17.08.2021 01:23:46.269,1.35681,1.35664,1,1
17.08.2021 01:23:48.715,1.35681,1.3566600000000002,1,1
17.08.2021 01:23:50.381,1.3568,1.3566600000000002,1,1
17.08.2021 01:23:54.773,1.35681,1.35664,1,1.12
17.08.2021 01:23:54.881,1.3568,1.35663,1,2.82
17.08.2021 01:23:56.264,1.35681,1.35664,1,2.62
17.08.2021 01:23:56.712,1.3568,1.3566600000000002,1,1
17.08.2021 01:23:57.194,1.35683,1.35667,1,1
17.08.2021 01:23:58.093,1.35684,1.3566799999999999,1,1
17.08.2021 01:24:00.392,1.35683,1.3566600000000002,1,1
17.08.2021 01:24:02.211,1.35684,1.35667,1,1.12
17.08.2021 01:24:02.262,1.35688,1.3567,1.5,1
17.08.2021 01:24:02.363,1.35688,1.3567200000000001,1.5,1
17.08.2021 01:24:03.461,1.35688,1.3567200000000001,1.12,1
17.08.2021 01:24:05.623,1.35689,1.3567200000000001,1.12,1
17.08.2021 01:24:06.809,1.35689,1.3567500000000001,1.5,1
17.08.2021 01:24:07.569,1.35689,1.3567500000000001,1.12,1
17.08.2021 01:24:07.809,1.3569,1.35674,1.5,1
17.08.2021 01:24:08.585,1.3569,1.35674,1.12,1
17.08.2021 01:24:16.338,1.35691,1.3567500000000001,1.12,1
17.08.2021 01:24:16.498,1.3569200000000001,1.3567500000000001,1,1.5
17.08.2021 01:24:55.336,1.3569,1.3567500000000001,1,1.5
17.08.2021 01:24:55.531,1.3569,1.3567500000000001,1,1.12
17.08.2021 01:25:14.789,1.35689,1.35674,1,3.12
17.08.2021 01:25:15.519,1.35688,1.35671,1,2.62
17.08.2021 01:25:15.569,1.3568500000000001,1.3567200000000001,1,1.87
17.08.2021 01:25:15.671,1.3568500000000001,1.3567,1,2.45
17.08.2021 01:25:15.772,1.3568700000000002,1.3567,1,1
17.08.2021 01:25:15.873,1.35684,1.3567,1,1
17.08.2021 01:25:15.977,1.3568200000000001,1.3566799999999999,1,1.12
17.08.2021 01:25:24.776,1.35684,1.3567,1,1
17.08.2021 01:25:35.636,1.3568700000000002,1.35671,1,1
17.08.2021 01:25:35.758,1.35688,1.3567200000000001,1.12,1
17.08.2021 01:25:35.864,1.35688,1.35674,1.12,1
17.08.2021 01:25:35.965,1.35691,1.3567600000000002,1,1
17.08.2021 01:25:36.066,1.35693,1.35677,1.12,1
17.08.2021 01:26:00.068,1.3569200000000001,1.3567600000000002,1,1
17.08.2021 01:26:00.168,1.35689,1.35673,1,1
17.08.2021 01:26:00.269,1.3568700000000002,1.35671,1,1
17.08.2021 01:26:02.561,1.3568700000000002,1.3567,1,1
17.08.2021 01:26:46.034,1.3568600000000002,1.35669,1,1
17.08.2021 01:26:55.272,1.35683,1.3566799999999999,1,1.12
17.08.2021 01:26:56.235,1.35683,1.35664,1,3.6
17.08.2021 01:26:56.633,1.35681,1.3566500000000001,1,1.5
17.08.2021 01:26:58.154,1.35681,1.35664,1,1.5
17.08.2021 01:26:58.827,1.3568,1.3566200000000002,1,3.6
17.08.2021 01:26:58.878,1.35678,1.3566200000000002,1,2.85
17.08.2021 01:27:01.458,1.35679,1.3566200000000002,1,1.2
17.08.2021 01:27:28.573,1.35678,1.35661,1,2.82
17.08.2021 01:27:33.027,1.35677,1.3566200000000002,1,1.12
17.08.2021 01:27:48.548,1.35677,1.3566,1,1.5
17.08.2021 01:27:48.745,1.3567600000000002,1.35659,1,1
17.08.2021 01:27:48.846,1.35674,1.35658,1,1.5
17.08.2021 01:27:48.947,1.35673,1.35658,1,1.5
17.08.2021 01:27:54.169,1.35674,1.35657,1,1
17.08.2021 01:27:55.134,1.35674,1.3565500000000001,1,2.82
17.08.2021 01:27:55.638,1.3567200000000001,1.35657,1,1.12
17.08.2021 01:27:56.824,1.3567200000000001,1.35654,1,2.1
17.08.2021 01:27:56.875,1.3567,1.35653,1,2.26
17.08.2021 01:27:56.925,1.35669,1.3565200000000002,1,1.6
17.08.2021 01:27:57.077,1.35669,1.35651,1,1.95
17.08.2021 01:27:57.178,1.3566600000000002,1.35649,1,1.5
17.08.2021 01:27:57.279,1.3566500000000001,1.35649,1,1.12
17.08.2021 01:27:57.380,1.35664,1.35646,1,2
17.08.2021 01:27:57.481,1.35664,1.35646,1,1.5
17.08.2021 01:27:57.992,1.3566200000000002,1.35646,1,1
17.08.2021 01:27:58.093,1.35661,1.35646,1,1.12
17.08.2021 01:28:05.533,1.35664,1.35647,1,1
17.08.2021 01:28:06.449,1.3566500000000001,1.35651,1,1
17.08.2021 01:29:45.226,1.3566600000000002,1.3565200000000002,1,1
17.08.2021 01:30:12.996,1.3567,1.35653,1.5,1
17.08.2021 01:30:15.893,1.3567,1.35653,1.5,1
17.08.2021 01:30:34.251,1.3566799999999999,1.35653,1.12,1
17.08.2021 01:30:38.525,1.35669,1.35654,1.5,1
17.08.2021 01:30:38.777,1.3567,1.3565200000000002,1.5,1
17.08.2021 01:30:39.350,1.35671,1.35653,1.5,1
17.08.2021 01:30:39.451,1.35671,1.3565600000000002,1.62,1
17.08.2021 01:30:39.614,1.3567200000000001,1.3565500000000001,1.62,1
17.08.2021 01:30:40.372,1.35671,1.3565600000000002,1.5,1
17.08.2021 01:30:43.273,1.35673,1.35654,1.5,1
17.08.2021 01:30:43.804,1.3567500000000001,1.3565600000000002,1.5,1
17.08.2021 01:30:44.005,1.35674,1.35657,1.5,1
17.08.2021 01:30:48.409,1.3567500000000001,1.3565500000000001,1.62,1
17.08.2021 01:30:52.932,1.35674,1.3565600000000002,1.5,1
17.08.2021 01:30:53.085,1.35674,1.35658,1,1
17.08.2021 01:30:53.186,1.35677,1.35659,1.5,1
17.08.2021 01:30:53.287,1.35678,1.3566,1.62,1
17.08.2021 01:30:53.450,1.35677,1.35661,1.62,1
17.08.2021 01:30:55.234,1.35678,1.35659,1.62,1
17.08.2021 01:30:55.386,1.35678,1.3566,1,1
17.08.2021 01:30:55.666,1.35677,1.35661,1,1
17.08.2021 01:31:02.541,1.3567,1.3565500000000001,1,1.1
17.08.2021 01:31:08.247,1.3567500000000001,1.35657,1,1
17.08.2021 01:31:08.348,1.3567600000000002,1.35657,1.12,2.32
17.08.2021 01:31:08.449,1.35677,1.3566,1.12,1
17.08.2021 01:31:08.550,1.3567600000000002,1.35659,1,1
17.08.2021 01:31:11.076,1.35674,1.3566,1,1
17.08.2021 01:31:12.966,1.35673,1.3566,1,1
17.08.2021 01:31:13.067,1.35674,1.35658,1,1.12
17.08.2021 01:31:13.168,1.35674,1.35659,1,1.12
17.08.2021 01:31:18.908,1.35674,1.35658,1,1.12
17.08.2021 01:31:22.668,1.35674,1.35657,1,1.12
17.08.2021 01:31:24.074,1.3567500000000001,1.35657,1,1.12
17.08.2021 01:31:54.460,1.35674,1.35658,1,1.22
17.08.2021 01:31:54.898,1.3567500000000001,1.35659,1,1
17.08.2021 01:31:57.307,1.35674,1.3565600000000002,1,2.1
17.08.2021 01:32:09.890,1.3567500000000001,1.35658,1,1
17.08.2021 01:32:10.015,1.3567500000000001,1.35659,1,1
17.08.2021 01:32:18.249,1.35678,1.35659,1,1.1
17.08.2021 01:32:18.349,1.35681,1.35663,1.5,2.32
17.08.2021 01:32:18.400,1.3568200000000001,1.3566500000000001,1.5,1
17.08.2021 01:32:18.451,1.35684,1.3566500000000001,1,1.5
17.08.2021 01:32:18.552,1.3568500000000001,1.3566799999999999,1,1
17.08.2021 01:32:19.009,1.3568600000000002,1.3566799999999999,1,1
17.08.2021 01:32:19.728,1.3568600000000002,1.35669,1,1
17.08.2021 01:32:20.404,1.3568600000000002,1.3567,1,1
17.08.2021 01:32:21.450,1.35688,1.3567,1,1
17.08.2021 01:32:21.750,1.35689,1.3567200000000001,1,1
17.08.2021 01:32:21.800,1.35691,1.35674,1,1
17.08.2021 01:32:22.052,1.35693,1.35674,1,1.5
17.08.2021 01:32:22.153,1.35693,1.35677,1,1.5
17.08.2021 01:32:22.254,1.3569600000000002,1.3567600000000002,1,1.6
17.08.2021 01:32:22.355,1.35698,1.3568,1,1.12
17.08.2021 01:32:22.405,1.357,1.35681,1.12,1
17.08.2021 01:32:22.506,1.35699,1.35683,1,1
17.08.2021 01:32:22.607,1.35699,1.3568200000000001,1,1
17.08.2021 01:32:22.794,1.357,1.35683,1,1
17.08.2021 01:32:23.971,1.35699,1.3568200000000001,1,1.1
17.08.2021 01:32:26.429,1.35698,1.35681,1,3.1
17.08.2021 01:32:28.097,1.35698,1.35681,1,1
17.08.2021 01:32:28.249,1.35699,1.35678,1,1.7
17.08.2021 01:32:28.350,1.3569600000000002,1.35679,1,1.7
17.08.2021 01:32:28.556,1.3569700000000002,1.3568,1,1.12
17.08.2021 01:32:29.417,1.35698,1.35679,1,1.5
17.08.2021 01:32:31.444,1.3569600000000002,1.3568,1,1.5
17.08.2021 01:32:31.975,1.3569700000000002,1.3568,1,1.12
17.08.2021 01:32:32.026,1.35695,1.35679,1,1.12
17.08.2021 01:32:32.177,1.35694,1.35678,1,1.5
17.08.2021 01:32:32.228,1.3569600000000002,1.35678,1,1.5
17.08.2021 01:32:34.271,1.35694,1.35678,1,1.5
17.08.2021 01:32:34.372,1.3569700000000002,1.35681,1,1
17.08.2021 01:32:35.178,1.35698,1.3568200000000001,1,1
17.08.2021 01:32:35.279,1.35698,1.35683,1,1
17.08.2021 01:32:36.226,1.357,1.3568200000000001,1,1.57
17.08.2021 01:32:36.326,1.35701,1.35683,1,2.1
17.08.2021 01:32:36.427,1.35704,1.35684,1,1.95
17.08.2021 01:32:36.478,1.35704,1.3568600000000002,1,1
17.08.2021 01:32:36.579,1.35708,1.35688,1.5,1.5
17.08.2021 01:32:36.630,1.35708,1.3569200000000001,1.5,1
17.08.2021 01:32:36.681,1.3571,1.35691,1,1
17.08.2021 01:32:36.782,1.3571,1.3569200000000001,1,1.5
17.08.2021 01:32:36.984,1.35712,1.35693,1,1
17.08.2021 01:32:37.085,1.35713,1.3569700000000002,1,1
17.08.2021 01:32:37.236,1.35712,1.35693,1,1.5
17.08.2021 01:32:37.344,1.35712,1.35693,1,1.6
17.08.2021 01:32:37.495,1.35712,1.35693,1,1.7
17.08.2021 01:32:37.617,1.35713,1.3569600000000002,1,1.5
17.08.2021 01:32:37.718,1.35714,1.3569600000000002,1,1
17.08.2021 01:32:37.919,1.35715,1.3569700000000002,1,1
17.08.2021 01:32:37.970,1.3571,1.3569700000000002,1,1
17.08.2021 01:32:38.021,1.3571,1.35694,1,1
17.08.2021 01:32:38.121,1.35712,1.35695,1,1
17.08.2021 01:32:38.172,1.3570900000000001,1.35695,1,1
17.08.2021 01:32:39.626,1.3571,1.35693,1,1
17.08.2021 01:32:40.094,1.35711,1.35693,1,1.5
17.08.2021 01:32:40.552,1.35711,1.35694,1,1
17.08.2021 01:32:40.953,1.3570900000000001,1.35695,1,1
17.08.2021 01:32:43.333,1.35711,1.35694,1,1
17.08.2021 01:32:43.919,1.35708,1.35694,1,1
17.08.2021 01:32:44.020,1.3571,1.35695,1,1
17.08.2021 01:32:44.121,1.35712,1.3569600000000002,1,1
17.08.2021 01:32:44.222,1.35715,1.3569600000000002,1,1
17.08.2021 01:32:44.323,1.35715,1.35698,1,1
17.08.2021 01:32:44.424,1.35715,1.35699,1,1
17.08.2021 01:32:44.627,1.3571600000000001,1.35699,1,1
17.08.2021 01:32:44.677,1.35723,1.3570700000000002,1,1
17.08.2021 01:32:44.778,1.35723,1.3570600000000002,1,1
17.08.2021 01:32:44.899,1.35722,1.3570700000000002,1,1
17.08.2021 01:32:45.917,1.35723,1.3570700000000002,1.1,1
17.08.2021 01:32:46.018,1.35724,1.3570600000000002,1,1
17.08.2021 01:32:49.862,1.35724,1.3570600000000002,1,1
17.08.2021 01:32:50.476,1.35725,1.3570600000000002,1.62,1
17.08.2021 01:32:50.577,1.35724,1.3571,1,1
17.08.2021 01:32:50.678,1.35724,1.3571,1,1
17.08.2021 01:32:50.858,1.35725,1.35708,1,1
17.08.2021 01:32:51.230,1.35724,1.3570700000000002,1,1
17.08.2021 01:32:51.381,1.35724,1.3570700000000002,1.5,1
17.08.2021 01:32:51.706,1.35725,1.3570900000000001,1,1
17.08.2021 01:32:52.593,1.3572600000000001,1.3570900000000001,1,1
17.08.2021 01:32:53.018,1.3572600000000001,1.3570900000000001,1,1
17.08.2021 01:32:53.920,1.3572600000000001,1.3570900000000001,1,1
17.08.2021 01:32:57.092,1.3572600000000001,1.3570700000000002,1,1
17.08.2021 01:32:57.193,1.35722,1.3570700000000002,1.12,1
17.08.2021 01:32:58.177,1.35721,1.35705,1,1
17.08.2021 01:32:58.379,1.35724,1.3570700000000002,1.12,1
17.08.2021 01:32:59.790,1.35724,1.35708,1.12,1
17.08.2021 01:32:59.938,1.35725,1.3570900000000001,1,1
17.08.2021 01:33:00.039,1.35725,1.3570900000000001,1,1
17.08.2021 01:33:00.140,1.35725,1.3570900000000001,1,1
17.08.2021 01:33:01.145,1.35724,1.3570700000000002,1.87,1
17.08.2021 01:33:01.196,1.35721,1.3570600000000002,1,1
17.08.2021 01:33:02.608,1.3572,1.3570600000000002,1,1
17.08.2021 01:33:05.679,1.35718,1.3570200000000001,1,1.5
17.08.2021 01:33:05.780,1.35715,1.35703,1,1
17.08.2021 01:33:05.830,1.35715,1.35701,1,1.87
17.08.2021 01:33:06.032,1.3571700000000002,1.3570200000000001,1,1
17.08.2021 01:33:06.767,1.3571900000000001,1.3570200000000001,1,1
17.08.2021 01:33:07.583,1.3571900000000001,1.35703,1,1
17.08.2021 01:33:08.685,1.3572,1.35704,1.87,1
17.08.2021 01:33:09.646,1.3572,1.3570600000000002,1.12,1
17.08.2021 01:33:09.856,1.35718,1.35708,1,1
17.08.2021 01:33:10.122,1.3571900000000001,1.3570900000000001,1,1
17.08.2021 01:33:10.223,1.35724,1.35708,1,1
17.08.2021 01:33:10.574,1.35723,1.3570700000000002,1.5,1
17.08.2021 01:33:11.133,1.35724,1.3570600000000002,1.62,1
17.08.2021 01:33:11.762,1.35722,1.3570600000000002,1.12,1
17.08.2021 01:33:11.913,1.35722,1.35704,1,1
17.08.2021 01:33:11.963,1.3572,1.35703,1,1
17.08.2021 01:33:12.184,1.35718,1.35703,1,1
17.08.2021 01:33:14.258,1.3571600000000001,1.3570200000000001,1,1
17.08.2021 01:33:25.479,1.3571700000000002,1.35703,1,1
17.08.2021 01:33:26.599,1.3571700000000002,1.35704,1,1
17.08.2021 01:33:27.757,1.35718,1.35705,1,1
17.08.2021 01:33:27.808,1.3571900000000001,1.3570600000000002,1,1
17.08.2021 01:33:29.125,1.3571900000000001,1.35705,1,1
17.08.2021 01:33:31.713,1.3571900000000001,1.3570600000000002,1,1
17.08.2021 01:33:31.969,1.3571900000000001,1.3570200000000001,1,1
17.08.2021 01:33:32.185,1.3571700000000002,1.3570200000000001,1,1
17.08.2021 01:33:32.791,1.3571900000000001,1.3570600000000002,1,1
17.08.2021 01:33:33.250,1.3571900000000001,1.35703,1,1
17.08.2021 01:33:34.600,1.3572,1.35703,1.12,1
17.08.2021 01:33:35.236,1.3572,1.35704,1,1
17.08.2021 01:33:36.714,1.35718,1.35701,1,1
17.08.2021 01:33:38.284,1.35718,1.35704,1,1
17.08.2021 01:33:38.537,1.3571700000000002,1.35704,1,1
17.08.2021 01:33:38.655,1.3571900000000001,1.35703,1,1
17.08.2021 01:33:40.105,1.3571900000000001,1.3570700000000002,1,1
17.08.2021 01:33:40.878,1.3571900000000001,1.3570900000000001,1,1
17.08.2021 01:33:40.929,1.3572,1.3570600000000002,1,1
17.08.2021 01:33:41.080,1.35722,1.3570700000000002,1.5,1
17.08.2021 01:33:42.551,1.3572,1.35705,1,1
17.08.2021 01:33:42.753,1.3571900000000001,1.35703,1,1
17.08.2021 01:33:43.049,1.35718,1.3570200000000001,1,1
17.08.2021 01:33:45.006,1.35718,1.35704,1.5,1
17.08.2021 01:33:45.354,1.3571900000000001,1.35704,1,1
17.08.2021 01:33:45.517,1.3571900000000001,1.35705,1,1
17.08.2021 01:33:47.123,1.35721,1.3570700000000002,1,1
17.08.2021 01:33:49.908,1.35722,1.35708,1,1
17.08.2021 01:33:52.505,1.3572600000000001,1.35712,1,1
17.08.2021 01:33:52.606,1.35731,1.3571600000000001,1.5,1
17.08.2021 01:33:52.707,1.35731,1.3571700000000002,1,1
17.08.2021 01:33:52.757,1.35734,1.35718,1.5,1
17.08.2021 01:33:52.858,1.35734,1.3572,1,1
17.08.2021 01:33:55.093,1.3573700000000002,1.35723,1.87,1
17.08.2021 01:33:55.194,1.35733,1.3571900000000001,1,1.5
17.08.2021 01:33:58.855,1.35733,1.3571700000000002,1,1
17.08.2021 01:34:06.231,1.35734,1.35718,1,1
17.08.2021 01:34:06.994,1.35733,1.3571900000000001,1,1.62
17.08.2021 01:34:10.278,1.35734,1.35718,1,1
17.08.2021 01:34:13.479,1.35734,1.3571700000000002,1,1
17.08.2021 01:34:13.580,1.3573000000000002,1.3571600000000001,1,1
17.08.2021 01:34:16.785,1.35733,1.3571700000000002,1,1
17.08.2021 01:34:16.886,1.35734,1.35718,1,1
17.08.2021 01:34:19.941,1.3573600000000001,1.35721,2.75,1
17.08.2021 01:34:20.243,1.35735,1.35718,1,1
17.08.2021 01:34:20.394,1.35733,1.35718,1,1
17.08.2021 01:34:20.697,1.35734,1.3571900000000001,1,1
17.08.2021 01:34:22.440,1.35733,1.35718,2,1
17.08.2021 01:34:22.491,1.35733,1.35715,1.12,1
17.08.2021 01:34:22.933,1.35732,1.35715,1,1
17.08.2021 01:34:23.084,1.35731,1.35713,1,1
17.08.2021 01:34:24.047,1.35729,1.35713,1,1
17.08.2021 01:34:25.110,1.35731,1.35715,1,1
17.08.2021 01:34:25.524,1.3573000000000002,1.3571700000000002,1,1
17.08.2021 01:34:26.422,1.35732,1.3571700000000002,2,1
17.08.2021 01:34:27.267,1.35732,1.35715,2.82,1
17.08.2021 01:34:27.418,1.35733,1.35713,3.57,1
17.08.2021 01:34:27.630,1.35731,1.35712,1,1
17.08.2021 01:34:28.130,1.3573000000000002,1.35712,1,1
17.08.2021 01:34:29.484,1.35729,1.35712,1,1
17.08.2021 01:34:29.709,1.35729,1.35711,1,1
17.08.2021 01:34:30.526,1.35729,1.35713,1,1
17.08.2021 01:34:30.690,1.35729,1.35711,1,1
17.08.2021 01:34:31.094,1.35728,1.3571,1,1
17.08.2021 01:34:31.199,1.3572600000000001,1.3570900000000001,1,1
17.08.2021 01:34:31.468,1.35725,1.3570900000000001,1,1
17.08.2021 01:34:34.065,1.35725,1.35711,1,1
17.08.2021 01:34:34.167,1.3572700000000002,1.35711,1,1
17.08.2021 01:34:34.588,1.35728,1.35714,1,1
17.08.2021 01:34:34.947,1.35728,1.35712,1,1
17.08.2021 01:34:40.051,1.35728,1.35714,1,1
17.08.2021 01:34:40.552,1.35731,1.35715,1.12,1
17.08.2021 01:34:44.429,1.35729,1.35715,1,1
17.08.2021 01:34:44.640,1.35728,1.35712,1,1
17.08.2021 01:34:46.380,1.35729,1.35715,1.12,1
17.08.2021 01:34:51.736,1.35729,1.35715,1,1.5
17.08.2021 01:34:51.786,1.35731,1.3571700000000002,1,1.12
17.08.2021 01:35:04.148,1.35733,1.3571700000000002,1.12,1
17.08.2021 01:35:04.456,1.35733,1.3571900000000001,1.5,1
17.08.2021 01:35:04.984,1.35733,1.3571900000000001,1.12,1
17.08.2021 01:35:15.710,1.35732,1.35718,1,1.5
17.08.2021 01:35:17.491,1.35733,1.3571900000000001,1.12,1.12
17.08.2021 01:35:31.069,1.35732,1.35718,1,1.5
17.08.2021 01:35:32.040,1.35732,1.35718,1.12,1.12
17.08.2021 01:35:37.992,1.3573000000000002,1.35714,1,1.5
17.08.2021 01:35:38.094,1.35728,1.35712,1,1.62
17.08.2021 01:35:38.195,1.35728,1.35712,1,1.5
17.08.2021 01:35:50.644,1.3573000000000002,1.35714,1.5,1
17.08.2021 01:36:00.587,1.35728,1.35712,1,1
17.08.2021 01:36:00.738,1.3572600000000001,1.35712,1,1
17.08.2021 01:36:00.839,1.35725,1.35712,1,1
17.08.2021 01:36:00.991,1.35725,1.3570900000000001,1,1
17.08.2021 01:36:27.235,1.35728,1.35712,1.6,1
17.08.2021 01:36:33.233,1.3572600000000001,1.3570900000000001,1,1
17.08.2021 01:36:33.334,1.35729,1.35712,2.35,1
17.08.2021 01:36:33.435,1.3573000000000002,1.35711,1.6,1
17.08.2021 01:36:34.884,1.35728,1.35712,1.1,1
17.08.2021 01:36:35.050,1.3572700000000002,1.35712,1.2,1
17.08.2021 01:36:37.465,1.3572700000000002,1.35711,1.2,1
17.08.2021 01:36:39.344,1.35728,1.3571,1.22,1
17.08.2021 01:36:39.871,1.35723,1.3570600000000002,1,1
17.08.2021 01:36:39.922,1.35722,1.35704,1,1
17.08.2021 01:36:40.023,1.35722,1.35703,1,1
17.08.2021 01:36:40.823,1.35722,1.35703,1.22,1
17.08.2021 01:36:41.348,1.35722,1.35703,1.97,1
17.08.2021 01:36:42.187,1.35715,1.35698,1,1
17.08.2021 01:36:43.136,1.35714,1.35698,1,1
17.08.2021 01:36:47.339,1.35714,1.3569700000000002,1,1
17.08.2021 01:36:55.001,1.35713,1.35699,1,1
17.08.2021 01:36:58.225,1.35715,1.357,1.5,1
17.08.2021 01:37:00.630,1.35715,1.35698,1,1
17.08.2021 01:37:05.155,1.35712,1.35698,1,1
17.08.2021 01:37:08.383,1.35711,1.35695,1,1.12
17.08.2021 01:37:10.782,1.35713,1.3569700000000002,1.5,1
17.08.2021 01:37:11.698,1.35712,1.3569600000000002,1,1
17.08.2021 01:37:11.799,1.35708,1.3569200000000001,1,1
17.08.2021 01:37:12.100,1.3570900000000001,1.35694,1.5,1
17.08.2021 01:37:15.865,1.3571,1.35695,1,1
17.08.2021 01:37:15.916,1.35711,1.35699,1,1
17.08.2021 01:37:15.966,1.35714,1.35699,1.5,1
17.08.2021 01:37:16.074,1.35715,1.357,1,1
17.08.2021 01:37:16.530,1.3571600000000001,1.35701,1.12,1
17.08.2021 01:37:16.631,1.3571900000000001,1.35703,1,1
17.08.2021 01:37:21.853,1.35723,1.35703,1.97,1
17.08.2021 01:37:22.165,1.3571600000000001,1.3570200000000001,1,1
17.08.2021 01:37:22.854,1.3571900000000001,1.3570200000000001,1,1
17.08.2021 01:37:27.924,1.3572,1.35704,1.57,1
17.08.2021 01:37:30.123,1.3572,1.3570200000000001,1.6,1
17.08.2021 01:37:30.173,1.3571700000000002,1.3570200000000001,1,1
17.08.2021 01:37:30.274,1.35712,1.35695,1,1.5
17.08.2021 01:37:30.375,1.35713,1.35695,1,1
17.08.2021 01:37:30.526,1.35713,1.35695,1.1,1
17.08.2021 01:37:30.677,1.35713,1.35695,1.6,1
17.08.2021 01:37:35.203,1.3571,1.35694,1,1
17.08.2021 01:37:38.042,1.35708,1.35691,1,1.12
17.08.2021 01:37:41.110,1.3571,1.3569200000000001,1,1
17.08.2021 01:37:41.211,1.35708,1.35693,1,1
17.08.2021 01:37:42.380,1.3570600000000002,1.35691,1,1.5
17.08.2021 01:37:44.616,1.3570600000000002,1.35691,1,1.12
17.08.2021 01:37:47.754,1.3570600000000002,1.3569,1,1
17.08.2021 01:38:01.986,1.3570700000000002,1.35691,1,1
17.08.2021 01:38:02.792,1.3570600000000002,1.3569200000000001,1,1.5
17.08.2021 01:38:03.264,1.3570700000000002,1.35693,1,1.12
17.08.2021 01:38:03.365,1.35712,1.35698,2.25,1
17.08.2021 01:38:03.516,1.35714,1.35698,1,1
17.08.2021 01:38:03.950,1.3571600000000001,1.3570200000000001,1,1
17.08.2021 01:38:04.102,1.3571900000000001,1.35701,1,1
17.08.2021 01:38:04.458,1.3571900000000001,1.35703,1.6,1
17.08.2021 01:38:04.559,1.3571900000000001,1.35703,1,1
17.08.2021 01:38:06.224,1.35721,1.35704,2.7,1
17.08.2021 01:38:06.274,1.35724,1.35705,2.85,1
17.08.2021 01:38:06.425,1.35724,1.35705,1,1
17.08.2021 01:38:06.955,1.35723,1.35705,1,1
17.08.2021 01:38:11.322,1.35721,1.35705,1.1,1
17.08.2021 01:38:11.373,1.35718,1.35705,1,1
17.08.2021 01:38:11.474,1.35722,1.35705,1.1,1
17.08.2021 01:38:11.575,1.35723,1.35704,1.1,1
17.08.2021 01:38:11.726,1.3572600000000001,1.35705,2.47,1
17.08.2021 01:38:12.118,1.35725,1.3570600000000002,1.72,1
17.08.2021 01:38:12.219,1.35723,1.35704,1.22,1
17.08.2021 01:38:12.692,1.35722,1.35705,1.1,1
17.08.2021 01:38:12.793,1.35721,1.35703,1.2,1
17.08.2021 01:38:13.835,1.3572,1.35704,1.22,1
17.08.2021 01:38:15.006,1.3571900000000001,1.3570200000000001,1.6,1
17.08.2021 01:38:15.308,1.3572,1.35701,1.6,1
17.08.2021 01:38:17.862,1.3571900000000001,1.3570200000000001,1.97,1
17.08.2021 01:38:18.121,1.3572,1.35701,1.97,1
17.08.2021 01:38:19.086,1.3571900000000001,1.3570200000000001,2.35,1
17.08.2021 01:38:19.291,1.3571900000000001,1.3570200000000001,2.35,1
17.08.2021 01:38:27.265,1.3571700000000002,1.35701,1.1,1
17.08.2021 01:38:27.316,1.3571600000000001,1.357,1.1,1
17.08.2021 01:38:27.697,1.35715,1.35699,1,1
17.08.2021 01:38:34.771,1.35713,1.357,1,1
17.08.2021 01:38:34.822,1.35712,1.3569600000000002,1,1
17.08.2021 01:38:38.811,1.3571,1.3569600000000002,1,1
17.08.2021 01:38:38.918,1.3571,1.35695,1,1
17.08.2021 01:38:40.241,1.35708,1.3569200000000001,1,1.12
17.08.2021 01:38:47.537,1.3570700000000002,1.35691,1,1
17.08.2021 01:39:05.905,1.3570600000000002,1.3569,1,1.12
17.08.2021 01:39:06.057,1.357,1.35689,1,1
17.08.2021 01:39:06.157,1.357,1.3568600000000002,1,1.62
17.08.2021 01:39:06.258,1.357,1.3568600000000002,1,1.12
17.08.2021 01:39:06.309,1.35698,1.35684,1,1.5
17.08.2021 01:39:06.410,1.3569600000000002,1.3568200000000001,1,1.5
17.08.2021 01:39:06.461,1.3569700000000002,1.35681,1,1.5
