Gmt time,Ask,Bid,AskVolume,BidVolume
11.08.2021 00:00:01.007,1.35989,1.3596100000000002,1,1
11.08.2021 00:00:01.138,1.35989,1.3596000000000001,1,1
11.08.2021 00:00:11.091,1.35986,1.35959,1,1
11.08.2021 00:00:11.192,1.3597000000000001,1.35952,1,1
11.08.2021 00:00:11.243,1.3597000000000001,1.3594700000000002,1,2.75
11.08.2021 00:00:11.294,1.35975,1.3594600000000001,1,1.5
11.08.2021 00:00:11.395,1.3597299999999999,1.35943,1,1
11.08.2021 00:00:12.214,1.3597299999999999,1.35943,1.5,1.5
11.08.2021 00:00:12.422,1.35974,1.35942,1.5,1
11.08.2021 00:00:13.061,1.35974,1.35942,1.5,1.5
11.08.2021 00:00:19.096,1.35975,1.35944,1,1.5
11.08.2021 00:00:21.918,1.35974,1.35945,1,1
11.08.2021 00:00:22.019,1.35974,1.35944,1,1
11.08.2021 00:00:22.070,1.35974,1.35948,1,1.12
11.08.2021 00:00:22.334,1.3597299999999999,1.35948,1,1
11.08.2021 00:00:30.705,1.35972,1.35948,1,1
11.08.2021 00:00:30.806,1.3597100000000002,1.35949,1,1
11.08.2021 00:00:36.789,1.3597299999999999,1.35956,1,1
11.08.2021 00:00:36.840,1.35976,1.3596000000000001,1.5,1
11.08.2021 00:00:37.342,1.3597700000000001,1.3596000000000001,1,1
11.08.2021 00:00:44.350,1.3597700000000001,1.3596100000000002,1,1
11.08.2021 00:00:50.353,1.3597700000000001,1.3596000000000001,1,1
11.08.2021 00:00:52.074,1.35976,1.35959,1,1
11.08.2021 00:01:01.080,1.35976,1.3596100000000002,1,1
11.08.2021 00:01:01.282,1.35978,1.3596100000000002,1.5,1
11.08.2021 00:01:10.743,1.3598000000000001,1.3596100000000002,1,1
11.08.2021 00:01:12.291,1.35982,1.3595700000000002,1.5,1
11.08.2021 00:01:12.392,1.3598100000000002,1.35955,1,1
11.08.2021 00:01:12.543,1.35979,1.35954,1,1
11.08.2021 00:01:12.593,1.35975,1.35954,1,1
11.08.2021 00:01:12.859,1.35979,1.35953,1,1
11.08.2021 00:01:19.637,1.35978,1.35953,1,1
11.08.2021 00:01:30.081,1.35979,1.35953,1.12,1
11.08.2021 00:01:30.182,1.35978,1.35953,1,1
11.08.2021 00:01:30.334,1.3597700000000001,1.35953,1,1
11.08.2021 00:01:30.627,1.35975,1.35953,1,1
11.08.2021 00:01:44.836,1.35976,1.35951,1,1
11.08.2021 00:01:44.995,1.3598000000000001,1.35951,2,1
11.08.2021 00:01:46.916,1.3597100000000002,1.35952,1,1
11.08.2021 00:01:50.802,1.35976,1.35951,1,1
11.08.2021 00:01:55.679,1.35976,1.35952,1,1
11.08.2021 00:01:57.655,1.35976,1.35954,1,1
11.08.2021 00:01:59.100,1.3597299999999999,1.35953,1,1
11.08.2021 00:02:00.081,1.35978,1.35953,1,1
11.08.2021 00:02:00.183,1.3597700000000001,1.35954,1,1
11.08.2021 00:02:01.050,1.35978,1.35954,1,1
11.08.2021 00:02:05.893,1.35979,1.35954,1,1
11.08.2021 00:02:05.994,1.35979,1.35956,1,1
11.08.2021 00:02:24.121,1.3598100000000002,1.35955,1,1
11.08.2021 00:02:26.094,1.35979,1.35956,1,1
11.08.2021 00:02:30.080,1.3598100000000002,1.35955,1,1
11.08.2021 00:02:34.496,1.3598000000000001,1.35955,1,1
11.08.2021 00:02:34.546,1.3598000000000001,1.3595700000000002,1,1
11.08.2021 00:02:34.683,1.3598100000000002,1.35958,1,1
11.08.2021 00:02:34.784,1.35983,1.35958,1,1
11.08.2021 00:02:34.886,1.35983,1.3596100000000002,1,1
11.08.2021 00:02:34.993,1.35984,1.3596100000000002,1,1
11.08.2021 00:02:37.217,1.35986,1.3596100000000002,1,1
11.08.2021 00:02:46.849,1.35985,1.35964,1,1
11.08.2021 00:02:46.953,1.35986,1.35962,1,1
11.08.2021 00:02:48.243,1.35986,1.35962,1.5,1
11.08.2021 00:02:48.344,1.35985,1.35963,1.5,1
11.08.2021 00:02:48.445,1.35985,1.35962,1.5,1
11.08.2021 00:02:48.583,1.35986,1.3596100000000002,1.5,1
11.08.2021 00:02:56.872,1.3598000000000001,1.35962,1,1
11.08.2021 00:02:57.482,1.35983,1.35962,1.5,1
11.08.2021 00:03:00.045,1.35985,1.3596100000000002,1.5,1
11.08.2021 00:03:01.430,1.35984,1.35963,1.5,1
11.08.2021 00:03:01.480,1.35985,1.3596000000000001,1.5,1
11.08.2021 00:03:01.938,1.35984,1.35962,1.5,1
11.08.2021 00:03:02.039,1.35985,1.3596000000000001,1.5,1
11.08.2021 00:03:06.803,1.35984,1.3596100000000002,1.5,1
11.08.2021 00:03:11.436,1.35985,1.3596100000000002,1.5,1
11.08.2021 00:03:11.537,1.35985,1.35964,2,1
11.08.2021 00:03:11.638,1.35983,1.35965,1.5,1
11.08.2021 00:03:11.739,1.35984,1.35964,1.5,1
11.08.2021 00:03:11.890,1.35985,1.35965,1.5,1
11.08.2021 00:03:12.041,1.35986,1.35965,2,1
11.08.2021 00:03:12.266,1.35986,1.35966,1.5,1
11.08.2021 00:03:12.417,1.35988,1.35965,1.5,1
11.08.2021 00:03:12.568,1.35982,1.35966,1,1
11.08.2021 00:03:14.157,1.3598700000000001,1.35966,1.5,1
11.08.2021 00:03:31.702,1.35984,1.35966,1.5,1
11.08.2021 00:03:35.710,1.35985,1.35966,2,1
11.08.2021 00:03:36.309,1.35986,1.35962,2,1
11.08.2021 00:03:36.503,1.35986,1.35962,2,1
11.08.2021 00:03:36.604,1.35985,1.35963,2,1
11.08.2021 00:03:36.705,1.35986,1.35963,1.5,1
11.08.2021 00:03:38.578,1.35984,1.35964,1.12,1
11.08.2021 00:03:39.832,1.3598700000000001,1.35965,1.5,1
11.08.2021 00:03:42.378,1.35986,1.35963,1.5,1
11.08.2021 00:03:44.639,1.35985,1.35964,1.5,1
11.08.2021 00:03:44.690,1.35982,1.35963,1,1
11.08.2021 00:03:46.073,1.35984,1.35964,1.5,1
11.08.2021 00:03:46.174,1.35983,1.35964,1,1
11.08.2021 00:03:46.459,1.35985,1.35963,1.5,1
11.08.2021 00:03:46.815,1.3598100000000002,1.35964,1,1
11.08.2021 00:04:29.781,1.3598100000000002,1.35963,1,1
11.08.2021 00:04:51.572,1.3598100000000002,1.35965,1,1
11.08.2021 00:05:02.904,1.35979,1.35963,1,1
11.08.2021 00:05:03.005,1.35978,1.35962,1,1
11.08.2021 00:05:03.106,1.35979,1.35968,1,1
11.08.2021 00:05:03.332,1.35982,1.3596700000000002,1,1
11.08.2021 00:05:03.631,1.3598100000000002,1.3597000000000001,1,1
11.08.2021 00:05:04.121,1.35984,1.3597000000000001,1,1
11.08.2021 00:05:05.231,1.3598100000000002,1.3597000000000001,1,1
11.08.2021 00:05:06.103,1.35983,1.3597000000000001,1,1
11.08.2021 00:05:06.266,1.35985,1.35969,1,1
11.08.2021 00:05:06.698,1.35976,1.35966,1,1.5
11.08.2021 00:05:06.749,1.35984,1.35969,1.5,1
11.08.2021 00:05:06.955,1.35985,1.35969,1,1
11.08.2021 00:05:12.210,1.35988,1.35974,1,1
11.08.2021 00:05:12.311,1.35979,1.35968,1,1
11.08.2021 00:05:12.362,1.35983,1.35969,1,1
11.08.2021 00:05:38.700,1.35986,1.3597000000000001,1,1
11.08.2021 00:05:44.485,1.3598700000000001,1.3597100000000002,2.25,1
11.08.2021 00:05:45.532,1.35984,1.35969,1,1
11.08.2021 00:05:46.388,1.35983,1.3597100000000002,1,1
11.08.2021 00:05:46.438,1.35986,1.3597000000000001,1,1
11.08.2021 00:05:46.540,1.3598700000000001,1.3597100000000002,1,1
11.08.2021 00:05:46.691,1.3598700000000001,1.3597000000000001,2.25,2.25
11.08.2021 00:05:46.792,1.3598700000000001,1.3597000000000001,1,3.87
11.08.2021 00:05:48.517,1.35989,1.3597100000000002,1,1
11.08.2021 00:06:47.826,1.3598700000000001,1.35969,1,4.25
11.08.2021 00:06:47.877,1.35985,1.35969,1,2.75
11.08.2021 00:06:47.978,1.35984,1.3596700000000002,1,1
11.08.2021 00:06:48.079,1.35983,1.35965,1,2.62
11.08.2021 00:06:48.493,1.35974,1.35965,1,1.5
11.08.2021 00:06:48.897,1.35974,1.35965,1,1
11.08.2021 00:06:48.948,1.35982,1.35964,1,1
11.08.2021 00:06:54.057,1.3598000000000001,1.35963,1,1.12
11.08.2021 00:07:05.110,1.35978,1.35962,1,1
11.08.2021 00:07:05.211,1.35978,1.3596100000000002,1,1.12
11.08.2021 00:07:05.981,1.35978,1.35962,1,1
11.08.2021 00:07:06.071,1.35978,1.3596100000000002,1,1.12
11.08.2021 00:07:06.321,1.35976,1.3596000000000001,1,1.62
11.08.2021 00:07:06.478,1.35975,1.3596000000000001,1,1
11.08.2021 00:07:06.629,1.3597000000000001,1.35959,1,1.5
11.08.2021 00:07:06.972,1.3597100000000002,1.35958,1,1.12
11.08.2021 00:07:07.055,1.35976,1.35958,1,1.12
11.08.2021 00:07:17.014,1.3597100000000002,1.35956,1,1.12
11.08.2021 00:07:17.065,1.35974,1.35956,1,1.12
11.08.2021 00:07:17.216,1.3597000000000001,1.35955,1,1.5
11.08.2021 00:07:17.267,1.35969,1.35952,1,1.12
11.08.2021 00:07:17.368,1.35968,1.35951,1,1
11.08.2021 00:07:18.157,1.3596700000000002,1.35951,1,1
11.08.2021 00:07:26.988,1.3596700000000002,1.35952,1,1
11.08.2021 00:07:27.729,1.35968,1.35951,1,1.5
11.08.2021 00:07:28.721,1.3596100000000002,1.35951,1,1.12
11.08.2021 00:07:29.609,1.35968,1.35951,1,1
11.08.2021 00:07:30.071,1.35968,1.35952,1,1
11.08.2021 00:07:30.190,1.35969,1.35954,1,1
11.08.2021 00:07:46.606,1.3597100000000002,1.35956,1,1
11.08.2021 00:07:46.711,1.35972,1.35958,1,1
11.08.2021 00:07:48.357,1.35975,1.35959,1.5,1
11.08.2021 00:09:02.783,1.35972,1.3595700000000002,1,1
11.08.2021 00:09:08.007,1.3597000000000001,1.35955,1,1.5
11.08.2021 00:09:08.739,1.3597000000000001,1.35953,1,1
11.08.2021 00:09:08.840,1.3596700000000002,1.3595000000000002,1,1.5
11.08.2021 00:09:38.055,1.35968,1.35952,1,1
11.08.2021 00:10:11.131,1.3597000000000001,1.35954,1,1
11.08.2021 00:11:00.317,1.3596700000000002,1.35955,1.12,1
11.08.2021 00:11:00.367,1.35965,1.35951,1.5,1.12
11.08.2021 00:11:00.468,1.3596700000000002,1.35954,1.12,1
11.08.2021 00:11:00.569,1.35969,1.35953,1,1
11.08.2021 00:11:23.053,1.3597000000000001,1.35956,1,1
11.08.2021 00:11:23.176,1.3597299999999999,1.35959,1,1
11.08.2021 00:11:23.277,1.3597700000000001,1.3596100000000002,1,1
11.08.2021 00:11:48.237,1.35978,1.35962,1,1
11.08.2021 00:12:07.864,1.35982,1.35968,1,1
11.08.2021 00:12:07.965,1.35983,1.35969,1,1
11.08.2021 00:12:08.116,1.35986,1.3597000000000001,1,1
11.08.2021 00:12:41.542,1.35986,1.35972,1,1
11.08.2021 00:12:51.050,1.35988,1.35972,1,1
11.08.2021 00:14:00.111,1.3598700000000001,1.3597299999999999,1.5,1
11.08.2021 00:14:00.162,1.35986,1.3597000000000001,1,1
11.08.2021 00:14:00.213,1.35984,1.35968,1,1.12
11.08.2021 00:14:00.364,1.35983,1.3596700000000002,1,1
11.08.2021 00:14:00.465,1.35982,1.35966,1,1
11.08.2021 00:14:07.329,1.35982,1.35968,1,1
11.08.2021 00:14:37.250,1.35985,1.35969,1,1
11.08.2021 00:14:37.351,1.35988,1.35972,1.5,1
11.08.2021 00:14:37.556,1.3599,1.35974,1.5,1
11.08.2021 00:14:38.136,1.3599,1.35974,1,1
11.08.2021 00:15:02.478,1.3599100000000002,1.35975,1,1
11.08.2021 00:15:06.129,1.3599,1.35974,1,1
11.08.2021 00:15:56.258,1.35988,1.35972,1,1
11.08.2021 00:16:00.083,1.35988,1.35972,1.5,1
11.08.2021 00:16:00.184,1.35984,1.3597000000000001,1.12,1.12
11.08.2021 00:16:00.285,1.35986,1.3597000000000001,1,1
11.08.2021 00:17:08.195,1.35985,1.35969,1,1
11.08.2021 00:17:08.246,1.3598100000000002,1.3596700000000002,1,1
11.08.2021 00:17:08.448,1.35979,1.35965,1,1
11.08.2021 00:22:19.756,1.35982,1.35968,1.5,1.12
11.08.2021 00:22:20.071,1.35982,1.35968,1,1
11.08.2021 00:22:20.309,1.35984,1.35969,1,1
11.08.2021 00:22:20.410,1.35986,1.35972,1.12,1
11.08.2021 00:22:20.461,1.35988,1.35974,1.12,1
11.08.2021 00:22:22.534,1.3599,1.35976,1,1
11.08.2021 00:22:28.679,1.3599100000000002,1.35979,1,1
11.08.2021 00:22:28.730,1.35994,1.35982,1,1
11.08.2021 00:22:28.835,1.35998,1.35982,1,1.5
11.08.2021 00:22:28.936,1.3599700000000001,1.35983,1,2
11.08.2021 00:22:29.042,1.36,1.35984,1,1
11.08.2021 00:22:31.292,1.35995,1.35979,1,1.5
11.08.2021 00:22:31.393,1.3599200000000002,1.35978,1,1.62
11.08.2021 00:22:31.544,1.3599,1.35974,1,1
11.08.2021 00:22:31.645,1.35988,1.35972,1,1.12
11.08.2021 00:22:31.800,1.3598700000000001,1.3597100000000002,1,1.62
11.08.2021 00:22:32.020,1.3598700000000001,1.3597100000000002,1,1
11.08.2021 00:22:32.559,1.35986,1.3597000000000001,1,1
11.08.2021 00:22:32.676,1.35983,1.35969,1,1.5
11.08.2021 00:22:33.028,1.35983,1.35969,1,1
11.08.2021 00:23:17.200,1.35982,1.35968,1,1.5
11.08.2021 00:23:18.190,1.35982,1.35968,1,1.12
11.08.2021 00:23:19.507,1.3598100000000002,1.35965,1,1
11.08.2021 00:23:40.634,1.3598100000000002,1.3596700000000002,1,1
11.08.2021 00:23:40.735,1.35983,1.3597000000000001,1,1
11.08.2021 00:23:45.710,1.35984,1.3597000000000001,1,1
11.08.2021 00:25:29.680,1.35983,1.3596700000000002,1,1
11.08.2021 00:25:35.384,1.35985,1.35969,1,1
11.08.2021 00:25:35.486,1.35985,1.3597100000000002,1,1
11.08.2021 00:25:40.253,1.35988,1.35972,1,1
11.08.2021 00:25:40.391,1.35988,1.35974,1,1
11.08.2021 00:25:56.646,1.3599100000000002,1.35976,1,1
11.08.2021 00:25:56.848,1.35994,1.35978,1.12,1
11.08.2021 00:25:57.216,1.35994,1.3598000000000001,1,1
11.08.2021 00:26:14.014,1.3599200000000002,1.3597700000000001,1,1.12
11.08.2021 00:26:15.021,1.35993,1.35976,1.5,1
11.08.2021 00:26:16.026,1.35993,1.35976,1.12,1
11.08.2021 00:26:20.056,1.35989,1.3597299999999999,1.5,1
11.08.2021 00:26:20.157,1.35985,1.35969,1,1
11.08.2021 00:26:20.364,1.35985,1.35968,1,1
11.08.2021 00:26:21.305,1.35985,1.3596700000000002,1,1
11.08.2021 00:26:21.407,1.35982,1.3596700000000002,1,1
11.08.2021 00:27:10.796,1.3598000000000001,1.35966,1,1
11.08.2021 00:27:27.355,1.35982,1.35966,1,1
11.08.2021 00:27:28.083,1.35984,1.3596700000000002,1.5,1
11.08.2021 00:27:28.883,1.35985,1.35968,1,1
11.08.2021 00:27:34.626,1.35984,1.35968,1,1
11.08.2021 00:28:27.354,1.35982,1.35968,1,1
11.08.2021 00:28:27.455,1.3598000000000001,1.35964,1,1
11.08.2021 00:28:27.559,1.35979,1.35963,1,1
11.08.2021 00:29:23.746,1.3598100000000002,1.35965,1.5,1
11.08.2021 00:29:23.848,1.35983,1.35969,1.12,1
11.08.2021 00:29:26.215,1.35985,1.35969,1,1
11.08.2021 00:29:26.316,1.35986,1.35972,1,1
11.08.2021 00:29:26.435,1.35988,1.35972,1.12,1
11.08.2021 00:29:27.482,1.35989,1.35975,1.5,1
11.08.2021 00:29:27.746,1.3599200000000002,1.35976,1.12,1
11.08.2021 00:29:31.242,1.3599200000000002,1.35978,1,1
11.08.2021 00:29:55.960,1.35993,1.35978,1,1
11.08.2021 00:29:56.062,1.35995,1.3598100000000002,1.87,1
11.08.2021 00:29:56.662,1.35996,1.3598100000000002,1.12,1
11.08.2021 00:29:57.242,1.3599700000000001,1.35983,1.5,1
11.08.2021 00:29:57.343,1.35998,1.35983,1.5,1
11.08.2021 00:29:57.444,1.35999,1.35982,1.5,1
11.08.2021 00:29:59.963,1.3599700000000001,1.3598000000000001,1.12,1
11.08.2021 00:30:03.173,1.35999,1.3598100000000002,1.5,1
11.08.2021 00:30:03.274,1.35999,1.3598100000000002,1.12,1
11.08.2021 00:30:03.594,1.35998,1.35982,1.5,1
11.08.2021 00:30:03.724,1.35999,1.35984,1.62,1
11.08.2021 00:30:03.825,1.3600100000000002,1.35984,1.5,1
11.08.2021 00:30:03.876,1.35999,1.35982,1.5,1
11.08.2021 00:30:03.977,1.35999,1.35982,1.5,1
11.08.2021 00:30:04.634,1.35999,1.35982,1.5,1
11.08.2021 00:30:05.640,1.35999,1.35982,1,1
11.08.2021 00:30:08.387,1.35995,1.3598100000000002,1,1
11.08.2021 00:30:33.278,1.35995,1.35979,1,1
11.08.2021 00:31:53.006,1.35994,1.35982,1,1.5
11.08.2021 00:31:53.057,1.35998,1.35984,1,1.5
11.08.2021 00:31:53.159,1.3599700000000001,1.35983,1,1
11.08.2021 00:31:53.372,1.3599700000000001,1.3598100000000002,1,1.12
11.08.2021 00:32:46.559,1.3599700000000001,1.35983,1.12,1
11.08.2021 00:33:07.484,1.35999,1.35985,1,1
11.08.2021 00:33:07.585,1.3600200000000002,1.35988,1.5,1
11.08.2021 00:33:07.736,1.36,1.35986,1,1
11.08.2021 00:33:08.558,1.36003,1.3598700000000001,1.5,1
11.08.2021 00:34:01.453,1.3600400000000001,1.3599,1,1
11.08.2021 00:35:35.672,1.36005,1.3599100000000002,1,1
11.08.2021 00:35:41.382,1.36008,1.3599200000000002,1,1
11.08.2021 00:35:55.642,1.36008,1.35994,1,1
11.08.2021 00:37:55.904,1.3601,1.35996,1,1
11.08.2021 00:37:56.056,1.3601100000000002,1.3599700000000001,1,1.12
11.08.2021 00:37:57.120,1.36013,1.35999,1,1
11.08.2021 00:39:17.975,1.36016,1.36,1,1
11.08.2021 00:39:42.908,1.36017,1.36003,1,1
11.08.2021 00:39:43.009,1.36019,1.36003,1,1
11.08.2021 00:39:43.111,1.3602100000000001,1.3600700000000001,1,1
11.08.2021 00:39:43.913,1.36023,1.3600700000000001,1,1
11.08.2021 00:39:44.014,1.3602400000000001,1.3601,1,1
11.08.2021 00:39:45.098,1.36026,1.3601200000000002,1,1
11.08.2021 00:39:55.039,1.36029,1.36013,1.12,1
11.08.2021 00:40:01.132,1.3603,1.36013,1,1
11.08.2021 00:40:02.080,1.36027,1.3601200000000002,1,1
11.08.2021 00:40:05.487,1.36028,1.36013,1.12,1
11.08.2021 00:40:08.183,1.3603,1.36015,1.5,1
11.08.2021 00:40:08.387,1.3603,1.36016,1,1
11.08.2021 00:40:08.589,1.3603100000000001,1.3601400000000001,1.5,1
11.08.2021 00:40:08.721,1.3603,1.36016,1,1
11.08.2021 00:40:13.231,1.3603100000000001,1.36016,1.12,1
11.08.2021 00:40:16.090,1.36033,1.36016,1.5,1
11.08.2021 00:40:16.191,1.36034,1.36019,2.37,1
11.08.2021 00:40:16.242,1.3603200000000002,1.36017,1,1
11.08.2021 00:40:18.280,1.3603200000000002,1.3601400000000001,1,1
11.08.2021 00:40:25.566,1.3603200000000002,1.36017,3.12,1
11.08.2021 00:40:38.383,1.3603500000000002,1.3602,3.12,1
11.08.2021 00:40:38.535,1.36036,1.36019,1.5,1
11.08.2021 00:40:38.586,1.3603500000000002,1.3602200000000002,1,1
11.08.2021 00:40:38.756,1.36037,1.3602200000000002,3.12,1
11.08.2021 00:40:39.256,1.36038,1.3602100000000001,1.12,1
11.08.2021 00:40:43.900,1.36036,1.3602100000000001,1,1
11.08.2021 00:40:44.001,1.36036,1.36019,1,1
11.08.2021 00:41:02.099,1.36037,1.3602100000000001,1,1
11.08.2021 00:41:02.150,1.36038,1.3602100000000001,1.12,1
11.08.2021 00:41:02.201,1.36039,1.3602400000000001,3,1
11.08.2021 00:41:02.302,1.3604100000000001,1.36026,1.5,1
11.08.2021 00:41:02.453,1.36043,1.36026,1.12,1
11.08.2021 00:41:02.604,1.36044,1.36027,1.5,1
11.08.2021 00:41:02.705,1.36044,1.36027,1.12,1
11.08.2021 00:41:03.290,1.36043,1.36028,1.5,1
11.08.2021 00:41:03.738,1.36043,1.36026,1.12,1
11.08.2021 00:41:23.021,1.3604100000000001,1.3602400000000001,1,1
11.08.2021 00:41:36.905,1.3604100000000001,1.36026,1,1
11.08.2021 00:41:37.056,1.3604100000000001,1.36026,2,1
11.08.2021 00:41:39.956,1.3604200000000002,1.36025,1.12,1
11.08.2021 00:41:40.057,1.3604200000000002,1.36027,1.62,1
11.08.2021 00:41:40.209,1.36044,1.36026,1.31,1
11.08.2021 00:41:40.310,1.36043,1.36026,1.5,1
11.08.2021 00:41:40.413,1.3604200000000002,1.36026,2.25,1
11.08.2021 00:41:40.614,1.3604200000000002,1.36026,3.12,1
11.08.2021 00:41:41.133,1.3604,1.36025,1,1
11.08.2021 00:41:45.446,1.3604100000000001,1.36027,1.5,1
11.08.2021 00:41:45.721,1.3604100000000001,1.36028,1,1
11.08.2021 00:41:46.399,1.36044,1.36027,1.5,1
11.08.2021 00:41:47.381,1.3604500000000002,1.36027,1.62,1
11.08.2021 00:41:47.533,1.3604200000000002,1.36027,1,1.5
11.08.2021 00:41:48.252,1.36043,1.36025,2.62,1
11.08.2021 00:41:48.353,1.3604200000000002,1.36025,1,1
11.08.2021 00:41:48.526,1.3604100000000001,1.3602400000000001,1.5,1
11.08.2021 00:41:51.761,1.36044,1.36027,2.25,1
11.08.2021 00:41:52.396,1.36047,1.36029,3.12,1
11.08.2021 00:41:54.646,1.3604500000000002,1.36028,1,1
11.08.2021 00:42:04.449,1.36043,1.36029,1,1
11.08.2021 00:42:04.550,1.3604100000000001,1.36026,1,1
11.08.2021 00:42:04.803,1.36039,1.3602200000000002,1,1
11.08.2021 00:42:16.164,1.36036,1.3602100000000001,1,1
11.08.2021 00:42:18.663,1.36033,1.36019,1,1
11.08.2021 00:42:18.966,1.3603200000000002,1.36018,1,1
11.08.2021 00:42:45.401,1.3603200000000002,1.36017,1,1
11.08.2021 00:42:56.169,1.3603,1.36016,1,1
11.08.2021 00:42:56.270,1.3602400000000001,1.36008,1,1.5
11.08.2021 00:42:56.371,1.3602200000000002,1.36008,1,1
11.08.2021 00:43:14.783,1.3602200000000002,1.36008,1.5,1
11.08.2021 00:43:15.788,1.36023,1.3600700000000001,1.12,1
11.08.2021 00:43:16.789,1.36023,1.3600700000000001,1.5,1
11.08.2021 00:43:19.804,1.36023,1.3600700000000001,1.12,1
11.08.2021 00:43:26.075,1.3602100000000001,1.36006,1,1
11.08.2021 00:44:15.521,1.36023,1.3600700000000001,1.12,1
11.08.2021 00:44:18.439,1.3602200000000002,1.36008,1.12,1.5
11.08.2021 00:44:28.404,1.3602400000000001,1.36008,1.12,1.12
11.08.2021 00:44:34.463,1.36023,1.36009,1.12,1.5
11.08.2021 00:44:36.477,1.36023,1.36009,1.12,1.12
11.08.2021 00:44:57.216,1.36023,1.3600700000000001,1.5,1.12
11.08.2021 00:45:13.283,1.3602200000000002,1.36008,1.5,1.12
11.08.2021 00:45:35.401,1.3602200000000002,1.36008,1.5,1.12
11.08.2021 00:45:55.994,1.36023,1.36009,2,1
11.08.2021 00:45:56.095,1.36025,1.36009,1.5,1.5
11.08.2021 00:45:56.652,1.36026,1.3601200000000002,1.5,1
11.08.2021 00:45:56.908,1.36026,1.3601200000000002,1.5,1
11.08.2021 00:45:57.887,1.36027,1.3601100000000002,1.5,1
11.08.2021 00:45:59.150,1.36027,1.3601200000000002,1.12,1
11.08.2021 00:45:59.301,1.36028,1.3601200000000002,1,1
11.08.2021 00:45:59.452,1.3603,1.3601400000000001,1.12,1
11.08.2021 00:46:01.375,1.3603,1.36016,1,1
11.08.2021 00:46:01.949,1.36034,1.36018,2.62,1
11.08.2021 00:46:04.904,1.3603500000000002,1.36019,1.12,1
11.08.2021 00:46:05.106,1.36038,1.3602100000000001,1,2.25
11.08.2021 00:46:05.157,1.3604,1.3602400000000001,1,1
11.08.2021 00:46:05.846,1.3604100000000001,1.36025,1,1
11.08.2021 00:46:06.274,1.36043,1.36027,1.87,1
11.08.2021 00:46:06.425,1.3604500000000002,1.3603100000000001,1.5,1
11.08.2021 00:46:06.526,1.36046,1.3603,1,1
11.08.2021 00:46:29.718,1.3604200000000002,1.36028,1,1.12
11.08.2021 00:46:45.437,1.36044,1.3603,1,1
11.08.2021 00:46:55.325,1.3604100000000001,1.36027,1,1
11.08.2021 00:46:55.426,1.36038,1.3602400000000001,1,1.5
11.08.2021 00:46:55.527,1.36036,1.3602200000000002,1,1.12
11.08.2021 00:46:55.880,1.36034,1.36018,1,1
11.08.2021 00:46:57.720,1.36034,1.3602,1,1
11.08.2021 00:47:09.276,1.36036,1.3602200000000002,1,1
11.08.2021 00:47:11.466,1.36039,1.3602400000000001,3.37,1
11.08.2021 00:47:11.567,1.3604200000000002,1.36026,2,1
11.08.2021 00:47:11.617,1.3604200000000002,1.36026,1.5,1
11.08.2021 00:47:19.629,1.36039,1.36025,1,1.12
11.08.2021 00:47:27.673,1.36039,1.36025,1,1.5
11.08.2021 00:47:32.275,1.3604200000000002,1.36026,1.87,1
11.08.2021 00:47:32.377,1.36044,1.36028,1,1
11.08.2021 00:47:53.697,1.36046,1.3603,1,1
11.08.2021 00:47:53.854,1.36046,1.3603200000000002,1,1
11.08.2021 00:48:00.490,1.36048,1.36034,1.5,1
11.08.2021 00:48:01.548,1.36049,1.36034,1,1
11.08.2021 00:48:03.857,1.3605,1.36034,1,1
11.08.2021 00:48:15.463,1.36047,1.36033,1,1.5
11.08.2021 00:48:54.363,1.36047,1.3603100000000001,1,1
11.08.2021 00:48:54.464,1.36044,1.3603,1,1.87
11.08.2021 00:49:36.652,1.36043,1.36028,1,1.5
11.08.2021 00:49:48.171,1.36043,1.36029,1,1
11.08.2021 00:50:01.509,1.36043,1.36027,1,2.37
11.08.2021 00:50:02.649,1.36043,1.36029,1,1
11.08.2021 00:50:18.982,1.36043,1.36027,1.12,2
11.08.2021 00:50:19.387,1.3604100000000001,1.36028,1,1.5
11.08.2021 00:50:23.301,1.3604200000000002,1.36027,1,1
11.08.2021 00:50:25.454,1.3604100000000001,1.36027,1,1
11.08.2021 00:50:25.555,1.36038,1.36025,1,1
11.08.2021 00:50:25.680,1.3603500000000002,1.36026,1,1
11.08.2021 00:50:25.781,1.36033,1.36025,1,1
11.08.2021 00:50:25.832,1.36034,1.36018,1,1
11.08.2021 00:50:28.595,1.36036,1.3602,1,1
11.08.2021 00:50:42.264,1.36034,1.36018,1,1.12
11.08.2021 00:52:03.004,1.3603200000000002,1.36018,1,1
11.08.2021 00:52:54.831,1.3603100000000001,1.36015,1,1.5
11.08.2021 00:52:55.821,1.3603,1.36016,1,1.12
11.08.2021 00:53:30.885,1.3603,1.36016,1,1.5
11.08.2021 00:53:44.924,1.3603100000000001,1.36015,1,1.87
11.08.2021 00:53:52.958,1.3603100000000001,1.36015,1,1.5
11.08.2021 00:54:08.289,1.3603200000000002,1.36018,1.12,1
11.08.2021 00:54:59.166,1.36033,1.36019,1.12,1
11.08.2021 00:55:01.514,1.36033,1.36019,1.62,1
11.08.2021 00:55:06.543,1.36033,1.36019,1.5,1
11.08.2021 00:55:08.547,1.36034,1.36018,1.62,1
11.08.2021 00:55:18.592,1.36033,1.36019,1.5,1
11.08.2021 00:55:28.040,1.36034,1.36018,1.62,1
11.08.2021 00:55:37.687,1.36033,1.36019,1.12,1
11.08.2021 00:56:17.015,1.3603500000000002,1.3602100000000001,1.5,1
11.08.2021 00:56:18.004,1.3603500000000002,1.3602100000000001,1,1
11.08.2021 00:56:38.285,1.36036,1.3602200000000002,1,1.5
11.08.2021 00:56:38.386,1.36039,1.36025,1,1.5
11.08.2021 00:56:38.841,1.3604200000000002,1.36026,1.12,1.12
11.08.2021 00:56:38.892,1.36043,1.36029,1.5,1.12
11.08.2021 00:56:39.184,1.36044,1.36028,1,1
11.08.2021 00:57:02.553,1.3604500000000002,1.3603100000000001,1.5,1
11.08.2021 00:57:03.235,1.3604500000000002,1.3603100000000001,1.5,1
11.08.2021 00:57:53.047,1.36044,1.36028,1,1.12
11.08.2021 00:57:53.198,1.36043,1.36029,1.5,1.5
11.08.2021 00:57:55.162,1.36044,1.36028,1.5,1.12
11.08.2021 00:58:02.243,1.36043,1.36027,1.5,1.12
11.08.2021 00:58:09.229,1.36043,1.36027,1.12,1.5
11.08.2021 00:58:18.261,1.3604200000000002,1.36028,1.5,1.5
11.08.2021 00:58:22.303,1.36043,1.36027,1.5,1.12
11.08.2021 00:58:32.354,1.36043,1.36027,1.12,1.5
11.08.2021 00:58:36.421,1.36043,1.36027,1.12,1.12
11.08.2021 00:58:37.422,1.3604200000000002,1.36028,1.12,1.5
11.08.2021 00:58:46.103,1.36044,1.3603,1.5,1
11.08.2021 00:58:46.368,1.36046,1.36029,1.62,1
11.08.2021 00:58:47.395,1.36044,1.3603,1,1
11.08.2021 00:58:48.384,1.3604500000000002,1.3603,1.62,1
11.08.2021 00:58:48.565,1.36046,1.3603,1,1
11.08.2021 00:58:48.869,1.36047,1.3603200000000002,1.5,1
11.08.2021 00:58:48.919,1.36048,1.36034,1,1
11.08.2021 00:58:49.020,1.36049,1.36033,1,1
11.08.2021 00:58:49.359,1.3605200000000002,1.3603500000000002,1.5,1
11.08.2021 00:58:49.460,1.36053,1.36039,1.87,1
11.08.2021 00:58:50.266,1.3605500000000001,1.36039,1.12,1
11.08.2021 00:59:04.562,1.36054,1.3604,1.5,1
11.08.2021 00:59:06.542,1.36054,1.3604,1.5,1
11.08.2021 00:59:08.478,1.36054,1.3604,1.5,1
11.08.2021 00:59:19.086,1.3605500000000001,1.3604100000000001,1,1.5
11.08.2021 00:59:19.137,1.36054,1.3604,1,1.25
11.08.2021 00:59:19.187,1.36057,1.3604500000000002,1,1
11.08.2021 00:59:19.238,1.36057,1.36043,1,1
11.08.2021 00:59:20.331,1.3606,1.36044,1.57,1
11.08.2021 00:59:20.432,1.36061,1.3604500000000002,1.5,1
11.08.2021 00:59:21.351,1.3606200000000002,1.36048,1,1
11.08.2021 00:59:24.234,1.36061,1.36048,1,1
11.08.2021 00:59:24.284,1.36063,1.36049,1,1
11.08.2021 00:59:36.571,1.36059,1.36046,1,1
11.08.2021 00:59:36.722,1.36059,1.36043,1,1
11.08.2021 00:59:36.823,1.36056,1.3604200000000002,1,1
11.08.2021 00:59:37.917,1.3605500000000001,1.36039,1,1
11.08.2021 00:59:38.018,1.36053,1.36037,1,1
11.08.2021 00:59:38.119,1.3605,1.36036,1,1
11.08.2021 00:59:39.602,1.3605200000000002,1.36036,1,1
11.08.2021 00:59:39.703,1.3605500000000001,1.36039,1,1
11.08.2021 01:00:00.170,1.3605500000000001,1.3604100000000001,1,1
11.08.2021 01:00:05.573,1.36057,1.3604200000000002,2.25,1
11.08.2021 01:00:20.918,1.36059,1.3604100000000001,1.5,1
11.08.2021 01:00:21.249,1.36059,1.3604200000000002,1.5,1
11.08.2021 01:00:35.951,1.36061,1.36044,1,1
11.08.2021 01:00:36.052,1.36064,1.36047,1.5,1
11.08.2021 01:00:36.153,1.36064,1.36049,1.12,1
11.08.2021 01:00:37.133,1.3606600000000002,1.36051,1.12,1
11.08.2021 01:00:37.234,1.36068,1.36051,1.12,1
11.08.2021 01:00:37.335,1.3607,1.36053,1.12,1
11.08.2021 01:00:37.436,1.3606500000000001,1.3605,1.5,1
11.08.2021 01:00:37.537,1.36063,1.36049,1.5,1
11.08.2021 01:00:37.688,1.3606200000000002,1.36048,1,1
11.08.2021 01:00:44.367,1.3606200000000002,1.36047,1,1
11.08.2021 01:00:46.170,1.3606200000000002,1.3604500000000002,1,1
11.08.2021 01:00:48.041,1.36063,1.36046,1.12,1
11.08.2021 01:00:49.272,1.36058,1.36043,1,1
11.08.2021 01:00:49.323,1.36057,1.3604,1.6,1
11.08.2021 01:00:49.575,1.36056,1.36039,1.1,1
11.08.2021 01:00:49.676,1.3605500000000001,1.3604,1.22,1
11.08.2021 01:00:51.320,1.36051,1.36034,1,1
11.08.2021 01:00:51.842,1.3605,1.36033,1,1
11.08.2021 01:00:54.904,1.3605200000000002,1.3603500000000002,2.37,1
11.08.2021 01:00:55.063,1.3605,1.36034,1.12,1
11.08.2021 01:00:55.114,1.3605,1.3603500000000002,1.5,1
11.08.2021 01:00:55.165,1.3605,1.36033,1.5,1
11.08.2021 01:00:56.070,1.36049,1.36034,1.12,1
11.08.2021 01:00:57.579,1.3605,1.36036,1,1
11.08.2021 01:01:00.159,1.3605,1.36037,1,1
11.08.2021 01:01:01.131,1.36051,1.36037,1,1
11.08.2021 01:01:01.716,1.36051,1.36038,1.12,1
11.08.2021 01:01:02.133,1.3605200000000002,1.36038,1,1
11.08.2021 01:01:02.788,1.36053,1.36039,1.5,1
11.08.2021 01:01:04.069,1.36053,1.36039,1,1
11.08.2021 01:01:07.148,1.36054,1.36038,1,1
11.08.2021 01:01:07.978,1.3605500000000001,1.3604,1,1
11.08.2021 01:01:08.080,1.36057,1.3604200000000002,1,1
11.08.2021 01:01:08.130,1.36057,1.36043,1,1
11.08.2021 01:01:08.309,1.36058,1.36043,1.5,1
11.08.2021 01:01:09.129,1.36059,1.3604200000000002,1.12,1
11.08.2021 01:01:09.451,1.3606,1.3604500000000002,2,1
11.08.2021 01:01:11.506,1.36061,1.36044,1.12,1
11.08.2021 01:01:14.126,1.36061,1.36046,1.5,1
11.08.2021 01:01:14.227,1.36061,1.36047,1,1
11.08.2021 01:01:15.292,1.36064,1.36046,1.5,1
11.08.2021 01:01:15.393,1.36064,1.36047,1.5,1
11.08.2021 01:01:15.572,1.36063,1.36048,1.12,1
11.08.2021 01:01:16.613,1.3606500000000001,1.36047,1.87,1
11.08.2021 01:01:16.715,1.36064,1.36049,1.87,1
11.08.2021 01:01:19.343,1.3606600000000002,1.3605,1,1
11.08.2021 01:01:29.379,1.36067,1.3605,1.12,1
11.08.2021 01:01:33.686,1.36064,1.36049,1,1
11.08.2021 01:01:34.145,1.3606600000000002,1.36051,1.12,1
11.08.2021 01:01:38.001,1.3606500000000001,1.3605,1,1
11.08.2021 01:01:38.737,1.3606500000000001,1.36048,1,1
11.08.2021 01:01:38.838,1.3606600000000002,1.36049,1,1
11.08.2021 01:01:46.104,1.3606600000000002,1.3605,1,1
11.08.2021 01:01:46.992,1.36067,1.3605,1,1
11.08.2021 01:01:48.491,1.3606200000000002,1.36048,1,1
11.08.2021 01:01:48.592,1.3606200000000002,1.36046,1,1
11.08.2021 01:01:48.693,1.36058,1.3604500000000002,1.12,1
11.08.2021 01:01:48.798,1.36056,1.3604200000000002,1.6,1
11.08.2021 01:01:48.899,1.36056,1.3604200000000002,1,1
11.08.2021 01:01:49.050,1.36056,1.3604100000000001,1,1
11.08.2021 01:01:49.202,1.3605500000000001,1.36039,1,1
11.08.2021 01:01:49.891,1.36056,1.3604200000000002,1,1
11.08.2021 01:01:50.148,1.3605500000000001,1.36039,1,1
11.08.2021 01:01:54.254,1.36057,1.3604100000000001,1,1
11.08.2021 01:02:04.052,1.36057,1.3604100000000001,1.5,1
11.08.2021 01:02:04.584,1.36057,1.36043,1.5,1
11.08.2021 01:02:04.635,1.36057,1.36043,1,1
11.08.2021 01:02:04.736,1.3606,1.36043,1,1
11.08.2021 01:02:04.837,1.36061,1.36046,1,1
11.08.2021 01:02:08.066,1.36059,1.3604500000000002,1.5,1
11.08.2021 01:02:08.167,1.3606,1.36043,1.5,1
11.08.2021 01:02:08.268,1.36058,1.3604200000000002,1,1
11.08.2021 01:02:08.369,1.36058,1.3604100000000001,1.5,1
11.08.2021 01:02:08.419,1.36059,1.36044,2.26,1
11.08.2021 01:02:08.621,1.36057,1.36043,1,1
11.08.2021 01:02:08.722,1.36057,1.36044,1,1
11.08.2021 01:02:08.772,1.3606,1.3604500000000002,1.6,1
11.08.2021 01:02:08.875,1.3606,1.3604500000000002,1,1
11.08.2021 01:02:08.981,1.3606,1.3604500000000002,1.2,1
11.08.2021 01:02:09.082,1.3606,1.3604200000000002,1.45,1
11.08.2021 01:02:10.031,1.36059,1.36043,1,1
11.08.2021 01:02:10.081,1.36059,1.36044,1,1
11.08.2021 01:02:10.132,1.36057,1.36043,1,1
11.08.2021 01:02:10.299,1.36058,1.36043,1,1
11.08.2021 01:02:10.450,1.36057,1.36043,1,1
11.08.2021 01:02:16.077,1.36059,1.36043,3.95,1
11.08.2021 01:02:16.178,1.36059,1.36044,1,1
11.08.2021 01:02:16.279,1.3606,1.3604500000000002,1.5,1
11.08.2021 01:02:16.380,1.3606,1.3604500000000002,1,1
11.08.2021 01:02:18.582,1.36061,1.3604500000000002,1,1
11.08.2021 01:02:18.633,1.3606200000000002,1.36047,1,1
11.08.2021 01:02:18.950,1.36063,1.36047,1.87,1
11.08.2021 01:02:19.101,1.36063,1.36048,1.87,1
11.08.2021 01:02:23.237,1.3606500000000001,1.3605,1.87,1
11.08.2021 01:02:23.338,1.36067,1.3605,1.62,1
11.08.2021 01:02:23.540,1.36067,1.3605,1,1
11.08.2021 01:02:26.440,1.36069,1.3605200000000002,1.5,1
11.08.2021 01:02:30.803,1.36069,1.3605200000000002,2,1
11.08.2021 01:02:30.854,1.36064,1.36047,1,1.12
11.08.2021 01:02:38.290,1.36064,1.36047,1.97,1
11.08.2021 01:02:38.341,1.36063,1.36046,1.97,1
11.08.2021 01:02:39.296,1.36064,1.3604500000000002,2.1,1
11.08.2021 01:02:42.930,1.36063,1.36048,3.2,1
11.08.2021 01:02:43.303,1.36064,1.36047,3.2,1
11.08.2021 01:02:44.305,1.36064,1.36047,1.12,1
11.08.2021 01:02:48.485,1.3606200000000002,1.36048,1,1
11.08.2021 01:02:56.354,1.36064,1.36047,2.62,1
11.08.2021 01:03:13.387,1.36064,1.36048,1,1
11.08.2021 01:03:45.522,1.36063,1.36049,1.5,1
11.08.2021 01:03:46.584,1.36064,1.36048,1.12,1
11.08.2021 01:04:09.628,1.36064,1.36048,1.5,1
11.08.2021 01:04:20.669,1.36064,1.36048,1.5,1
11.08.2021 01:04:28.489,1.36061,1.36047,1.12,1.62
11.08.2021 01:04:28.590,1.36059,1.36043,1.5,1
11.08.2021 01:04:28.641,1.36058,1.36044,1,1
11.08.2021 01:04:30.340,1.3606,1.36046,1.5,1
11.08.2021 01:04:30.441,1.3606,1.36046,1,1
11.08.2021 01:04:37.646,1.36059,1.3604500000000002,1.12,1
11.08.2021 01:04:37.697,1.36059,1.36043,1.87,1
11.08.2021 01:04:39.353,1.3606,1.36046,1,1
11.08.2021 01:04:41.656,1.36061,1.36047,1.87,1
11.08.2021 01:04:46.969,1.36061,1.36048,1,1
11.08.2021 01:04:47.070,1.3606200000000002,1.36048,1,1
11.08.2021 01:05:15.194,1.36064,1.3605,1.5,1
11.08.2021 01:05:16.057,1.3606500000000001,1.36049,1.5,1
11.08.2021 01:05:32.262,1.3606500000000001,1.36049,1.5,1
11.08.2021 01:05:35.172,1.36064,1.3605,1.5,1
11.08.2021 01:05:43.542,1.3606500000000001,1.36049,1.2,1
11.08.2021 01:05:43.643,1.36057,1.36043,1,1
11.08.2021 01:05:43.744,1.36057,1.36043,1.5,1
11.08.2021 01:05:44.031,1.36057,1.3604,1.5,1
11.08.2021 01:05:44.330,1.36057,1.3604,1,1
11.08.2021 01:05:44.981,1.36057,1.36043,1,1
11.08.2021 01:05:45.082,1.36059,1.3604500000000002,1.5,1
11.08.2021 01:05:45.183,1.3606,1.36046,1.5,1
11.08.2021 01:05:46.101,1.3606200000000002,1.36047,2,1
11.08.2021 01:05:46.202,1.3606200000000002,1.36047,1.5,1
11.08.2021 01:05:50.452,1.36063,1.36048,1.12,1
11.08.2021 01:06:00.318,1.36064,1.36047,1.5,1
11.08.2021 01:06:01.322,1.36064,1.36047,1.12,1
11.08.2021 01:06:10.665,1.36059,1.36047,1.5,1
11.08.2021 01:06:10.716,1.36058,1.36043,1,1.62
11.08.2021 01:06:10.817,1.36058,1.3604200000000002,2,1
11.08.2021 01:06:10.867,1.36058,1.3604200000000002,2,1
11.08.2021 01:06:11.338,1.36057,1.36043,1.5,1
11.08.2021 01:06:12.472,1.36058,1.36044,1,1
11.08.2021 01:06:12.748,1.36061,1.36044,1.5,1
11.08.2021 01:06:14.149,1.3606200000000002,1.36046,1,1
11.08.2021 01:06:54.560,1.36063,1.36049,1.87,1
11.08.2021 01:07:02.756,1.36058,1.36046,1,1.12
11.08.2021 01:07:02.806,1.36058,1.3604100000000001,1.5,1
11.08.2021 01:07:02.907,1.36057,1.3604200000000002,2,1
11.08.2021 01:07:03.008,1.36058,1.3604200000000002,2,1
11.08.2021 01:07:03.109,1.36058,1.36043,1.5,1
11.08.2021 01:07:03.245,1.36059,1.36043,2.07,1
11.08.2021 01:07:03.296,1.36056,1.3604100000000001,1.5,1.12
11.08.2021 01:07:03.447,1.36056,1.3604100000000001,1,1
11.08.2021 01:07:04.280,1.36059,1.36043,1.5,1
11.08.2021 01:07:04.381,1.3606,1.36044,1,1
11.08.2021 01:07:04.482,1.3606,1.3604500000000002,1.87,1
11.08.2021 01:07:07.954,1.36061,1.36046,1,1
11.08.2021 01:07:23.823,1.36061,1.36049,1,1
11.08.2021 01:07:27.973,1.3606500000000001,1.36049,1.5,1
11.08.2021 01:07:28.126,1.36058,1.36048,1,1
11.08.2021 01:07:28.177,1.36059,1.36044,1.5,1.12
11.08.2021 01:07:28.278,1.3605500000000001,1.3604100000000001,1.12,1
11.08.2021 01:07:29.240,1.36058,1.3604200000000002,1,1
11.08.2021 01:07:52.154,1.36059,1.3604500000000002,1.12,1
11.08.2021 01:07:52.305,1.36061,1.3604500000000002,1.5,1
11.08.2021 01:07:52.542,1.3606,1.36046,1.12,1
11.08.2021 01:07:54.167,1.3606200000000002,1.36048,1,1
11.08.2021 01:08:05.357,1.36059,1.36047,1,1
11.08.2021 01:08:05.407,1.36058,1.3604200000000002,1.5,1.12
11.08.2021 01:08:05.458,1.36056,1.3604100000000001,1,1
11.08.2021 01:08:05.509,1.3605500000000001,1.3604100000000001,1.12,1
11.08.2021 01:08:07.042,1.36058,1.36044,1.5,1
11.08.2021 01:08:07.143,1.36061,1.36044,1.25,1
11.08.2021 01:08:11.367,1.36061,1.36047,1.12,1
11.08.2021 01:08:25.251,1.36063,1.36047,1.5,1
11.08.2021 01:08:26.235,1.3606200000000002,1.36048,1,1
11.08.2021 01:08:39.753,1.36064,1.36049,1.5,1
11.08.2021 01:08:40.309,1.36064,1.36049,1.5,1
11.08.2021 01:08:45.321,1.36064,1.36049,1.5,1
11.08.2021 01:08:46.323,1.36064,1.36049,1.5,1
11.08.2021 01:08:50.343,1.36064,1.36049,1.5,1
11.08.2021 01:09:30.507,1.36064,1.36049,1.5,1
11.08.2021 01:09:31.560,1.3606500000000001,1.36048,1.5,1
11.08.2021 01:09:51.621,1.36064,1.36049,2.75,1
11.08.2021 01:09:59.633,1.36064,1.36049,1.5,1
11.08.2021 01:10:06.658,1.3606500000000001,1.36048,1.5,1
11.08.2021 01:10:07.660,1.3606500000000001,1.36048,2,1
11.08.2021 01:10:09.566,1.36064,1.36049,2.75,1
11.08.2021 01:10:09.667,1.36056,1.3604100000000001,1.5,1.62
11.08.2021 01:10:09.769,1.36057,1.3604,1.5,1
11.08.2021 01:10:09.870,1.3605500000000001,1.3604100000000001,1,1
11.08.2021 01:10:09.971,1.36054,1.3604,1,1
11.08.2021 01:10:10.223,1.3605200000000002,1.36038,1,1
11.08.2021 01:10:10.637,1.36053,1.36037,1,1.1
11.08.2021 01:10:10.688,1.36058,1.3604200000000002,1.12,1
11.08.2021 01:10:40.009,1.36057,1.3604,1.5,1
11.08.2021 01:10:40.160,1.3605500000000001,1.36039,1,1.12
11.08.2021 01:10:40.382,1.36057,1.3604100000000001,1.5,1
11.08.2021 01:10:40.971,1.36056,1.3604200000000002,1.5,1
11.08.2021 01:10:42.680,1.36056,1.3604,1.5,1
11.08.2021 01:10:59.087,1.3605500000000001,1.3604100000000001,2,1
11.08.2021 01:11:09.069,1.36056,1.3604,1.5,1
11.08.2021 01:11:44.194,1.36056,1.3604,2,1
11.08.2021 01:11:50.538,1.3605500000000001,1.3604200000000002,1.5,1.25
11.08.2021 01:11:50.639,1.3605500000000001,1.36039,1.12,1
11.08.2021 01:11:50.690,1.36054,1.3604,2,1
11.08.2021 01:11:50.791,1.36054,1.36039,2,1
11.08.2021 01:11:51.574,1.36054,1.36044,1,1
11.08.2021 01:11:51.625,1.36058,1.36043,1.5,1
11.08.2021 01:11:51.726,1.36058,1.36044,1,1.87
11.08.2021 01:11:51.877,1.36058,1.36044,1,1.6
11.08.2021 01:11:52.029,1.36059,1.36043,1,1.1
11.08.2021 01:11:58.492,1.36061,1.3604500000000002,1,1
11.08.2021 01:11:58.593,1.3606200000000002,1.36046,1,1
11.08.2021 01:12:05.172,1.36058,1.36044,1,1
11.08.2021 01:12:05.223,1.36056,1.36039,1,2.25
11.08.2021 01:12:05.324,1.36053,1.36039,1,1.6
11.08.2021 01:12:05.475,1.36054,1.36038,1,1
11.08.2021 01:12:21.109,1.36053,1.36039,1.5,1
11.08.2021 01:12:41.441,1.36054,1.36038,1.5,1
11.08.2021 01:12:42.048,1.36048,1.36039,1,1
11.08.2021 01:12:42.098,1.36047,1.36033,1.5,1.62
11.08.2021 01:12:42.149,1.3604500000000002,1.3603100000000001,1,1.2
11.08.2021 01:12:42.250,1.3604500000000002,1.3603100000000001,1,1
11.08.2021 01:12:50.491,1.36043,1.36029,1,1
11.08.2021 01:13:18.716,1.36043,1.36029,1.5,1
11.08.2021 01:13:30.763,1.36043,1.36029,1.12,1
11.08.2021 01:13:37.837,1.36043,1.36029,1.5,1
11.08.2021 01:13:41.815,1.36043,1.36029,1.5,1
11.08.2021 01:13:48.836,1.36043,1.36029,1.5,1
11.08.2021 01:13:52.848,1.36044,1.36028,1.5,1
11.08.2021 01:14:00.151,1.36043,1.36029,1,1
11.08.2021 01:14:22.564,1.36046,1.3603,1,1
11.08.2021 01:14:22.716,1.36047,1.36033,1.5,1
11.08.2021 01:14:22.817,1.3605,1.36034,1.12,1
11.08.2021 01:14:45.122,1.3605200000000002,1.36036,1,1
11.08.2021 01:14:45.263,1.36054,1.36038,1,1
11.08.2021 01:15:15.710,1.3605500000000001,1.3604100000000001,1,1
11.08.2021 01:15:18.052,1.36053,1.36039,1,1
11.08.2021 01:15:18.153,1.3605,1.36036,1,1.1
11.08.2021 01:15:19.499,1.36049,1.36033,1,1.1
11.08.2021 01:15:22.743,1.36049,1.36033,1,1
11.08.2021 01:15:22.844,1.36047,1.36033,1,1.1
11.08.2021 01:15:23.194,1.36047,1.3603100000000001,1,1
11.08.2021 01:15:23.908,1.3604500000000002,1.36029,1,1.1
11.08.2021 01:15:49.645,1.36044,1.36029,1,1
11.08.2021 01:16:20.618,1.36044,1.36028,1,1.1
11.08.2021 01:16:30.984,1.3604200000000002,1.36026,1,1.2
11.08.2021 01:16:31.101,1.3604100000000001,1.36028,1,1
11.08.2021 01:16:31.735,1.3604100000000001,1.36027,1,1.2
11.08.2021 01:18:00.663,1.3604,1.36026,1,1.6
11.08.2021 01:18:00.814,1.3604,1.36026,1,1.2
11.08.2021 01:18:06.713,1.3604100000000001,1.36027,1,1
11.08.2021 01:18:26.419,1.3604100000000001,1.36027,1,1.5
11.08.2021 01:18:26.631,1.3604100000000001,1.36027,1.12,1
11.08.2021 01:18:26.681,1.36037,1.36023,1,1.5
11.08.2021 01:18:26.782,1.3603500000000002,1.3602100000000001,1,1.5
11.08.2021 01:18:26.833,1.3603500000000002,1.36019,1,1.12
11.08.2021 01:18:28.339,1.36033,1.36017,1,1
11.08.2021 01:18:28.440,1.3603100000000001,1.36017,1,1
11.08.2021 01:18:42.615,1.3603100000000001,1.36015,1,1
11.08.2021 01:18:54.036,1.3603200000000002,1.36017,2.25,1
11.08.2021 01:18:56.595,1.36034,1.36018,1.1,1
11.08.2021 01:18:58.100,1.3603500000000002,1.36018,1.2,1
11.08.2021 01:19:03.213,1.36033,1.36018,1,1
11.08.2021 01:19:05.161,1.3603200000000002,1.36017,1,1
11.08.2021 01:19:32.323,1.36033,1.36016,1.5,1
11.08.2021 01:19:32.425,1.3603500000000002,1.36019,1.7,1
11.08.2021 01:19:33.424,1.36034,1.3602,1.62,1
11.08.2021 01:19:34.426,1.36034,1.3602,1.62,1
11.08.2021 01:19:48.477,1.36034,1.3602,2.07,1
11.08.2021 01:19:49.484,1.36034,1.3602,2,1
11.08.2021 01:20:31.643,1.36034,1.3602,1.5,1
11.08.2021 01:20:53.140,1.3603200000000002,1.36018,1.12,1
11.08.2021 01:20:54.127,1.3603200000000002,1.36018,2,1
11.08.2021 01:21:08.839,1.36033,1.36017,1.87,1
11.08.2021 01:21:09.830,1.36033,1.36017,2,1
11.08.2021 01:21:12.807,1.36033,1.36017,2,1
11.08.2021 01:21:16.764,1.3603100000000001,1.36015,1.12,1.5
11.08.2021 01:21:16.865,1.3603,1.3601400000000001,1.12,1.5
11.08.2021 01:21:26.866,1.3603,1.36016,1.12,1
11.08.2021 01:22:00.734,1.3603,1.36015,1.12,1.12
11.08.2021 01:22:00.785,1.36029,1.36013,1,1.5
11.08.2021 01:22:01.158,1.36027,1.3601100000000002,1,1.62
11.08.2021 01:22:01.209,1.36025,1.3601100000000002,1,1.12
11.08.2021 01:22:01.260,1.3602400000000001,1.36008,1.12,1.5
11.08.2021 01:22:01.310,1.3602200000000002,1.3600700000000001,1,1
11.08.2021 01:22:01.411,1.3602200000000002,1.36006,1,1.12
11.08.2021 01:22:17.290,1.3602100000000001,1.3600700000000001,1.5,1.12
11.08.2021 01:22:32.430,1.3602200000000002,1.36006,1.5,1.5
11.08.2021 01:22:34.360,1.3602200000000002,1.36006,1.12,1.12
11.08.2021 01:22:43.461,1.3602200000000002,1.3600700000000001,1.12,1
11.08.2021 01:22:51.527,1.3602200000000002,1.3600700000000001,1.62,1
11.08.2021 01:22:56.594,1.3602,1.36006,1,1.12
11.08.2021 01:22:56.645,1.36018,1.36006,1,1.12
11.08.2021 01:22:56.746,1.36017,1.36003,2.37,1
11.08.2021 01:22:56.847,1.36018,1.36003,2,1
11.08.2021 01:22:56.897,1.36018,1.36003,1,1
11.08.2021 01:22:56.948,1.36019,1.36005,1.12,1
11.08.2021 01:22:57.099,1.3602100000000001,1.36006,1.62,1
11.08.2021 01:22:57.200,1.3602100000000001,1.36006,1.5,1
11.08.2021 01:23:20.730,1.3602200000000002,1.3600400000000001,1.12,1.12
11.08.2021 01:23:24.112,1.3602200000000002,1.3600400000000001,1.5,1.12
11.08.2021 01:23:24.764,1.3602,1.3600400000000001,1,1.12
11.08.2021 01:23:25.028,1.36017,1.3600400000000001,1.12,1
11.08.2021 01:23:25.129,1.3601400000000001,1.36,1.5,1.12
11.08.2021 01:23:25.230,1.36013,1.35998,1.5,1.12
11.08.2021 01:23:25.494,1.3601400000000001,1.3599700000000001,1.5,1
11.08.2021 01:23:26.994,1.3601200000000002,1.35998,1,1
11.08.2021 01:23:30.478,1.3601400000000001,1.3599700000000001,1.5,1
11.08.2021 01:23:39.061,1.3601200000000002,1.35999,1,1
11.08.2021 01:23:39.162,1.36013,1.35999,1,1
11.08.2021 01:23:39.331,1.36015,1.36,1,1
11.08.2021 01:23:50.987,1.36015,1.35999,1,1
11.08.2021 01:23:56.967,1.36016,1.36,1,1
11.08.2021 01:24:29.149,1.3601400000000001,1.36,1,1
11.08.2021 01:24:45.001,1.36015,1.35999,1.5,1
11.08.2021 01:24:45.103,1.3601400000000001,1.35998,1.12,1
11.08.2021 01:24:48.531,1.36015,1.35999,1.5,1
11.08.2021 01:24:49.049,1.36015,1.35999,1,1
11.08.2021 01:24:49.100,1.36016,1.3600100000000002,1,1
11.08.2021 01:24:49.252,1.36017,1.3600200000000002,1.12,1
11.08.2021 01:25:03.011,1.36018,1.36,1,1
11.08.2021 01:25:03.112,1.36015,1.3600100000000002,1,1
11.08.2021 01:25:03.522,1.36017,1.36003,1,1
11.08.2021 01:25:08.400,1.36019,1.3600200000000002,1,1
11.08.2021 01:25:08.962,1.3602,1.3600200000000002,1.5,1
11.08.2021 01:25:09.291,1.36019,1.36005,1,1
11.08.2021 01:25:10.252,1.3602100000000001,1.3600400000000001,1,1
11.08.2021 01:25:16.008,1.3602100000000001,1.36006,1.87,1
11.08.2021 01:25:18.296,1.3602200000000002,1.36008,1,1
11.08.2021 01:25:20.980,1.36023,1.36008,1.57,1
11.08.2021 01:25:31.708,1.3602200000000002,1.36006,1,1
11.08.2021 01:25:56.817,1.36019,1.36005,1,1.5
11.08.2021 01:25:58.331,1.36017,1.36003,1,1.62
11.08.2021 01:25:58.781,1.36017,1.36003,1,1.5
11.08.2021 01:26:54.459,1.36018,1.3600200000000002,1,1.5
11.08.2021 01:27:08.581,1.36017,1.36003,1,1.12
11.08.2021 01:27:18.839,1.36016,1.3600200000000002,1,1
11.08.2021 01:27:33.589,1.36016,1.36,1,1.5
11.08.2021 01:27:33.741,1.36015,1.35999,1,1.12
11.08.2021 01:28:08.273,1.36013,1.35998,1,1
11.08.2021 01:28:08.403,1.3601100000000002,1.35998,1,1
11.08.2021 01:28:09.135,1.3601100000000002,1.35995,1,1.5
11.08.2021 01:28:09.236,1.36008,1.35995,1,1
11.08.2021 01:28:10.129,1.36009,1.35994,1,1
11.08.2021 01:28:11.242,1.3601100000000002,1.35994,1,1.62
11.08.2021 01:28:13.117,1.3601,1.35995,1,1.62
11.08.2021 01:28:19.740,1.36009,1.35993,1,1.62
11.08.2021 01:28:20.012,1.36008,1.35993,1,1
11.08.2021 01:28:20.327,1.36005,1.3599200000000002,1,1.12
11.08.2021 01:28:20.428,1.3600400000000001,1.35988,1,1.5
11.08.2021 01:28:20.529,1.3600200000000002,1.35989,1,1
11.08.2021 01:28:20.731,1.3600100000000002,1.35988,1,1
11.08.2021 01:28:20.782,1.3600400000000001,1.35988,1,1
11.08.2021 01:28:20.883,1.36003,1.35988,1,1
11.08.2021 01:28:34.542,1.3600100000000002,1.35985,1,1.12
11.08.2021 01:28:49.695,1.35999,1.35985,1,1
11.08.2021 01:28:49.848,1.35998,1.35982,1,1.12
11.08.2021 01:29:05.585,1.35996,1.35982,1,1.12
11.08.2021 01:30:00.296,1.35994,1.3598000000000001,1,1
11.08.2021 01:30:00.690,1.35994,1.35978,1,1
11.08.2021 01:30:00.872,1.3599200000000002,1.35976,1,1
11.08.2021 01:30:02.296,1.35993,1.35979,1.5,1
11.08.2021 01:30:10.108,1.3599100000000002,1.3597700000000001,1,1
11.08.2021 01:30:10.310,1.3599100000000002,1.35975,1,1
11.08.2021 01:30:15.485,1.3599200000000002,1.35976,1,1
11.08.2021 01:30:40.282,1.35994,1.3598100000000002,1,1
11.08.2021 01:30:40.333,1.35996,1.3598100000000002,1,1
11.08.2021 01:30:42.332,1.35994,1.3598100000000002,1,1
11.08.2021 01:30:42.433,1.3599200000000002,1.35978,1.12,1
11.08.2021 01:30:46.162,1.3599,1.35976,1,1.5
11.08.2021 01:31:17.567,1.3599,1.35978,1,1
11.08.2021 01:31:19.014,1.3599,1.35976,1,1
11.08.2021 01:31:49.991,1.3599100000000002,1.35976,1,1
11.08.2021 01:31:57.121,1.3599100000000002,1.35975,1,1
11.08.2021 01:32:11.252,1.3599100000000002,1.3597700000000001,1,1
11.08.2021 01:32:12.307,1.35994,1.35978,1,1
11.08.2021 01:32:18.174,1.3599100000000002,1.3597700000000001,1,2
11.08.2021 01:32:18.275,1.3599100000000002,1.35975,1,2
11.08.2021 01:32:19.173,1.3599,1.35976,1,1.12
11.08.2021 01:32:19.665,1.3599200000000002,1.35978,1,1
11.08.2021 01:32:23.632,1.35994,1.35978,1,1
11.08.2021 01:32:23.744,1.35994,1.35979,1,1.5
11.08.2021 01:32:24.264,1.35995,1.3598100000000002,1,1
11.08.2021 01:32:25.365,1.35996,1.3598100000000002,1.5,1
11.08.2021 01:32:26.746,1.3599700000000001,1.3598100000000002,1.5,1
11.08.2021 01:32:35.334,1.35996,1.3598100000000002,1,1.12
11.08.2021 01:32:41.968,1.3599700000000001,1.3598100000000002,1.5,1
11.08.2021 01:32:44.148,1.35995,1.3598100000000002,1,1
11.08.2021 01:33:01.090,1.3599700000000001,1.3598100000000002,1.5,1
11.08.2021 01:33:01.242,1.35996,1.35984,1,1
11.08.2021 01:33:01.622,1.35999,1.35983,1,1
11.08.2021 01:33:13.748,1.3599700000000001,1.3598100000000002,1,1
11.08.2021 01:33:15.234,1.35995,1.3598100000000002,1,1
11.08.2021 01:33:39.604,1.35995,1.3598100000000002,1.5,1
11.08.2021 01:33:39.734,1.35995,1.3598100000000002,1,1
11.08.2021 01:33:40.597,1.35993,1.35979,1.5,1.5
11.08.2021 01:33:40.648,1.35993,1.3597700000000001,1.5,1
11.08.2021 01:33:50.099,1.3599100000000002,1.3597700000000001,1,1
11.08.2021 01:33:54.419,1.35993,1.3597700000000001,1.12,1
11.08.2021 01:33:56.212,1.35994,1.3598000000000001,1,1
11.08.2021 01:34:27.261,1.3599200000000002,1.35978,1,1.12
11.08.2021 01:34:27.362,1.3599200000000002,1.35976,1,1
11.08.2021 01:34:34.959,1.35989,1.35975,1,1
11.08.2021 01:34:40.749,1.35989,1.35974,1,1
11.08.2021 01:34:44.043,1.35989,1.35975,1,1
11.08.2021 01:35:10.784,1.3599200000000002,1.35976,1.12,1
11.08.2021 01:35:23.503,1.35993,1.3597700000000001,1.5,1
11.08.2021 01:35:24.156,1.3599200000000002,1.35978,1.12,1
11.08.2021 01:35:33.330,1.35994,1.3598000000000001,1.5,1
11.08.2021 01:35:33.858,1.35995,1.35979,1.5,1
11.08.2021 01:35:34.010,1.35996,1.3598000000000001,1.5,1
11.08.2021 01:35:34.880,1.35995,1.3598100000000002,1.5,1
11.08.2021 01:35:35.871,1.35996,1.3598000000000001,1.5,1
11.08.2021 01:35:40.883,1.35995,1.3598100000000002,1.5,1
11.08.2021 01:35:43.899,1.35996,1.3598000000000001,1.12,1
11.08.2021 01:35:43.950,1.3599100000000002,1.35979,1,1
11.08.2021 01:35:44.014,1.35993,1.35979,1,1
11.08.2021 01:35:45.168,1.3599200000000002,1.35978,1,1
11.08.2021 01:35:48.431,1.35994,1.35978,1.12,1
11.08.2021 01:36:13.992,1.35994,1.35978,1.5,1.12
11.08.2021 01:36:14.093,1.35995,1.35979,1.5,1
11.08.2021 01:36:14.950,1.35995,1.35979,1.5,1
11.08.2021 01:36:29.059,1.35995,1.35979,1.5,1
11.08.2021 01:36:32.317,1.35993,1.35979,1.5,1.12
11.08.2021 01:36:33.011,1.35993,1.35979,1.5,1.5
11.08.2021 01:36:38.025,1.35993,1.35979,1.5,1.12
11.08.2021 01:36:39.030,1.35993,1.35979,1.5,1.5
11.08.2021 01:36:40.039,1.35993,1.35979,1.5,1.12
11.08.2021 01:36:41.095,1.35994,1.35978,1.5,1.5
11.08.2021 01:36:43.040,1.35993,1.35979,1.5,1.12
11.08.2021 01:36:49.526,1.3599100000000002,1.35979,1,1.12
11.08.2021 01:36:52.820,1.35994,1.35978,1.5,1.12
11.08.2021 01:37:03.816,1.35994,1.35978,1,1
11.08.2021 01:37:03.867,1.35995,1.35982,1,1
11.08.2021 01:37:03.968,1.3599700000000001,1.3598100000000002,1.12,1
11.08.2021 01:37:53.917,1.35995,1.3598100000000002,1,1
11.08.2021 01:37:57.225,1.35996,1.35982,1,1
11.08.2021 01:37:57.275,1.35995,1.35979,1,1
11.08.2021 01:38:01.832,1.3599200000000002,1.35978,1,1
11.08.2021 01:38:01.983,1.35989,1.35975,1,1
11.08.2021 01:38:02.486,1.35988,1.35974,1,1
11.08.2021 01:38:02.587,1.35989,1.35972,1,1
11.08.2021 01:38:03.525,1.3598700000000001,1.35972,1,1
11.08.2021 01:38:11.250,1.35985,1.3597100000000002,1,1
11.08.2021 01:38:11.351,1.35984,1.35968,1,1
11.08.2021 01:38:47.997,1.35983,1.3596700000000002,1,1
11.08.2021 01:38:58.312,1.35982,1.35968,1.62,1
11.08.2021 01:39:01.630,1.35982,1.35968,1,1
11.08.2021 01:39:08.030,1.3598100000000002,1.3596700000000002,1,1
11.08.2021 01:39:55.610,1.35982,1.35968,1,1
11.08.2021 01:39:55.660,1.35983,1.35969,1,1
11.08.2021 01:39:55.936,1.35984,1.3597000000000001,1,1
11.08.2021 01:39:58.418,1.35984,1.3596700000000002,1,2
11.08.2021 01:39:58.919,1.35983,1.35968,1,1
11.08.2021 01:40:00.351,1.35982,1.35965,1,1.12
11.08.2021 01:40:57.868,1.3598000000000001,1.35965,1,1
11.08.2021 01:40:58.019,1.35979,1.3596100000000002,1,1.5
11.08.2021 01:40:58.942,1.35978,1.3596100000000002,1,1
11.08.2021 01:40:59.043,1.35975,1.35958,1,1
11.08.2021 01:40:59.144,1.35972,1.3595700000000002,1,1.12
11.08.2021 01:40:59.245,1.35974,1.35958,1,1
11.08.2021 01:41:05.239,1.35972,1.3595700000000002,1,1
11.08.2021 01:41:08.350,1.3597100000000002,1.35956,1,1
11.08.2021 01:41:11.652,1.3597299999999999,1.35956,1,1
11.08.2021 01:41:12.355,1.3597299999999999,1.35955,1.12,1.12
11.08.2021 01:41:12.557,1.3597100000000002,1.35955,1.12,1
11.08.2021 01:41:12.658,1.3597000000000001,1.35954,1,1
11.08.2021 01:41:12.810,1.3597100000000002,1.35953,1.5,1
11.08.2021 01:41:12.963,1.35969,1.35953,1,1
11.08.2021 01:41:13.910,1.35969,1.35954,2.25,1
11.08.2021 01:41:14.051,1.35968,1.35953,1,1
11.08.2021 01:41:14.152,1.35966,1.35949,1,1.5
11.08.2021 01:41:15.094,1.35966,1.35949,1.12,1
11.08.2021 01:41:18.573,1.35965,1.3594700000000002,1,1.62
11.08.2021 01:41:19.115,1.35965,1.3594700000000002,1.12,1
11.08.2021 01:41:19.216,1.35962,1.3594700000000002,1,1.12
11.08.2021 01:42:13.898,1.3596000000000001,1.3594600000000001,1,1.12
11.08.2021 01:42:17.192,1.35962,1.3594700000000002,1,1
11.08.2021 01:42:17.293,1.35962,1.3594600000000001,1,1.12
11.08.2021 01:42:21.680,1.35962,1.3594700000000002,1,1
11.08.2021 01:42:21.781,1.35964,1.3594700000000002,1,1
11.08.2021 01:42:21.832,1.35965,1.3595000000000002,1.12,1
11.08.2021 01:42:22.185,1.35964,1.35949,1,1
11.08.2021 01:42:31.600,1.35964,1.35949,1.5,1
11.08.2021 01:42:32.254,1.35963,1.3594700000000002,1.12,1.5
11.08.2021 01:42:33.517,1.3596100000000002,1.3594600000000001,1,1.62
11.08.2021 01:42:33.618,1.3596100000000002,1.3594600000000001,1,1.5
11.08.2021 01:43:08.097,1.3596000000000001,1.35945,1,1.5
11.08.2021 01:43:08.737,1.3596000000000001,1.35945,1,1.12
11.08.2021 01:43:16.799,1.3596000000000001,1.35945,1,1.5
11.08.2021 01:43:17.797,1.3596100000000002,1.35944,1,1.12
11.08.2021 01:43:20.771,1.3596000000000001,1.35945,1,1.62
11.08.2021 01:43:22.802,1.3596000000000001,1.35945,1,1.12
11.08.2021 01:43:23.335,1.3596100000000002,1.35942,1,1.1
11.08.2021 01:43:23.436,1.35959,1.35941,1,2.47
11.08.2021 01:43:23.587,1.35959,1.35941,1,1.62
11.08.2021 01:43:23.738,1.35956,1.35935,1,2.3
11.08.2021 01:43:23.839,1.35954,1.3593600000000001,1,2.07
11.08.2021 01:43:23.940,1.35952,1.35935,1,1.6
11.08.2021 01:43:24.041,1.35949,1.35932,1,1.5
11.08.2021 01:43:24.142,1.3595000000000002,1.35932,1,1
11.08.2021 01:43:24.601,1.35948,1.35932,1,1
11.08.2021 01:43:25.161,1.35949,1.35932,1,1
11.08.2021 01:43:36.434,1.35951,1.35934,1.12,1
11.08.2021 01:43:36.535,1.3595000000000002,1.35934,1,1
11.08.2021 01:43:37.357,1.35951,1.35934,1.12,1
11.08.2021 01:43:39.861,1.3595000000000002,1.35933,1.5,1
11.08.2021 01:43:42.294,1.35948,1.35933,1,1
11.08.2021 01:43:45.650,1.35948,1.35934,1,1
11.08.2021 01:43:45.869,1.3594700000000002,1.35934,1,1
11.08.2021 01:43:48.170,1.3594700000000002,1.35935,1,1
11.08.2021 01:43:52.287,1.35948,1.35933,1,1
11.08.2021 01:43:52.611,1.3594700000000002,1.3593600000000001,1,1
11.08.2021 01:43:58.564,1.3595000000000002,1.3593600000000001,1.12,1
11.08.2021 01:44:01.043,1.35948,1.35934,1,1
11.08.2021 01:44:03.367,1.35949,1.35932,1,1
11.08.2021 01:44:03.468,1.35948,1.35932,1.12,1.5
11.08.2021 01:44:03.620,1.3594700000000002,1.3593000000000002,1,1
11.08.2021 01:44:04.675,1.3594700000000002,1.35929,1.5,1.12
11.08.2021 01:44:05.617,1.35944,1.35929,1,1.5
11.08.2021 01:44:05.970,1.35945,1.35928,1,1.12
11.08.2021 01:44:06.747,1.35944,1.3592700000000002,1,1.5
11.08.2021 01:44:06.955,1.35944,1.3592700000000002,1,1.12
11.08.2021 01:44:10.951,1.35941,1.3592700000000002,1,1.12
11.08.2021 01:44:24.990,1.35938,1.3592700000000002,1,1.12
11.08.2021 01:44:25.240,1.3593700000000002,1.35925,1,1.5
11.08.2021 01:44:25.517,1.35938,1.35924,1,1
11.08.2021 01:44:25.638,1.3593600000000001,1.35922,1,1.12
11.08.2021 01:44:25.739,1.3593700000000002,1.3592,1.5,1
11.08.2021 01:44:25.890,1.3593600000000001,1.35918,1,1
11.08.2021 01:44:25.991,1.3593600000000001,1.3591900000000001,1.5,1
11.08.2021 01:44:26.092,1.35935,1.35918,1,1
11.08.2021 01:44:26.143,1.35933,1.3591700000000002,1,1
11.08.2021 01:44:26.505,1.35931,1.3591600000000001,1,1.12
11.08.2021 01:44:28.653,1.35931,1.35915,1,1
11.08.2021 01:44:29.142,1.35931,1.3591600000000001,1,1
11.08.2021 01:44:29.819,1.35932,1.35914,1,1
11.08.2021 01:44:31.289,1.35931,1.3591700000000002,1.12,1
11.08.2021 01:44:37.873,1.35933,1.3591700000000002,1,1
11.08.2021 01:44:41.105,1.35934,1.35918,1,1
11.08.2021 01:44:41.207,1.3593600000000001,1.3592,1.12,1
11.08.2021 01:44:41.409,1.3593600000000001,1.35922,1.12,1
11.08.2021 01:44:43.884,1.3594000000000002,1.35924,1.87,1
11.08.2021 01:44:55.024,1.35941,1.35925,1,1
11.08.2021 01:44:56.548,1.35941,1.35929,1,1
11.08.2021 01:44:57.099,1.35943,1.35928,2.62,1
11.08.2021 01:45:02.751,1.35942,1.3592600000000001,1,1
11.08.2021 01:45:19.992,1.35943,1.35929,2,1
11.08.2021 01:45:20.144,1.35944,1.3593000000000002,2,1
11.08.2021 01:45:20.194,1.3594700000000002,1.35931,1.12,1
11.08.2021 01:45:20.295,1.35948,1.35934,1.12,1
11.08.2021 01:45:20.396,1.35952,1.3593700000000002,1,1
11.08.2021 01:45:20.447,1.35954,1.35938,1.12,1
11.08.2021 01:45:20.497,1.35956,1.35942,3.87,1
11.08.2021 01:45:20.598,1.35956,1.35942,1.5,1.12
11.08.2021 01:45:20.701,1.3595700000000002,1.35942,1,1
11.08.2021 01:45:20.802,1.3596000000000001,1.35944,1.62,1
11.08.2021 01:45:21.120,1.35959,1.35945,1,1
11.08.2021 01:45:24.108,1.35959,1.35942,1,1
11.08.2021 01:45:50.022,1.35956,1.35942,1,1
11.08.2021 01:45:50.125,1.35956,1.35941,1.5,1
11.08.2021 01:45:55.103,1.35955,1.35938,1,1.12
11.08.2021 01:46:20.222,1.35952,1.3593700000000002,1,1
11.08.2021 01:46:20.272,1.35952,1.35934,1,1.12
11.08.2021 01:46:20.323,1.35948,1.35933,1,1.5
11.08.2021 01:46:20.474,1.35948,1.35933,1,1
11.08.2021 01:46:20.736,1.3595000000000002,1.35933,1,1
11.08.2021 01:46:20.786,1.35949,1.35932,1,1
11.08.2021 01:46:26.637,1.35951,1.35934,1,1
11.08.2021 01:46:50.181,1.35949,1.35933,1,1.87
11.08.2021 01:47:03.159,1.35951,1.35934,1,1
11.08.2021 01:47:05.228,1.35949,1.35934,1,1
11.08.2021 01:47:11.967,1.35951,1.35934,1,1
11.08.2021 01:47:12.118,1.35952,1.3593700000000002,1.5,1
11.08.2021 01:47:15.893,1.3595000000000002,1.35933,1,2.45
11.08.2021 01:47:18.981,1.35951,1.35934,1,1
11.08.2021 01:47:24.276,1.3595000000000002,1.35935,1,2.07
11.08.2021 01:47:24.427,1.35953,1.3593600000000001,1,1
11.08.2021 01:47:26.521,1.35951,1.35933,1,1.5
11.08.2021 01:47:27.014,1.3595000000000002,1.35934,1,1.5
11.08.2021 01:47:28.048,1.3595000000000002,1.35935,1,2.75
11.08.2021 01:47:29.880,1.35951,1.35933,1,1.62
11.08.2021 01:47:39.002,1.35951,1.3593600000000001,1,1
11.08.2021 01:47:41.653,1.35949,1.35935,1,1
11.08.2021 01:47:44.753,1.35948,1.3593700000000002,1,1.12
11.08.2021 01:47:44.854,1.35949,1.3593700000000002,1,1
11.08.2021 01:47:45.005,1.35954,1.3593700000000002,1,1
11.08.2021 01:47:45.274,1.35954,1.35938,1,1
11.08.2021 01:47:50.505,1.35952,1.3593700000000002,1,1
11.08.2021 01:47:50.557,1.35955,1.35935,1.12,1
11.08.2021 01:47:51.184,1.35952,1.3593700000000002,1,1
11.08.2021 01:47:53.433,1.35951,1.35935,1,2
11.08.2021 01:47:57.628,1.35952,1.3593700000000002,1,1
11.08.2021 01:48:01.931,1.35951,1.35935,1,1.12
11.08.2021 01:48:10.203,1.35952,1.3593700000000002,1,1
11.08.2021 01:48:10.304,1.35953,1.35938,1,1
11.08.2021 01:48:17.720,1.35953,1.35939,1,1
11.08.2021 01:48:18.005,1.35955,1.3594000000000002,1.12,1
11.08.2021 01:48:18.512,1.35956,1.35941,1,1
11.08.2021 01:48:19.784,1.35958,1.35941,1,1
11.08.2021 01:48:21.218,1.35958,1.35942,1,1
11.08.2021 01:48:23.241,1.35959,1.35944,1,1
11.08.2021 01:48:23.543,1.3596100000000002,1.35944,1,1
11.08.2021 01:48:23.651,1.3596100000000002,1.3594600000000001,1.12,1
11.08.2021 01:48:23.752,1.35962,1.3594600000000001,1.12,1
11.08.2021 01:48:26.104,1.3596100000000002,1.3594600000000001,1,1
11.08.2021 01:48:31.665,1.35963,1.35945,1,1.5
11.08.2021 01:48:31.766,1.35963,1.35948,1,1
11.08.2021 01:48:31.871,1.35965,1.3594700000000002,1,1
11.08.2021 01:48:31.972,1.35965,1.35948,1,1
11.08.2021 01:48:32.073,1.35966,1.35948,1,1
11.08.2021 01:48:35.762,1.35966,1.3594600000000001,1,1.12
11.08.2021 01:48:36.669,1.35964,1.35948,1,1
11.08.2021 01:48:47.230,1.3596000000000001,1.35948,1,1.1
11.08.2021 01:48:50.489,1.35965,1.3594700000000002,1,1.1
11.08.2021 01:49:34.040,1.35964,1.35949,1,1
11.08.2021 01:49:34.192,1.3596700000000002,1.3595000000000002,1,1
11.08.2021 01:49:39.137,1.35969,1.35952,1.12,1
11.08.2021 01:49:46.397,1.35968,1.35949,1,1.62
11.08.2021 01:49:47.390,1.3596700000000002,1.3595000000000002,1.12,1.12
11.08.2021 01:49:51.110,1.35965,1.3595000000000002,1,1
11.08.2021 01:49:51.211,1.35966,1.35948,1,1.5
11.08.2021 01:49:51.548,1.35965,1.3595000000000002,1,1
11.08.2021 01:49:52.769,1.35964,1.35949,1,1
11.08.2021 01:49:55.846,1.35966,1.35949,1,1
11.08.2021 01:50:03.514,1.35965,1.35948,1,1.12
11.08.2021 01:50:05.711,1.3596700000000002,1.35951,1,1
11.08.2021 01:50:05.812,1.35968,1.35951,1,1
11.08.2021 01:50:18.897,1.35968,1.35953,1,1
11.08.2021 01:50:27.614,1.3596700000000002,1.35951,1,1.5
11.08.2021 01:50:28.111,1.35969,1.35952,1.12,1
11.08.2021 01:50:28.406,1.35968,1.35951,1,1
11.08.2021 01:50:49.549,1.35968,1.35953,1,1
11.08.2021 01:50:50.087,1.35969,1.35954,1.12,1
11.08.2021 01:50:51.053,1.35969,1.35953,1,1
11.08.2021 01:50:57.433,1.3596700000000002,1.35951,1,2.32
11.08.2021 01:50:57.763,1.35969,1.35952,1,1
11.08.2021 01:50:59.504,1.35964,1.35953,1,1
11.08.2021 01:51:00.329,1.35964,1.35951,1,1.5
11.08.2021 01:51:00.531,1.35964,1.3595000000000002,1,1.12
11.08.2021 01:51:00.760,1.35963,1.3595000000000002,1,1
11.08.2021 01:51:01.143,1.35963,1.35948,1,1.5
11.08.2021 01:51:01.363,1.35962,1.35943,1,1.6
11.08.2021 01:51:01.564,1.35964,1.35941,1.87,1.1
11.08.2021 01:51:01.615,1.35962,1.35941,1,1.57
11.08.2021 01:51:01.737,1.3596000000000001,1.35942,1,1
11.08.2021 01:51:02.405,1.35959,1.35942,1,1
11.08.2021 01:51:02.659,1.35959,1.35943,1,1
11.08.2021 01:51:15.539,1.35959,1.3594000000000002,1,2.07
11.08.2021 01:51:23.804,1.35959,1.35943,1,1.12
11.08.2021 01:51:34.299,1.35959,1.3594000000000002,1,1.6
11.08.2021 01:51:34.419,1.3595700000000002,1.3594000000000002,1,1.7
11.08.2021 01:51:34.520,1.35958,1.35939,1,1
11.08.2021 01:51:34.621,1.3595700000000002,1.35938,1,1
11.08.2021 01:51:34.722,1.3595700000000002,1.35938,1,1
11.08.2021 01:51:34.924,1.35953,1.3593600000000001,1,1.7
11.08.2021 01:51:35.771,1.35953,1.3593600000000001,1,1.5
11.08.2021 01:51:36.392,1.35953,1.35935,1,1
11.08.2021 01:51:44.481,1.35953,1.35934,1,1
11.08.2021 01:52:04.675,1.35952,1.35932,1,1.6
11.08.2021 01:52:04.776,1.35948,1.35931,1,1.1
11.08.2021 01:52:05.029,1.35949,1.35935,1,1
11.08.2021 01:52:05.079,1.35949,1.3593000000000002,1,1.6
11.08.2021 01:52:05.130,1.35945,1.3592700000000002,1,3.97
11.08.2021 01:52:05.281,1.35945,1.3592700000000002,1,1.72
11.08.2021 01:52:05.522,1.35944,1.3592700000000002,1,1.72
11.08.2021 01:52:06.377,1.35942,1.35925,1,1.72
11.08.2021 01:52:07.662,1.35942,1.35925,1,1.72
11.08.2021 01:52:09.630,1.35944,1.35925,1,1.72
11.08.2021 01:52:09.958,1.35943,1.35925,1,1.7
11.08.2021 01:52:13.144,1.35944,1.3592700000000002,1,1.2
11.08.2021 01:52:13.689,1.35945,1.35928,1,1
11.08.2021 01:52:15.175,1.35945,1.3592600000000001,1,2.32
11.08.2021 01:52:15.568,1.35945,1.3592600000000001,1,2.45
11.08.2021 01:52:15.974,1.35945,1.35928,1,1
11.08.2021 01:52:16.075,1.3594600000000001,1.35928,1,1.1
11.08.2021 01:52:30.981,1.35945,1.35928,1,2.1
11.08.2021 01:52:31.579,1.35945,1.3592600000000001,1,1.1
11.08.2021 01:52:31.810,1.35943,1.3592700000000002,1,1
11.08.2021 01:52:31.861,1.35941,1.3592700000000002,1,1
11.08.2021 01:52:37.232,1.35942,1.35924,1,1.7
11.08.2021 01:52:39.006,1.35941,1.35925,1,1.7
11.08.2021 01:52:45.987,1.35943,1.3592600000000001,1,1.6
11.08.2021 01:53:13.175,1.35941,1.35925,1,1.1
11.08.2021 01:53:15.174,1.35941,1.35924,1,1.1
11.08.2021 01:53:17.212,1.35944,1.35924,1,1.1
11.08.2021 01:53:19.771,1.35943,1.35924,1,1.1
11.08.2021 01:53:25.485,1.35942,1.35924,1,1.7
11.08.2021 01:53:27.310,1.35941,1.35922,1,1.5
11.08.2021 01:53:27.411,1.3593600000000001,1.3591900000000001,1,1.6
11.08.2021 01:53:27.512,1.35934,1.3591700000000002,1,1.72
11.08.2021 01:53:27.613,1.35934,1.3591600000000001,1,1.1
11.08.2021 01:53:27.714,1.35934,1.35915,1,1.7
11.08.2021 01:53:30.082,1.35933,1.3591600000000001,1,2.25
11.08.2021 01:53:31.760,1.35932,1.3591600000000001,1,1
11.08.2021 01:53:49.001,1.35932,1.35915,1,1
11.08.2021 01:53:52.408,1.3593000000000002,1.35915,1,1
11.08.2021 01:53:52.509,1.35928,1.35912,1,1
11.08.2021 01:53:52.610,1.3592700000000002,1.3590900000000001,1,1.6
11.08.2021 01:53:52.912,1.3592700000000002,1.35908,1,1.7
11.08.2021 01:53:53.013,1.3592700000000002,1.35908,1,1.12
11.08.2021 01:53:57.440,1.3592700000000002,1.3590900000000001,1.5,1.1
11.08.2021 01:53:57.913,1.3592600000000001,1.3591,1.5,1.1
11.08.2021 01:53:58.510,1.35928,1.3590900000000001,1,1.1
11.08.2021 01:54:00.130,1.35928,1.3590900000000001,1,1.1
11.08.2021 01:54:01.366,1.3592600000000001,1.3591,1,1.1
11.08.2021 01:54:01.682,1.3592700000000002,1.3590900000000001,1,1
11.08.2021 01:54:01.783,1.3592700000000002,1.3591,1,1.12
11.08.2021 01:54:02.246,1.35925,1.3590900000000001,1,1.6
11.08.2021 01:54:02.425,1.3592600000000001,1.3590900000000001,1,2.07
11.08.2021 01:54:04.514,1.3592700000000002,1.35908,1,2.07
11.08.2021 01:54:11.446,1.35925,1.3590900000000001,1,1.6
11.08.2021 01:54:13.972,1.3592600000000001,1.3590900000000001,1,2.07
11.08.2021 01:54:18.060,1.3592600000000001,1.35911,1,1
11.08.2021 01:54:18.161,1.3592600000000001,1.35911,1,1
11.08.2021 01:54:18.777,1.3592700000000002,1.3591,1,1
11.08.2021 01:54:23.509,1.3592600000000001,1.35912,1,1
11.08.2021 01:54:23.610,1.35925,1.35912,1,1
11.08.2021 01:54:23.711,1.3592700000000002,1.35911,1,1
11.08.2021 01:54:26.484,1.35924,1.3590900000000001,1,1
11.08.2021 01:54:26.655,1.35925,1.3590900000000001,1,1
11.08.2021 01:54:26.769,1.35924,1.3590900000000001,1,1
11.08.2021 01:54:26.870,1.35924,1.3590900000000001,1,1
11.08.2021 01:54:34.612,1.35924,1.35908,1,1
11.08.2021 01:54:39.283,1.35924,1.3590900000000001,1,1
11.08.2021 01:54:54.251,1.35924,1.3590700000000002,1,1.1
11.08.2021 01:54:54.352,1.35922,1.3590600000000002,1,1
11.08.2021 01:54:54.453,1.35921,1.35903,1,1.7
11.08.2021 01:54:54.554,1.35921,1.35903,1,1.62
11.08.2021 01:54:54.806,1.3592,1.35904,1,1.62
11.08.2021 01:54:55.080,1.3591900000000001,1.35904,1,1
11.08.2021 01:54:55.357,1.3592,1.35905,1,1.5
11.08.2021 01:54:56.270,1.3591900000000001,1.35903,1,1
11.08.2021 01:54:58.328,1.35921,1.3590200000000001,1,1
11.08.2021 01:55:03.846,1.3592,1.35901,1,2.85
11.08.2021 01:55:04.190,1.3592,1.35901,1,2.85
11.08.2021 01:55:15.785,1.35922,1.35904,1,1
11.08.2021 01:55:15.921,1.35922,1.35904,1,2
11.08.2021 01:55:19.741,1.3592,1.35905,1,1
11.08.2021 01:55:19.842,1.35921,1.35905,1,1
11.08.2021 01:55:22.481,1.35922,1.35903,1,1.7
11.08.2021 01:55:22.759,1.35921,1.35904,1,1.2
11.08.2021 01:55:22.861,1.35921,1.35903,1,1
11.08.2021 01:55:26.845,1.35918,1.35901,1,1.1
11.08.2021 01:55:30.885,1.3592,1.3590200000000001,1,1.1
11.08.2021 01:55:49.900,1.35921,1.35901,1,1.22
11.08.2021 01:55:50.299,1.35921,1.35903,1,1
11.08.2021 01:55:51.475,1.35921,1.35901,1,1.22
11.08.2021 01:56:06.785,1.35921,1.35903,1,1
11.08.2021 01:56:06.886,1.35921,1.35905,1,1
11.08.2021 01:56:07.094,1.35924,1.35908,1,1
11.08.2021 01:56:08.202,1.35923,1.35908,1,1.12
11.08.2021 01:56:08.751,1.35923,1.3590900000000001,1,1
11.08.2021 01:56:09.710,1.35923,1.3591,1,1
11.08.2021 01:56:09.811,1.35925,1.3590900000000001,1,1
11.08.2021 01:56:09.912,1.35925,1.3591,1,1
11.08.2021 01:56:17.598,1.3592700000000002,1.3591,1.5,1
11.08.2021 01:56:18.210,1.35928,1.3591,1,2.25
11.08.2021 01:56:19.062,1.3592700000000002,1.35912,1,1
11.08.2021 01:56:20.875,1.35929,1.35912,1,1
11.08.2021 01:56:21.287,1.35929,1.35913,1,2.25
11.08.2021 01:56:21.388,1.35932,1.3591700000000002,1,1
11.08.2021 01:56:21.489,1.3593700000000002,1.3591900000000001,1,1
11.08.2021 01:56:21.641,1.35938,1.35921,1,1
11.08.2021 01:56:21.795,1.35939,1.35924,1,1
11.08.2021 01:56:22.335,1.3594000000000002,1.35925,1,1
11.08.2021 01:56:24.412,1.35941,1.35925,1,1.12
11.08.2021 01:56:24.634,1.35943,1.35925,1,1
11.08.2021 01:56:29.299,1.35941,1.35925,1,1.87
11.08.2021 01:56:32.861,1.35942,1.35925,1,1
11.08.2021 01:56:42.656,1.35943,1.35928,1,1
11.08.2021 01:56:43.962,1.35945,1.35928,1,1
11.08.2021 01:56:44.086,1.35945,1.35929,1,1
11.08.2021 01:56:44.187,1.3594600000000001,1.3593000000000002,1.5,1
11.08.2021 01:56:46.519,1.35945,1.35929,1,1
11.08.2021 01:56:53.483,1.3594600000000001,1.35929,1,1
11.08.2021 01:56:53.701,1.3594600000000001,1.3593000000000002,1,1
11.08.2021 01:56:54.046,1.3594600000000001,1.35931,1.5,1.5
11.08.2021 01:56:55.296,1.3594700000000002,1.35932,1,1
11.08.2021 01:56:58.167,1.3594700000000002,1.35931,1,1.12
11.08.2021 01:56:59.710,1.3594700000000002,1.35932,1,1
11.08.2021 01:57:09.598,1.3594700000000002,1.35929,1,2.75
11.08.2021 01:57:09.800,1.3594600000000001,1.3592700000000002,1,2.47
11.08.2021 01:57:09.901,1.35945,1.3592700000000002,1,1
11.08.2021 01:57:09.951,1.35944,1.35928,1,1
11.08.2021 01:57:12.300,1.35944,1.35925,1,3.6
11.08.2021 01:57:16.452,1.3594000000000002,1.35921,1,1.6
11.08.2021 01:57:16.604,1.35939,1.3592,1,2.07
11.08.2021 01:57:16.655,1.35939,1.3592,1,2.82
11.08.2021 01:57:17.523,1.35939,1.35923,1,1
11.08.2021 01:57:18.564,1.35939,1.3592,1,2.07
11.08.2021 01:57:21.686,1.35939,1.35923,1,1.12
11.08.2021 01:57:21.787,1.35939,1.35924,1,1
11.08.2021 01:57:21.900,1.3594000000000002,1.35922,1,1.95
11.08.2021 01:57:22.048,1.35941,1.35923,1,1
11.08.2021 01:57:22.149,1.3594000000000002,1.35921,1,1.85
11.08.2021 01:57:22.879,1.35941,1.35922,1,1.12
11.08.2021 01:57:23.471,1.35941,1.35923,1,1
11.08.2021 01:57:24.945,1.35939,1.35923,1,1.12
11.08.2021 01:57:27.512,1.35939,1.35923,1,1.5
11.08.2021 01:57:27.816,1.35941,1.35924,1,1
11.08.2021 01:57:30.239,1.35939,1.35923,1,1.5
11.08.2021 01:57:32.093,1.35941,1.35925,1,1
11.08.2021 01:57:32.195,1.35943,1.35925,1,1.1
11.08.2021 01:57:32.296,1.35944,1.3592600000000001,1,1.5
11.08.2021 01:57:34.328,1.35944,1.3592600000000001,1,1.5
11.08.2021 01:57:35.469,1.35943,1.3592600000000001,1,1.5
11.08.2021 01:57:35.587,1.35943,1.3592600000000001,1,1.62
11.08.2021 01:57:36.128,1.35942,1.35925,1,1
11.08.2021 01:57:36.229,1.3594000000000002,1.35921,1,2.67
11.08.2021 01:57:36.330,1.35939,1.35921,1,1.62
11.08.2021 01:57:36.431,1.35939,1.35921,1,1.5
11.08.2021 01:57:39.352,1.3593700000000002,1.3591900000000001,1,2.85
11.08.2021 01:57:41.719,1.3593700000000002,1.3591900000000001,1,2.7
11.08.2021 01:57:41.770,1.35935,1.35918,1,1.1
11.08.2021 01:57:41.871,1.35934,1.3591700000000002,1,1.1
11.08.2021 01:57:42.645,1.35934,1.3591600000000001,1,1
11.08.2021 01:57:43.425,1.35933,1.35918,1,1
11.08.2021 01:57:43.636,1.35933,1.3591600000000001,1,1.5
11.08.2021 01:57:43.963,1.35932,1.35915,1,1.7
11.08.2021 01:57:50.984,1.35933,1.35914,1,1.62
11.08.2021 01:58:04.224,1.35931,1.35913,1,1.62
11.08.2021 01:58:06.505,1.35931,1.35914,1,1.12
11.08.2021 01:58:12.940,1.35932,1.35914,1,2.62
11.08.2021 01:58:13.875,1.35931,1.3591600000000001,1,1
11.08.2021 01:58:15.786,1.35931,1.35915,1,2.62
11.08.2021 01:58:21.077,1.35931,1.3591600000000001,1,1
11.08.2021 01:58:21.491,1.35931,1.35915,1,4.12
11.08.2021 01:58:21.899,1.3593000000000002,1.35915,1,1.12
11.08.2021 01:58:32.768,1.35929,1.35913,1,2.37
11.08.2021 01:58:33.066,1.35929,1.35913,1,1.62
11.08.2021 01:58:36.181,1.35922,1.3590900000000001,1,1.4
11.08.2021 01:58:36.232,1.3592,1.3590900000000001,1,1
11.08.2021 01:58:36.383,1.3592,1.35904,1,2.25
11.08.2021 01:58:36.484,1.35921,1.3590200000000001,1,1.12
11.08.2021 01:58:36.686,1.35921,1.35903,1,1
11.08.2021 01:58:36.787,1.35921,1.3590200000000001,1,1.87
11.08.2021 01:58:37.927,1.35921,1.35903,1,1
11.08.2021 01:58:38.386,1.35921,1.35905,1,1
11.08.2021 01:58:41.386,1.35922,1.3590600000000002,1,1
11.08.2021 01:58:46.852,1.35923,1.3590600000000002,1,1
11.08.2021 01:58:49.260,1.35922,1.3590600000000002,1,2.32
11.08.2021 01:58:49.361,1.35924,1.3590600000000002,1,1
11.08.2021 01:58:49.834,1.35923,1.35908,1,1
11.08.2021 01:58:49.969,1.35924,1.35908,1,1.5
11.08.2021 01:58:52.133,1.35923,1.3590700000000002,1,1.12
11.08.2021 01:59:07.155,1.35922,1.3590600000000002,1,2.37
11.08.2021 01:59:07.375,1.35922,1.3590600000000002,1,1.12
11.08.2021 01:59:07.476,1.35921,1.35901,1,2
11.08.2021 01:59:07.577,1.35921,1.35901,1,1.6
11.08.2021 01:59:07.627,1.3591900000000001,1.35901,1,1.6
11.08.2021 01:59:07.779,1.35918,1.3590200000000001,1,1
11.08.2021 01:59:22.491,1.35918,1.35904,1,1
11.08.2021 01:59:23.865,1.3591900000000001,1.35901,1,1
11.08.2021 01:59:54.235,1.35918,1.35901,1,1
11.08.2021 01:59:58.274,1.3591900000000001,1.35901,1,1
11.08.2021 01:59:58.324,1.35915,1.35903,1,1
11.08.2021 01:59:58.425,1.3591600000000001,1.35899,1,1
11.08.2021 02:00:02.013,1.35915,1.35898,1,1
11.08.2021 02:00:04.563,1.35913,1.35898,1,1
11.08.2021 02:00:30.852,1.35914,1.35899,1,1
11.08.2021 02:00:31.842,1.35915,1.359,1,1
11.08.2021 02:00:34.869,1.35918,1.3590200000000001,1,1.12
11.08.2021 02:00:34.920,1.3592,1.35905,1,1
11.08.2021 02:00:35.021,1.35923,1.3590600000000002,1,1.12
11.08.2021 02:00:46.362,1.3592,1.35904,1,1
11.08.2021 02:00:46.463,1.3591900000000001,1.35904,1,1.12
11.08.2021 02:00:47.739,1.35918,1.3590200000000001,1,1
11.08.2021 02:00:51.834,1.3591900000000001,1.35903,1.5,1
11.08.2021 02:00:56.679,1.35918,1.35903,1.5,1
11.08.2021 02:00:57.096,1.3591600000000001,1.359,1,1.12
11.08.2021 02:00:58.232,1.3591600000000001,1.35899,1,1
11.08.2021 02:01:07.841,1.35914,1.3589700000000002,1,1.5
11.08.2021 02:01:08.868,1.35913,1.35898,1,1
11.08.2021 02:01:34.409,1.35913,1.3589600000000002,1,1.87
11.08.2021 02:01:34.510,1.35912,1.35895,1,1.62
11.08.2021 02:01:35.063,1.35911,1.3589600000000002,1,1
11.08.2021 02:01:37.070,1.35912,1.3589700000000002,1,1
11.08.2021 02:01:41.420,1.35913,1.35898,1,1
11.08.2021 02:01:56.116,1.35912,1.3589700000000002,1,1
11.08.2021 02:02:08.164,1.35913,1.35898,1,1
11.08.2021 02:02:38.522,1.35915,1.35898,1,1
11.08.2021 02:02:39.126,1.3591600000000001,1.35899,1,1.12
11.08.2021 02:02:39.227,1.3591600000000001,1.359,1,1.87
11.08.2021 02:02:46.227,1.3591700000000002,1.35901,1,1
11.08.2021 02:02:51.857,1.3591900000000001,1.35904,1,1
11.08.2021 02:03:14.866,1.3591700000000002,1.35901,1,1.5
11.08.2021 02:03:18.482,1.35918,1.359,1,1
11.08.2021 02:03:31.642,1.3591600000000001,1.359,1,1.2
11.08.2021 02:03:33.315,1.3591600000000001,1.35899,1,1.12
11.08.2021 02:03:33.416,1.35914,1.35899,1,1
11.08.2021 02:03:33.719,1.35914,1.35898,1,2
11.08.2021 02:03:35.308,1.35914,1.35898,1,2.7
11.08.2021 02:03:39.932,1.35914,1.3589700000000002,1,1.2
11.08.2021 02:03:44.061,1.35914,1.3589600000000002,1,3
11.08.2021 02:03:54.863,1.35914,1.3589700000000002,1,1
11.08.2021 02:03:54.964,1.35914,1.35898,1,1
11.08.2021 02:04:03.649,1.35914,1.3589700000000002,1,1
11.08.2021 02:04:11.981,1.35912,1.3589700000000002,1,1
11.08.2021 02:04:12.887,1.35913,1.3589700000000002,1,1
11.08.2021 02:04:13.274,1.35913,1.3589600000000002,1,2.62
11.08.2021 02:04:13.722,1.35911,1.3589700000000002,1,1.87
11.08.2021 02:04:16.033,1.35914,1.3589600000000002,1,1.87
11.08.2021 02:04:16.613,1.35913,1.3589600000000002,1,1.87
11.08.2021 02:04:55.187,1.35911,1.35895,1,1.12
11.08.2021 02:04:55.527,1.3591,1.3589600000000002,1,1.5
11.08.2021 02:04:56.129,1.3591,1.35895,1,1.12
11.08.2021 02:04:56.180,1.3590600000000002,1.3589200000000001,1,1.4
11.08.2021 02:04:56.331,1.35901,1.35884,1,2.35
11.08.2021 02:04:56.382,1.35901,1.35884,1,1.6
11.08.2021 02:04:56.583,1.35901,1.3588200000000001,1,1.22
11.08.2021 02:04:57.133,1.359,1.3588500000000001,1,1
11.08.2021 02:05:01.641,1.3590200000000001,1.3588500000000001,1,1
11.08.2021 02:05:04.621,1.35903,1.3588700000000002,1,1
11.08.2021 02:05:20.088,1.35901,1.3588700000000002,1,1
11.08.2021 02:05:23.383,1.3590200000000001,1.35888,1,1
11.08.2021 02:05:32.144,1.35904,1.35888,1,1
11.08.2021 02:05:37.709,1.35903,1.3588700000000002,1,1
11.08.2021 02:05:44.462,1.35903,1.35889,1.12,1
11.08.2021 02:06:00.598,1.35904,1.3589,1.12,1
11.08.2021 02:06:13.891,1.35905,1.35888,1.12,1
11.08.2021 02:06:13.942,1.3590200000000001,1.35888,1,1.5
11.08.2021 02:06:13.992,1.3590200000000001,1.3588600000000002,1,1
11.08.2021 02:06:14.043,1.35898,1.3588700000000002,1,1
11.08.2021 02:06:14.093,1.3590200000000001,1.3588600000000002,1.12,1
11.08.2021 02:06:14.194,1.3590200000000001,1.3588600000000002,1.5,1
11.08.2021 02:06:22.750,1.35898,1.3588500000000001,1,1
11.08.2021 02:06:22.852,1.35898,1.35884,1,1
11.08.2021 02:06:24.697,1.3589700000000002,1.35884,1,1
11.08.2021 02:06:24.798,1.35898,1.3588,1,1.12
11.08.2021 02:06:28.239,1.35895,1.35881,1,1
11.08.2021 02:06:28.290,1.3589700000000002,1.35881,1,1
11.08.2021 02:06:39.235,1.35895,1.3588,1,1.2
11.08.2021 02:06:39.538,1.35894,1.35878,1,1.7
11.08.2021 02:06:39.944,1.35894,1.35878,1,1.7
11.08.2021 02:06:41.276,1.35895,1.35877,1,1.5
11.08.2021 02:06:43.741,1.35893,1.35878,1,1.12
11.08.2021 02:06:48.525,1.35891,1.3587600000000002,1,3.12
11.08.2021 02:06:48.626,1.35891,1.3587500000000001,1,2.37
11.08.2021 02:06:48.760,1.35891,1.3587500000000001,1,1.5
11.08.2021 02:06:48.861,1.3588600000000002,1.35871,1,1.5
11.08.2021 02:06:48.911,1.35884,1.3587200000000001,1,1
11.08.2021 02:06:48.962,1.35883,1.35867,1,1.5
11.08.2021 02:06:49.063,1.35881,1.3586799999999999,1,1
11.08.2021 02:06:49.114,1.35883,1.3586799999999999,1,1.5
11.08.2021 02:06:49.164,1.3588200000000001,1.3586600000000002,1,1.7
11.08.2021 02:06:49.531,1.35881,1.35867,1,1.12
11.08.2021 02:06:51.629,1.35883,1.3586799999999999,1,1
11.08.2021 02:06:51.705,1.35884,1.3587,1,1
11.08.2021 02:07:03.537,1.3588700000000002,1.3587,1,1
11.08.2021 02:07:03.677,1.3588700000000002,1.3587200000000001,1,1
11.08.2021 02:07:11.484,1.3588700000000002,1.35871,1,1.12
11.08.2021 02:07:26.309,1.3588500000000001,1.3587,1,1.62
11.08.2021 02:07:26.461,1.3588500000000001,1.3586799999999999,1,1.12
11.08.2021 02:07:26.866,1.35884,1.3586799999999999,1.12,1.87
11.08.2021 02:07:26.967,1.3588500000000001,1.35867,1.5,1
11.08.2021 02:07:28.501,1.35884,1.35867,1.5,1
11.08.2021 02:07:28.601,1.3588,1.35863,1,1
11.08.2021 02:07:28.753,1.35879,1.3586200000000002,1,1.5
11.08.2021 02:07:38.573,1.35878,1.35863,1.5,1
11.08.2021 02:07:38.689,1.3587600000000002,1.3586200000000002,1,1.12
11.08.2021 02:07:40.363,1.3587500000000001,1.35861,1.12,1
11.08.2021 02:07:40.822,1.3587500000000001,1.35861,1.5,1
11.08.2021 02:07:40.923,1.3587600000000002,1.3586,1.12,1
11.08.2021 02:07:43.081,1.3587500000000001,1.35861,1.5,1
11.08.2021 02:07:43.564,1.3587500000000001,1.35861,1.5,1
11.08.2021 02:07:46.164,1.3587600000000002,1.3586,1.5,1
11.08.2021 02:07:59.158,1.3587500000000001,1.35861,1.12,1
11.08.2021 02:08:04.575,1.3587600000000002,1.3586,1.5,1
11.08.2021 02:08:06.271,1.3587600000000002,1.3586,1.12,1
11.08.2021 02:08:09.152,1.35877,1.35861,1,1
11.08.2021 02:08:23.359,1.35878,1.35864,1,1
11.08.2021 02:08:23.510,1.35883,1.3586799999999999,1,1
11.08.2021 02:08:23.611,1.35883,1.3586799999999999,1,1
11.08.2021 02:08:24.551,1.35884,1.35869,1.62,1
11.08.2021 02:08:25.220,1.3588500000000001,1.3586799999999999,1.5,1
11.08.2021 02:08:25.271,1.3588500000000001,1.35871,1.5,1
11.08.2021 02:08:25.372,1.3588600000000002,1.3587,1.12,1
11.08.2021 02:08:29.576,1.35883,1.3586799999999999,1,1.12
11.08.2021 02:08:39.627,1.35883,1.3586500000000001,1,3.12
11.08.2021 02:08:39.924,1.35883,1.3586500000000001,1,3
11.08.2021 02:08:41.186,1.35883,1.3586500000000001,1,3.5
11.08.2021 02:08:41.632,1.35883,1.3586500000000001,1,1.87
11.08.2021 02:08:54.585,1.35881,1.3586500000000001,1,1.12
11.08.2021 02:09:09.133,1.35881,1.3586500000000001,1,1.5
11.08.2021 02:09:11.399,1.35879,1.35864,1,1.62
11.08.2021 02:09:11.504,1.35879,1.3586500000000001,1,1
11.08.2021 02:09:13.990,1.35879,1.35864,1,1.62
11.08.2021 02:09:19.476,1.35879,1.35864,1,1.62
11.08.2021 02:09:27.990,1.35878,1.35864,1,1
11.08.2021 02:09:28.041,1.35878,1.35861,1.5,2
11.08.2021 02:09:28.092,1.35873,1.35859,1,1.62
11.08.2021 02:09:28.194,1.35871,1.35858,1,1
11.08.2021 02:09:28.244,1.35871,1.35857,1,1
11.08.2021 02:09:29.048,1.35871,1.3585500000000001,1,1.62
11.08.2021 02:09:29.164,1.35871,1.35854,1,1
11.08.2021 02:09:29.959,1.35869,1.35854,1,1.62
11.08.2021 02:09:30.140,1.35869,1.35854,1,2
11.08.2021 02:09:31.076,1.35871,1.3585500000000001,1,1.12
11.08.2021 02:09:45.465,1.35871,1.35854,1,1
11.08.2021 02:09:46.054,1.3587,1.3585500000000001,1,1
11.08.2021 02:09:48.876,1.35869,1.35854,1,1
11.08.2021 02:09:49.080,1.35869,1.35853,1,1
11.08.2021 02:09:55.054,1.3586799999999999,1.35854,1,1
11.08.2021 02:10:01.736,1.3586600000000002,1.3585,1,1.5
11.08.2021 02:10:01.837,1.3586600000000002,1.35849,1,2.37
11.08.2021 02:10:01.938,1.3586600000000002,1.35849,1,2.25
11.08.2021 02:10:02.222,1.3586600000000002,1.3585,1,1
11.08.2021 02:10:02.362,1.3586600000000002,1.35849,1,1.5
11.08.2021 02:10:02.830,1.3586500000000001,1.35849,1,1.5
11.08.2021 02:10:02.931,1.35864,1.35849,1,1
11.08.2021 02:10:03.032,1.35863,1.35849,1,1.12
11.08.2021 02:10:03.183,1.35863,1.35848,1,1.87
11.08.2021 02:10:08.156,1.35863,1.35846,1,2.37
11.08.2021 02:10:09.129,1.3586200000000002,1.35847,1,2.25
11.08.2021 02:10:30.756,1.35863,1.35849,1,1
11.08.2021 02:10:30.857,1.3586600000000002,1.35849,1,1
11.08.2021 02:10:31.140,1.3586600000000002,1.35851,1,1
11.08.2021 02:10:34.185,1.35867,1.35851,1,1.5
11.08.2021 02:10:40.386,1.3586799999999999,1.35853,1,1
11.08.2021 02:10:44.691,1.3587,1.35853,1,1
11.08.2021 02:11:01.888,1.35869,1.35854,1.62,1
11.08.2021 02:11:05.192,1.35869,1.35854,1,1
11.08.2021 02:11:06.743,1.35871,1.3585500000000001,1,1
11.08.2021 02:11:06.931,1.35871,1.35857,1.5,1.12
11.08.2021 02:11:07.032,1.3587200000000001,1.35858,1,1
11.08.2021 02:11:07.133,1.3587500000000001,1.35859,1.5,1
11.08.2021 02:11:07.234,1.35874,1.35858,1,1
11.08.2021 02:11:07.385,1.35877,1.35861,1,1
11.08.2021 02:11:07.486,1.3588,1.3586500000000001,1,1
11.08.2021 02:11:07.587,1.35881,1.35867,1,1
11.08.2021 02:11:08.245,1.3588,1.3586600000000002,1,1
11.08.2021 02:11:12.585,1.35878,1.35864,1,1
11.08.2021 02:11:12.938,1.35878,1.3586200000000002,1,1
11.08.2021 02:11:30.728,1.35877,1.35861,1,1
11.08.2021 02:11:30.829,1.35874,1.3586,1,1
11.08.2021 02:11:30.930,1.35873,1.35857,1,1
11.08.2021 02:11:31.031,1.35871,1.3585500000000001,1,1
11.08.2021 02:11:31.685,1.35869,1.3585500000000001,1,1
11.08.2021 02:12:00.279,1.35871,1.3585500000000001,1.87,1
11.08.2021 02:12:00.453,1.3587200000000001,1.35857,1,1
11.08.2021 02:12:01.387,1.3587200000000001,1.35858,1,1
11.08.2021 02:12:37.497,1.3587200000000001,1.35858,1.5,1
11.08.2021 02:12:42.554,1.35873,1.35857,1.12,1.87
11.08.2021 02:12:43.454,1.3587,1.35854,1,1.5
11.08.2021 02:12:43.555,1.3587,1.35854,1,1
11.08.2021 02:12:46.935,1.3586600000000002,1.35853,1,1
11.08.2021 02:12:47.036,1.35867,1.3585,1,1.5
11.08.2021 02:12:47.187,1.3586600000000002,1.35851,1,1
11.08.2021 02:12:48.012,1.3586600000000002,1.3585,1,1
11.08.2021 02:12:56.424,1.3586500000000001,1.35849,1,1.5
11.08.2021 02:13:03.618,1.3586600000000002,1.35849,1,1.5
11.08.2021 02:13:07.795,1.35867,1.35851,1,1
11.08.2021 02:13:07.896,1.3586799999999999,1.35849,1,3.57
11.08.2021 02:13:12.158,1.3586799999999999,1.3585200000000002,1,1.2
11.08.2021 02:13:12.259,1.3587,1.3585200000000002,1,3.95
11.08.2021 02:13:12.410,1.35869,1.3585200000000002,1,1
11.08.2021 02:13:12.461,1.35869,1.35851,1,1
11.08.2021 02:13:12.630,1.35869,1.35851,1,1
11.08.2021 02:13:16.100,1.3586799999999999,1.35851,1,2.45
11.08.2021 02:13:17.105,1.35869,1.3585,1,2.07
11.08.2021 02:13:17.206,1.35869,1.3585,1,3.57
11.08.2021 02:13:17.307,1.3587,1.3585200000000002,1,1.5
11.08.2021 02:13:22.728,1.35871,1.3585200000000002,1,1.62
11.08.2021 02:13:49.237,1.3586799999999999,1.35853,1,1.62
11.08.2021 02:14:09.305,1.35869,1.35853,1,1
11.08.2021 02:14:13.068,1.3586799999999999,1.35853,1,1
11.08.2021 02:14:28.298,1.3586799999999999,1.35854,1,1
11.08.2021 02:15:08.576,1.35869,1.3585200000000002,1,1.5
11.08.2021 02:15:08.660,1.3587,1.3585500000000001,1,1.12
11.08.2021 02:15:09.191,1.35871,1.35854,1,1.5
11.08.2021 02:15:11.733,1.35869,1.3585500000000001,1,1.12
11.08.2021 02:15:19.585,1.3587,1.3585600000000002,1,1
11.08.2021 02:15:19.686,1.3587200000000001,1.3585600000000002,1,1
11.08.2021 02:15:24.474,1.3587,1.3585600000000002,1,1
11.08.2021 02:15:56.463,1.35869,1.3585500000000001,1,1
11.08.2021 02:16:13.225,1.3587200000000001,1.3585600000000002,1.12,1
11.08.2021 02:16:38.991,1.3587,1.35854,1,1
11.08.2021 02:16:39.476,1.35869,1.35853,1,1
11.08.2021 02:16:39.682,1.3586600000000002,1.3585200000000002,1,1
11.08.2021 02:16:48.026,1.3586799999999999,1.35853,1,1
11.08.2021 02:16:48.599,1.35867,1.3585200000000002,1,1
11.08.2021 02:16:48.873,1.35867,1.3585200000000002,1,1
11.08.2021 02:16:48.974,1.3586600000000002,1.35854,1,1
11.08.2021 02:16:50.700,1.35867,1.35854,1,1
11.08.2021 02:16:51.902,1.3587,1.35854,1,1
11.08.2021 02:16:56.563,1.35871,1.3585500000000001,1.12,1
11.08.2021 02:17:17.235,1.3587,1.35854,1,1
11.08.2021 02:17:57.959,1.35867,1.3585500000000001,1,1
11.08.2021 02:18:00.415,1.3586600000000002,1.35854,1,1
11.08.2021 02:18:01.244,1.35869,1.35853,1,1
11.08.2021 02:18:11.639,1.35867,1.35853,1.12,1
11.08.2021 02:18:11.740,1.35867,1.3585200000000002,1.12,1
11.08.2021 02:18:28.496,1.35867,1.3585200000000002,1.5,1
11.08.2021 02:18:28.746,1.35867,1.3585200000000002,1.12,1
11.08.2021 02:18:29.136,1.35867,1.3585200000000002,1.5,1
11.08.2021 02:18:29.237,1.3586799999999999,1.35851,1.12,1
11.08.2021 02:18:30.226,1.35867,1.3585200000000002,1.5,1
11.08.2021 02:18:30.406,1.35867,1.3585200000000002,1.12,1
11.08.2021 02:18:31.171,1.3586799999999999,1.35851,1.5,1
11.08.2021 02:18:31.396,1.35867,1.3585200000000002,1.12,1
11.08.2021 02:18:31.690,1.35867,1.3585200000000002,1.5,1
11.08.2021 02:18:31.791,1.35867,1.3585200000000002,1.12,1
11.08.2021 02:18:32.157,1.3586799999999999,1.35851,1.5,1
11.08.2021 02:18:32.386,1.35867,1.3585200000000002,1.12,1
11.08.2021 02:18:33.111,1.3586799999999999,1.35851,1.5,1
11.08.2021 02:18:33.377,1.35867,1.3585200000000002,1.12,1
11.08.2021 02:18:33.996,1.35867,1.3585200000000002,1.5,1
11.08.2021 02:18:45.345,1.3586799999999999,1.35851,1.12,1
11.08.2021 02:18:45.496,1.35867,1.3585200000000002,1.5,1
11.08.2021 02:18:45.865,1.3586799999999999,1.35851,1.12,1
11.08.2021 02:18:46.090,1.35867,1.3585200000000002,1.5,1
11.08.2021 02:18:47.428,1.3586600000000002,1.3585200000000002,1.5,1
11.08.2021 02:18:47.529,1.3586600000000002,1.35851,1.5,1.12
11.08.2021 02:19:03.288,1.35867,1.3585,1.5,1
11.08.2021 02:19:03.645,1.35867,1.3585,1.5,1
11.08.2021 02:19:11.648,1.3586500000000001,1.35849,1,1
11.08.2021 02:19:24.885,1.3586500000000001,1.35848,1,1.12
11.08.2021 02:19:42.460,1.35864,1.35849,1.5,1
11.08.2021 02:19:47.746,1.35864,1.35849,1.12,1
11.08.2021 02:19:50.656,1.3586500000000001,1.35848,1.5,1
11.08.2021 02:19:50.757,1.3586200000000002,1.35848,1,1.12
11.08.2021 02:19:55.452,1.35863,1.35847,1.12,1.5
11.08.2021 02:19:56.454,1.35863,1.35847,1.5,1.12
11.08.2021 02:20:13.397,1.35863,1.3585200000000002,1.5,1
11.08.2021 02:20:16.967,1.35863,1.35847,2.37,1.12
11.08.2021 02:20:17.018,1.35863,1.3585200000000002,1.5,1
11.08.2021 02:20:50.617,1.3586200000000002,1.35848,1,2.25
11.08.2021 02:20:50.668,1.35867,1.35858,1.62,1
11.08.2021 02:20:50.718,1.35867,1.35853,1,1
11.08.2021 02:20:51.021,1.35869,1.3585500000000001,1,1
11.08.2021 02:20:51.173,1.35871,1.3585500000000001,1,2.62
11.08.2021 02:20:54.785,1.35873,1.35857,1,1
11.08.2021 02:20:55.761,1.3587200000000001,1.3585600000000002,1,1
11.08.2021 02:20:58.417,1.3587200000000001,1.35858,1,1
11.08.2021 02:21:00.246,1.3587200000000001,1.35857,1,1
11.08.2021 02:21:00.463,1.3587200000000001,1.35858,1,1
11.08.2021 02:21:06.434,1.35873,1.35857,1.12,1.5
11.08.2021 02:21:11.896,1.3587200000000001,1.3585600000000002,1,1.5
11.08.2021 02:21:13.446,1.3587200000000001,1.3585600000000002,1,1.5
11.08.2021 02:21:21.911,1.3587,1.35854,1,1.5
11.08.2021 02:21:21.962,1.35867,1.35853,1,1.62
11.08.2021 02:21:22.063,1.3586799999999999,1.3585500000000001,1,1
11.08.2021 02:21:22.165,1.35869,1.3585500000000001,1.12,1.5
11.08.2021 02:21:22.468,1.3587,1.3585600000000002,1,1
11.08.2021 02:21:37.528,1.35871,1.3585500000000001,1,1.5
11.08.2021 02:21:49.221,1.35871,1.35858,1.12,1
11.08.2021 02:21:49.788,1.35871,1.35859,1.12,1
11.08.2021 02:21:50.163,1.35873,1.35859,1.12,1.12
11.08.2021 02:22:00.709,1.3587200000000001,1.35858,1,1.5
11.08.2021 02:22:01.004,1.3587,1.3585600000000002,1,1.5
11.08.2021 02:22:01.584,1.3587,1.3585600000000002,1,1.5
11.08.2021 02:22:02.590,1.35871,1.35854,1,1.5
11.08.2021 02:22:15.299,1.35869,1.35853,1,1
11.08.2021 02:22:15.400,1.3586600000000002,1.35851,1,1.5
11.08.2021 02:22:15.501,1.35863,1.35851,1,1
11.08.2021 02:22:15.551,1.35863,1.3585,1,1
11.08.2021 02:22:15.831,1.35864,1.35848,1,1
11.08.2021 02:22:20.814,1.35864,1.35849,1,1
11.08.2021 02:22:28.381,1.35864,1.3585,1,1
11.08.2021 02:22:35.931,1.35867,1.3585,1,1
11.08.2021 02:23:37.889,1.3586500000000001,1.35849,1,1
11.08.2021 02:23:37.990,1.35857,1.3584200000000002,1,1.5
11.08.2021 02:23:38.091,1.35853,1.35837,1,1.75
11.08.2021 02:23:38.142,1.3585,1.3583500000000002,1,1.12
11.08.2021 02:23:38.243,1.35848,1.35834,1,2
11.08.2021 02:23:38.345,1.35846,1.35829,1,3.12
11.08.2021 02:23:38.496,1.3584500000000002,1.35828,1,3.5
11.08.2021 02:23:38.647,1.35844,1.35829,1,2.25
11.08.2021 02:23:40.179,1.3584200000000002,1.35827,1,1
11.08.2021 02:23:40.330,1.3584,1.35823,1,2.62
11.08.2021 02:23:40.498,1.3584,1.35825,1,1
11.08.2021 02:23:42.215,1.3584200000000002,1.35826,1,1
11.08.2021 02:23:54.819,1.3584200000000002,1.3582400000000001,1,1
11.08.2021 02:23:55.463,1.35838,1.3582400000000001,1,1
11.08.2021 02:23:55.564,1.3583200000000002,1.35817,1,1
11.08.2021 02:23:55.615,1.35834,1.35818,1,1
11.08.2021 02:23:55.716,1.3583200000000002,1.35818,1,1
11.08.2021 02:23:57.778,1.3583100000000001,1.35815,1,1
11.08.2021 02:24:18.186,1.3583100000000001,1.35817,1.12,1
11.08.2021 02:24:18.287,1.3583500000000002,1.3582100000000001,1.12,1
11.08.2021 02:24:18.388,1.35839,1.35825,1.12,1
11.08.2021 02:24:18.858,1.3584,1.35826,1,1
11.08.2021 02:24:19.604,1.3584200000000002,1.35828,1.5,1
11.08.2021 02:24:19.705,1.35844,1.3583,1,1
11.08.2021 02:24:56.346,1.3584200000000002,1.35826,1,1.5
11.08.2021 02:24:56.497,1.3584200000000002,1.35825,1,1.6
11.08.2021 02:24:56.598,1.3584200000000002,1.35826,1,2.1
11.08.2021 02:24:57.088,1.3584200000000002,1.35826,1,1.1
11.08.2021 02:24:57.204,1.3584200000000002,1.35828,1,1
11.08.2021 02:24:57.405,1.3584100000000001,1.3583,1,1
11.08.2021 02:24:58.102,1.35843,1.3583,1,1.5
11.08.2021 02:24:58.152,1.35843,1.3583200000000002,1,1
11.08.2021 02:24:58.253,1.35844,1.3583200000000002,1,1
11.08.2021 02:24:58.485,1.3584500000000002,1.3583200000000002,1,1
11.08.2021 02:24:59.814,1.3584500000000002,1.3583100000000001,1,1
11.08.2021 02:24:59.865,1.3584500000000002,1.35828,1,1.1
11.08.2021 02:24:59.916,1.3584200000000002,1.35828,1,1.2
11.08.2021 02:25:00.067,1.3584100000000001,1.35826,1,1.1
11.08.2021 02:25:00.218,1.35843,1.35825,1,1.1
11.08.2021 02:25:02.207,1.35843,1.3583200000000002,1,1
11.08.2021 02:25:04.798,1.35843,1.35825,1,1.6
11.08.2021 02:25:12.085,1.3584200000000002,1.35827,1,1.57
11.08.2021 02:25:15.771,1.3584200000000002,1.35825,1,1.1
11.08.2021 02:25:16.293,1.3584100000000001,1.3583,1,1
11.08.2021 02:25:17.225,1.3584200000000002,1.35825,1,1.6
11.08.2021 02:25:23.144,1.3584100000000001,1.35825,1,1.5
11.08.2021 02:25:23.194,1.35839,1.3582100000000001,1,2.47
11.08.2021 02:25:23.295,1.35839,1.35823,1,1
11.08.2021 02:25:23.397,1.35837,1.3582400000000001,1,1
11.08.2021 02:25:23.766,1.35836,1.35823,1,1
11.08.2021 02:25:24.086,1.35836,1.35819,1,1.95
11.08.2021 02:25:24.188,1.35834,1.3582,1,1.5
11.08.2021 02:25:24.313,1.3583500000000002,1.35818,1,2.25
11.08.2021 02:25:24.517,1.35833,1.35818,1,2.07
11.08.2021 02:25:24.670,1.35834,1.35817,1,1.5
11.08.2021 02:25:25.148,1.3583200000000002,1.35818,1,1
11.08.2021 02:25:32.740,1.35833,1.35818,1,1.5
11.08.2021 02:25:32.866,1.3583500000000002,1.35817,1,1.5
11.08.2021 02:25:32.984,1.35834,1.35819,1,1
11.08.2021 02:25:33.137,1.3583500000000002,1.35819,1,1.1
11.08.2021 02:25:33.270,1.35837,1.35819,1,1.1
11.08.2021 02:25:33.471,1.35836,1.3582,1,1.22
11.08.2021 02:25:38.271,1.35836,1.3582,1,1.57
11.08.2021 02:25:40.370,1.35836,1.3582,1,1.6
11.08.2021 02:25:45.948,1.35837,1.35819,1,1.2
11.08.2021 02:26:07.669,1.35836,1.35819,1,1.2
11.08.2021 02:26:07.770,1.3583500000000002,1.3582,1,1.6
11.08.2021 02:26:27.313,1.35836,1.35819,1,1.12
11.08.2021 02:26:27.364,1.35834,1.35818,1,1.95
11.08.2021 02:26:27.818,1.35834,1.35817,1,1.5
11.08.2021 02:26:28.585,1.35833,1.35817,1,1
11.08.2021 02:26:28.686,1.35833,1.35816,1,1.95
11.08.2021 02:27:18.486,1.35833,1.35818,1,1
11.08.2021 02:27:18.588,1.35834,1.35819,1,1
11.08.2021 02:27:19.747,1.3583500000000002,1.3582,1,1
11.08.2021 02:27:23.061,1.35834,1.3582,1,1
11.08.2021 02:27:23.162,1.3583500000000002,1.35818,1,1.1
11.08.2021 02:27:29.609,1.35836,1.3582100000000001,1.5,1
11.08.2021 02:27:31.259,1.35836,1.35819,1,1
11.08.2021 02:27:57.369,1.3583500000000002,1.35818,1,1.12
11.08.2021 02:28:01.700,1.35833,1.35816,1,1.5
11.08.2021 02:28:01.851,1.35837,1.3582,1,1
11.08.2021 02:28:02.661,1.35838,1.35823,1,1
11.08.2021 02:28:09.112,1.35838,1.3582,1,1.1
11.08.2021 02:28:09.213,1.35836,1.3582,1,1.12
11.08.2021 02:28:09.613,1.35836,1.35819,1,1.12
11.08.2021 02:28:10.068,1.35836,1.35818,1,1.57
11.08.2021 02:28:10.639,1.35834,1.35817,1,1.6
11.08.2021 02:28:11.171,1.35833,1.35817,1,2.37
11.08.2021 02:28:11.674,1.3583200000000002,1.35817,1,2
11.08.2021 02:28:12.566,1.35834,1.35819,1,1
11.08.2021 02:28:12.616,1.35836,1.3582100000000001,1.5,1
11.08.2021 02:28:14.434,1.35836,1.35823,1,1
11.08.2021 02:28:48.257,1.35839,1.3582200000000002,1,1
11.08.2021 02:28:48.690,1.3584100000000001,1.3582200000000002,1,1
11.08.2021 02:28:49.099,1.3584100000000001,1.35823,1,1
11.08.2021 02:28:50.771,1.3584100000000001,1.35826,1,1
11.08.2021 02:28:50.922,1.35843,1.35827,1,1.1
11.08.2021 02:28:51.124,1.3584500000000002,1.35826,1,1.2
11.08.2021 02:28:54.120,1.3584200000000002,1.35827,1,1.1
11.08.2021 02:28:54.272,1.35843,1.35825,1,1.12
11.08.2021 02:28:55.129,1.35843,1.35825,1,1.5
11.08.2021 02:28:59.898,1.35843,1.35825,1,1
11.08.2021 02:29:00.332,1.35843,1.35827,1,1.1
11.08.2021 02:29:00.437,1.3584500000000002,1.35826,1,1.22
11.08.2021 02:29:00.538,1.35846,1.35827,1,1.1
11.08.2021 02:29:01.534,1.3584500000000002,1.35829,1,1
11.08.2021 02:29:02.116,1.35846,1.35829,1,1
11.08.2021 02:29:06.846,1.35846,1.3583,1,1
11.08.2021 02:29:07.030,1.35846,1.3583100000000001,1,1.5
11.08.2021 02:29:08.401,1.35847,1.3583100000000001,1,2.25
11.08.2021 02:29:09.290,1.35848,1.3583100000000001,1,1
11.08.2021 02:29:19.324,1.35848,1.3583,1,2.62
11.08.2021 02:29:25.118,1.35848,1.3583100000000001,1,1
11.08.2021 02:29:26.114,1.35848,1.3583200000000002,1,1
11.08.2021 02:29:37.993,1.35848,1.3583100000000001,1,1
11.08.2021 02:29:38.521,1.35847,1.35829,1,1.5
11.08.2021 02:29:38.673,1.35844,1.35829,1,1
11.08.2021 02:29:40.576,1.3584200000000002,1.35828,1,1
11.08.2021 02:29:43.878,1.35844,1.35829,1,1
11.08.2021 02:29:49.944,1.35846,1.3583,1,1
11.08.2021 02:29:54.224,1.35847,1.3583100000000001,1,1
11.08.2021 02:29:54.937,1.3584500000000002,1.3583200000000002,1,1
11.08.2021 02:29:56.952,1.35847,1.3583100000000001,1,1
11.08.2021 02:30:19.046,1.35847,1.35833,1,1
11.08.2021 02:30:25.635,1.35847,1.3583,1,1.5
11.08.2021 02:30:29.493,1.35847,1.3583200000000002,1,1
11.08.2021 02:30:32.517,1.35847,1.3583,1,1
11.08.2021 02:30:40.272,1.3584500000000002,1.3583,1,1
11.08.2021 02:30:44.269,1.35843,1.35829,1,1
11.08.2021 02:30:53.700,1.35843,1.35828,1,1
11.08.2021 02:30:55.105,1.35844,1.35828,1,1
11.08.2021 02:31:08.017,1.35846,1.3583,1,1
11.08.2021 02:31:08.119,1.35847,1.3583100000000001,1,1
11.08.2021 02:31:30.444,1.35848,1.35834,1,1
11.08.2021 02:31:30.607,1.3585,1.35836,1.12,1
11.08.2021 02:32:03.261,1.35848,1.3583500000000002,1,1
11.08.2021 02:32:06.554,1.35851,1.3583500000000002,1,1
11.08.2021 02:32:26.159,1.35851,1.35837,1,1
11.08.2021 02:32:58.269,1.3585,1.35836,1,1
11.08.2021 02:32:58.427,1.3585,1.35834,1,1
11.08.2021 02:33:08.058,1.3585200000000002,1.35836,2,1
11.08.2021 02:33:08.159,1.35851,1.35837,1.12,1
11.08.2021 02:33:08.713,1.3585200000000002,1.35838,1,1
11.08.2021 02:33:08.814,1.35854,1.3584,1.62,1
11.08.2021 02:33:08.915,1.35858,1.3584200000000002,1.62,1
11.08.2021 02:33:09.016,1.35859,1.3584500000000002,1.5,1
11.08.2021 02:33:09.117,1.3586,1.35844,1.5,1
11.08.2021 02:33:09.218,1.35859,1.3584500000000002,1.12,1
11.08.2021 02:33:09.319,1.3586200000000002,1.35847,1.5,1
11.08.2021 02:33:09.370,1.3586500000000001,1.35848,1.62,1
11.08.2021 02:33:09.421,1.35864,1.35849,1.5,1
11.08.2021 02:33:09.471,1.35864,1.35851,1,1
11.08.2021 02:33:09.572,1.3586500000000001,1.35851,1.5,1
11.08.2021 02:33:13.693,1.3586600000000002,1.35849,1,1
11.08.2021 02:33:14.013,1.3586500000000001,1.35848,1,1
11.08.2021 02:33:32.731,1.3586600000000002,1.35849,1.5,1
11.08.2021 02:33:34.635,1.35867,1.35851,1.62,1
11.08.2021 02:33:35.250,1.3586799999999999,1.3585,1.5,1
11.08.2021 02:33:36.937,1.35869,1.3585200000000002,2.37,1
11.08.2021 02:33:37.038,1.35869,1.3585200000000002,1.5,1
11.08.2021 02:33:37.139,1.35869,1.35853,1,1
11.08.2021 02:33:37.517,1.35869,1.35854,1,1
11.08.2021 02:33:39.738,1.3587200000000001,1.35854,2.25,1
11.08.2021 02:33:40.981,1.3587,1.3585500000000001,1,1
11.08.2021 02:33:41.032,1.3587,1.35857,1,1
11.08.2021 02:33:41.082,1.35874,1.35857,1,1
11.08.2021 02:33:41.133,1.3587500000000001,1.35859,1.5,1
11.08.2021 02:33:42.213,1.3587600000000002,1.3586,1,1
11.08.2021 02:33:42.314,1.35877,1.35863,1,1
11.08.2021 02:33:42.415,1.3588,1.3586500000000001,1.12,1
11.08.2021 02:33:42.567,1.35881,1.3586600000000002,1.5,1
11.08.2021 02:33:42.670,1.3588,1.3586500000000001,1.12,1
11.08.2021 02:33:43.534,1.35883,1.3586500000000001,2,1
11.08.2021 02:33:43.802,1.3588200000000001,1.3586600000000002,1.5,1
11.08.2021 02:33:50.686,1.35884,1.3586600000000002,1,1
11.08.2021 02:33:50.788,1.3588500000000001,1.3586799999999999,1,1
11.08.2021 02:33:51.079,1.3588600000000002,1.3586799999999999,1,1
11.08.2021 02:33:55.726,1.3588500000000001,1.3586799999999999,1.12,1
11.08.2021 02:33:56.783,1.35884,1.3586600000000002,1,1
11.08.2021 02:34:05.883,1.3588200000000001,1.3586500000000001,1,1
11.08.2021 02:34:06.291,1.35881,1.35864,1,1
11.08.2021 02:34:06.773,1.35879,1.3586200000000002,1,1
11.08.2021 02:34:07.802,1.35877,1.3586200000000002,1,1
11.08.2021 02:34:14.871,1.35878,1.35864,1,1
11.08.2021 02:34:27.842,1.35877,1.35863,1,1
11.08.2021 02:34:27.943,1.3587600000000002,1.35861,1,1
11.08.2021 02:34:28.276,1.3587600000000002,1.3586,1,1
11.08.2021 02:34:28.422,1.35874,1.3586,1,1.12
11.08.2021 02:34:38.940,1.35873,1.35859,1,1.12
11.08.2021 02:34:39.041,1.3587,1.3585600000000002,1,1
11.08.2021 02:34:39.091,1.3587,1.35854,1,2.75
11.08.2021 02:34:40.051,1.35869,1.3585500000000001,1,2.75
11.08.2021 02:34:47.182,1.3587200000000001,1.3585600000000002,1,1
11.08.2021 02:34:54.475,1.35874,1.35857,1,1
11.08.2021 02:35:04.172,1.3587600000000002,1.35859,1,1
11.08.2021 02:35:09.031,1.35877,1.3586,1.5,1
11.08.2021 02:35:37.669,1.35873,1.35861,1,1
11.08.2021 02:35:40.979,1.35877,1.3586,1.5,1
11.08.2021 02:36:18.441,1.3587500000000001,1.35859,1,1
11.08.2021 02:36:19.526,1.35873,1.35858,1,1.12
11.08.2021 02:36:21.056,1.3587200000000001,1.35857,1,1.62
11.08.2021 02:36:22.277,1.3587200000000001,1.35857,1,1
11.08.2021 02:36:38.061,1.3587,1.3585500000000001,1,1.12
11.08.2021 02:36:39.158,1.3587,1.35853,1,1
11.08.2021 02:36:39.259,1.35864,1.35853,1,1.5
11.08.2021 02:36:39.360,1.35863,1.3585200000000002,1,1.5
11.08.2021 02:36:39.410,1.3586200000000002,1.35847,1,1.5
11.08.2021 02:36:39.461,1.3586200000000002,1.3585200000000002,1,1.5
11.08.2021 02:36:39.512,1.35861,1.35847,1,1.5
11.08.2021 02:36:39.612,1.3586200000000002,1.3584500000000002,1,1.12
11.08.2021 02:36:40.528,1.3586,1.35844,1,1.62
11.08.2021 02:36:42.367,1.3586200000000002,1.3584500000000002,1,1
11.08.2021 02:36:43.420,1.35863,1.35847,1,1
11.08.2021 02:36:49.148,1.3586200000000002,1.35846,1,1
11.08.2021 02:36:50.493,1.35861,1.35846,1,1
11.08.2021 02:36:52.285,1.3586,1.35847,1,1
11.08.2021 02:36:53.195,1.35863,1.35847,1,1
11.08.2021 02:36:56.244,1.35861,1.35846,1,1.5
11.08.2021 02:36:56.395,1.3586,1.3584500000000002,1,1
11.08.2021 02:36:58.483,1.35859,1.35844,1,1.62
11.08.2021 02:37:01.352,1.3586,1.35843,1,1.5
11.08.2021 02:37:01.878,1.3586200000000002,1.35844,1,1
11.08.2021 02:37:02.385,1.35861,1.3584500000000002,1,1.5
11.08.2021 02:37:02.670,1.35863,1.35846,1,1
11.08.2021 02:37:17.812,1.3586500000000001,1.35848,1,1
11.08.2021 02:37:17.913,1.3586500000000001,1.3585,1,1
11.08.2021 02:37:19.089,1.3586799999999999,1.35851,1,1
11.08.2021 02:37:19.202,1.35869,1.3585200000000002,1.5,1
11.08.2021 02:38:00.631,1.3586600000000002,1.3585200000000002,1,1.12
11.08.2021 02:38:03.913,1.35869,1.3585200000000002,1,1.12
11.08.2021 02:38:17.867,1.35867,1.35851,1,1.12
11.08.2021 02:38:17.968,1.3586500000000001,1.35849,1,2.75
11.08.2021 02:38:18.169,1.35864,1.3585,1,1.12
11.08.2021 02:38:18.270,1.35864,1.35849,1,1
11.08.2021 02:38:18.522,1.3586200000000002,1.3585,1,1
11.08.2021 02:38:20.228,1.35864,1.3585,1,1
11.08.2021 02:38:44.664,1.3586200000000002,1.3585,1,1
11.08.2021 02:38:44.974,1.35864,1.35849,1,1
11.08.2021 02:39:05.763,1.3586500000000001,1.35849,1,1.5
11.08.2021 02:39:06.262,1.35864,1.35849,1,1
11.08.2021 02:39:12.170,1.35859,1.3585,1,1
11.08.2021 02:39:16.185,1.35864,1.35849,1,1
11.08.2021 02:39:32.882,1.3586500000000001,1.35851,1,1
11.08.2021 02:40:00.376,1.3586600000000002,1.3585200000000002,1,1
11.08.2021 02:40:06.724,1.3586600000000002,1.3585,1,1
11.08.2021 02:40:29.271,1.3586,1.35851,1,1
11.08.2021 02:40:32.577,1.3586600000000002,1.3585,1,1
11.08.2021 02:40:40.978,1.35864,1.35848,1,1
11.08.2021 02:41:37.643,1.3586,1.35848,1,1
11.08.2021 02:41:40.944,1.35864,1.35848,1,1
11.08.2021 02:41:41.065,1.3586200000000002,1.35846,1,1.12
11.08.2021 02:41:41.167,1.35859,1.35843,1,1.5
11.08.2021 02:41:41.268,1.3585600000000002,1.3584200000000002,1,1
11.08.2021 02:41:41.520,1.3585500000000001,1.3584,1,1.12
11.08.2021 02:41:41.772,1.3585500000000001,1.35837,1,1.5
11.08.2021 02:41:41.928,1.35854,1.35838,1,1
11.08.2021 02:41:46.112,1.3585200000000002,1.35838,1,1
11.08.2021 02:41:46.214,1.3585200000000002,1.35837,1,1
11.08.2021 02:42:00.037,1.35854,1.35837,1,1
11.08.2021 02:42:00.263,1.3585500000000001,1.3584,1,1
11.08.2021 02:42:00.364,1.35858,1.3584200000000002,1,1
11.08.2021 02:42:00.514,1.35859,1.35843,1,1.12
11.08.2021 02:42:00.617,1.3586,1.35846,1,1.12
11.08.2021 02:42:01.113,1.35859,1.35843,1,1
11.08.2021 02:42:28.891,1.3585600000000002,1.3584200000000002,1,1
11.08.2021 02:42:32.515,1.3585500000000001,1.3584,1,1.12
11.08.2021 02:42:35.397,1.35854,1.3584,1.5,1
11.08.2021 02:43:42.418,1.3585500000000001,1.3584100000000001,1,1
11.08.2021 02:43:44.475,1.35854,1.3584,1,1
11.08.2021 02:43:47.838,1.3585500000000001,1.3584100000000001,1,1
11.08.2021 02:43:48.403,1.35854,1.3584,1,1
11.08.2021 02:43:51.708,1.3585600000000002,1.3584,1,1
11.08.2021 02:44:54.777,1.3585200000000002,1.3584100000000001,1,1
11.08.2021 02:44:55.557,1.3585600000000002,1.3584,1,1
11.08.2021 02:44:58.376,1.35853,1.3584,1,1
11.08.2021 02:45:02.455,1.3585600000000002,1.3584,1,1
11.08.2021 02:45:09.804,1.3585500000000001,1.35838,1,1
11.08.2021 02:45:23.917,1.3585500000000001,1.35837,1,1.12
11.08.2021 02:45:24.018,1.35854,1.3583500000000002,1,1.62
11.08.2021 02:45:24.119,1.3585500000000001,1.3584,1,1
