Gmt time,Ask,Bid,AskVolume,BidVolume
18.08.2021 00:00:00.132,1.3622,1.3620400000000001,1,1
18.08.2021 00:00:00.232,1.3622200000000002,1.3620100000000002,3.2,1
18.08.2021 00:00:01.271,1.3622100000000001,1.3620200000000002,1.5,1
18.08.2021 00:00:01.473,1.36216,1.36199,1.2,1
18.08.2021 00:00:01.574,1.36215,1.36198,1.1,1
18.08.2021 00:00:01.675,1.3621400000000001,1.36198,1.1,1
18.08.2021 00:00:01.776,1.36215,1.36195,1.72,1
18.08.2021 00:00:15.121,1.3621100000000002,1.3619200000000002,1.12,1
18.08.2021 00:00:16.433,1.3621200000000002,1.3619100000000002,1.22,1
18.08.2021 00:00:23.905,1.3621200000000002,1.3619100000000002,1.5,1
18.08.2021 00:00:29.842,1.36213,1.36193,1.5,1
18.08.2021 00:00:32.614,1.3621200000000002,1.3619200000000002,1.5,1
18.08.2021 00:00:34.120,1.3621400000000001,1.36193,1.6,1
18.08.2021 00:00:35.591,1.36215,1.3619200000000002,1.6,1
18.08.2021 00:01:16.338,1.3621100000000002,1.3619200000000002,1,1
18.08.2021 00:01:16.389,1.36208,1.36195,1.12,1
18.08.2021 00:01:16.540,1.36209,1.3619200000000002,1.87,1
18.08.2021 00:01:16.642,1.36208,1.36194,2.62,1
18.08.2021 00:01:16.977,1.36209,1.3619200000000002,2.62,1
18.08.2021 00:01:21.537,1.36209,1.3619100000000002,2.62,1
18.08.2021 00:01:21.643,1.36208,1.36193,2.62,1
18.08.2021 00:01:22.094,1.36208,1.36193,2.75,1
18.08.2021 00:01:26.755,1.3621,1.36196,1,1
18.08.2021 00:01:26.856,1.36217,1.362,1.25,1
18.08.2021 00:01:26.957,1.36219,1.3620200000000002,1,1
18.08.2021 00:01:27.008,1.3622100000000001,1.3620400000000001,1.5,1
18.08.2021 00:01:27.159,1.36223,1.3620700000000001,1,1
18.08.2021 00:01:27.264,1.36227,1.36209,1.7,1
18.08.2021 00:01:27.436,1.36226,1.36209,1.62,1
18.08.2021 00:01:27.587,1.36226,1.36208,1,1
18.08.2021 00:01:27.738,1.36228,1.36209,1.6,1
18.08.2021 00:01:27.788,1.3623,1.36209,1.5,1
18.08.2021 00:01:27.839,1.3623,1.36213,1.5,1
18.08.2021 00:01:27.990,1.36234,1.36217,1.1,1
18.08.2021 00:01:28.191,1.36236,1.36216,1.2,1
18.08.2021 00:01:30.065,1.3623500000000002,1.36217,1.6,1
18.08.2021 00:01:30.565,1.3623500000000002,1.36217,1.5,1
18.08.2021 00:01:30.666,1.36237,1.3622100000000001,2.82,1
18.08.2021 00:01:31.233,1.36239,1.3622200000000002,2.07,1
18.08.2021 00:01:31.284,1.36239,1.3622200000000002,1,1
18.08.2021 00:01:31.385,1.3624200000000002,1.36225,1.5,1
18.08.2021 00:01:31.486,1.3624500000000002,1.3622400000000001,1,1
18.08.2021 00:01:31.587,1.36244,1.36226,1,1
18.08.2021 00:01:31.738,1.36243,1.36226,1,1
18.08.2021 00:01:33.695,1.3624500000000002,1.36225,1,1
18.08.2021 00:01:34.176,1.36244,1.36228,1,1
18.08.2021 00:01:36.125,1.36248,1.36229,1.5,1
18.08.2021 00:01:39.509,1.3625,1.3623200000000002,2.32,1
18.08.2021 00:01:39.631,1.36249,1.36229,1,1
18.08.2021 00:01:39.945,1.36251,1.3623200000000002,1.12,1
18.08.2021 00:01:44.049,1.36249,1.3623,1,1
18.08.2021 00:01:44.150,1.36248,1.3623,2,1
18.08.2021 00:01:46.024,1.36247,1.3623200000000002,1.5,1
18.08.2021 00:01:50.354,1.36248,1.3623200000000002,1.5,1
18.08.2021 00:01:50.455,1.36249,1.3623200000000002,1.5,1
18.08.2021 00:01:53.544,1.36248,1.36233,1.5,1
18.08.2021 00:02:01.048,1.36248,1.36233,1,1
18.08.2021 00:02:10.964,1.3625,1.3623500000000002,1,1
18.08.2021 00:02:11.065,1.36256,1.3624200000000002,1.25,1
18.08.2021 00:02:11.116,1.36259,1.36243,1.12,1
18.08.2021 00:02:11.217,1.36261,1.3624100000000001,1.5,1
18.08.2021 00:02:12.210,1.3626,1.3624200000000002,2.25,1
18.08.2021 00:02:12.361,1.3626,1.3624200000000002,1,1
18.08.2021 00:02:17.170,1.36258,1.36243,1.5,1
18.08.2021 00:02:17.271,1.36258,1.3624200000000002,1.5,1
18.08.2021 00:02:17.322,1.36258,1.3624,1.12,1
18.08.2021 00:02:17.423,1.36256,1.36238,1.12,1
18.08.2021 00:02:17.474,1.36254,1.36238,1.5,1
18.08.2021 00:02:18.739,1.36253,1.36238,1,1
18.08.2021 00:02:20.858,1.36253,1.36237,1,1
18.08.2021 00:02:21.130,1.36254,1.36233,1,1
18.08.2021 00:02:21.231,1.3625,1.3623,1,1
18.08.2021 00:02:21.497,1.36249,1.3623100000000001,1,1
18.08.2021 00:02:22.462,1.36248,1.3623,1.87,1
18.08.2021 00:02:22.677,1.36247,1.3623,1,1
18.08.2021 00:02:22.828,1.36247,1.36229,1.87,1
18.08.2021 00:02:28.013,1.3624100000000001,1.36226,1,1
18.08.2021 00:02:36.167,1.36239,1.3622400000000001,1,1
18.08.2021 00:02:36.368,1.36239,1.36223,1.12,1
18.08.2021 00:02:37.482,1.3624100000000001,1.3622400000000001,1.12,1
18.08.2021 00:02:37.583,1.36238,1.36223,1,1
18.08.2021 00:02:38.086,1.36237,1.3622,1,1
18.08.2021 00:02:38.187,1.36234,1.36219,1,1.12
18.08.2021 00:02:46.320,1.36234,1.36217,1,1
18.08.2021 00:02:47.904,1.3623500000000002,1.3622,1,1
18.08.2021 00:02:48.573,1.36236,1.3622,1,1
18.08.2021 00:02:49.322,1.3623500000000002,1.36219,1,1
18.08.2021 00:02:49.445,1.36233,1.36218,1,1
18.08.2021 00:02:53.731,1.3623500000000002,1.3622,1.5,1
18.08.2021 00:02:54.348,1.36237,1.3622,1,1
18.08.2021 00:02:56.501,1.36237,1.3622100000000001,1,1
18.08.2021 00:02:56.602,1.36237,1.3622200000000002,1,1
18.08.2021 00:02:56.652,1.3624,1.3622200000000002,1,1
18.08.2021 00:02:59.900,1.36239,1.3622200000000002,1,1
18.08.2021 00:03:00.202,1.36238,1.3622100000000001,1,1
18.08.2021 00:03:26.121,1.3623500000000002,1.3622,1,1
18.08.2021 00:03:47.088,1.36238,1.3622,1,1
18.08.2021 00:03:47.189,1.36238,1.3622100000000001,1,1
18.08.2021 00:03:47.344,1.36239,1.3622100000000001,1,1
18.08.2021 00:03:47.445,1.3624100000000001,1.36223,1.62,1
18.08.2021 00:03:47.600,1.3624100000000001,1.36225,1,1
18.08.2021 00:03:47.852,1.36243,1.36225,1,1
18.08.2021 00:03:47.953,1.36244,1.36226,1,1
18.08.2021 00:03:48.360,1.36246,1.36228,1.12,1
18.08.2021 00:03:48.511,1.36247,1.3623,1.5,1
18.08.2021 00:03:48.663,1.36246,1.3623100000000001,1,1
18.08.2021 00:03:48.793,1.36248,1.3623100000000001,1,1
18.08.2021 00:03:54.324,1.36249,1.36234,1,1
18.08.2021 00:03:56.752,1.3625,1.3623500000000002,1,1
18.08.2021 00:03:58.095,1.3625200000000002,1.36237,1.12,1
18.08.2021 00:04:02.042,1.36254,1.36239,1,1
18.08.2021 00:04:02.143,1.3625500000000001,1.3624,1,1
18.08.2021 00:04:04.334,1.36254,1.36239,1,1
18.08.2021 00:04:06.140,1.3625500000000001,1.3624,1,1
18.08.2021 00:04:06.515,1.36253,1.36238,1,1
18.08.2021 00:04:06.616,1.36254,1.36236,1,1
18.08.2021 00:04:06.963,1.3625200000000002,1.36237,1,1
18.08.2021 00:04:07.064,1.3625200000000002,1.36236,1,1
18.08.2021 00:04:13.468,1.36251,1.36233,1,1
18.08.2021 00:04:13.569,1.36249,1.36234,1,1
18.08.2021 00:04:21.388,1.36251,1.36234,1,1
18.08.2021 00:04:21.489,1.36251,1.3623500000000002,1.12,1
18.08.2021 00:04:28.765,1.36253,1.36236,1.12,1
18.08.2021 00:04:44.627,1.3625,1.3623500000000002,1,1
18.08.2021 00:04:44.728,1.3625,1.36234,1,1
18.08.2021 00:05:01.847,1.36251,1.3623500000000002,1.12,1
18.08.2021 00:05:21.668,1.36251,1.36234,1,1
18.08.2021 00:05:22.309,1.3625200000000002,1.36234,1.5,1
18.08.2021 00:05:25.236,1.3625,1.3623200000000002,1,1
18.08.2021 00:05:25.388,1.36246,1.36229,1,1
18.08.2021 00:05:26.713,1.3624500000000002,1.36228,1,1
18.08.2021 00:05:36.357,1.36243,1.36226,1,1
18.08.2021 00:05:37.227,1.3624200000000002,1.36225,1,1
18.08.2021 00:05:37.328,1.36238,1.3622100000000001,1,1.12
18.08.2021 00:05:37.429,1.36236,1.3622200000000002,1,1
18.08.2021 00:05:37.530,1.3624,1.36223,1.87,1
18.08.2021 00:05:37.581,1.36239,1.3622100000000001,1,1
18.08.2021 00:05:37.785,1.3624,1.3622200000000002,1,1
18.08.2021 00:05:37.886,1.36238,1.3622100000000001,1,1
18.08.2021 00:05:38.570,1.36239,1.36223,1,1
18.08.2021 00:05:39.297,1.36238,1.36223,1,1
18.08.2021 00:05:53.694,1.36239,1.36223,1,1
18.08.2021 00:05:55.989,1.3624100000000001,1.3622400000000001,1,1
18.08.2021 00:05:58.786,1.3624,1.3622200000000002,1,1
18.08.2021 00:05:58.988,1.36237,1.3622200000000002,1,1
18.08.2021 00:05:59.101,1.36236,1.3622100000000001,1,1
18.08.2021 00:06:00.269,1.36237,1.3622200000000002,1,1
18.08.2021 00:06:01.094,1.36236,1.3622100000000001,1,1
18.08.2021 00:06:17.315,1.3623500000000002,1.3622,1,1
18.08.2021 00:06:17.416,1.3623500000000002,1.36217,1.5,1
18.08.2021 00:06:17.567,1.36233,1.36216,1.5,1
18.08.2021 00:06:17.668,1.36229,1.3621200000000002,1,1
18.08.2021 00:06:17.769,1.36228,1.3621,1,1
18.08.2021 00:06:20.309,1.36229,1.3621200000000002,1,1
18.08.2021 00:06:54.621,1.36229,1.3621400000000001,1,1
18.08.2021 00:07:00.962,1.36229,1.36213,1,1
18.08.2021 00:07:08.301,1.36229,1.3621400000000001,1,1
18.08.2021 00:07:12.690,1.3623200000000002,1.36215,1,1
18.08.2021 00:07:21.450,1.3623200000000002,1.36217,1.5,1
18.08.2021 00:07:22.402,1.3623500000000002,1.36219,1.87,1
18.08.2021 00:07:22.503,1.36237,1.36219,1.62,1
18.08.2021 00:07:22.755,1.36238,1.3622,1.12,1
18.08.2021 00:07:22.956,1.3624,1.3622100000000001,1,1
18.08.2021 00:07:23.277,1.3624,1.3622200000000002,1,1
18.08.2021 00:07:29.306,1.3624,1.36225,1,1
18.08.2021 00:07:33.560,1.3624200000000002,1.36225,1.12,1
18.08.2021 00:07:36.591,1.36244,1.36226,2.07,1
18.08.2021 00:07:36.693,1.36244,1.36226,2.07,1
18.08.2021 00:07:38.004,1.3624100000000001,1.36226,1,1
18.08.2021 00:07:38.105,1.36243,1.36227,2.07,1
18.08.2021 00:07:40.027,1.3624200000000002,1.36225,1,1
18.08.2021 00:07:59.668,1.3624100000000001,1.3622400000000001,1,1
18.08.2021 00:07:59.777,1.3624,1.36223,1,1
18.08.2021 00:08:02.129,1.3624200000000002,1.3622400000000001,1,1
18.08.2021 00:08:17.645,1.3624,1.36223,1,1
18.08.2021 00:08:19.186,1.36237,1.3622200000000002,1,1
18.08.2021 00:08:19.337,1.36236,1.36218,1.87,1
18.08.2021 00:08:19.488,1.36236,1.36218,1.7,1
18.08.2021 00:08:19.589,1.36234,1.36217,1,1
18.08.2021 00:08:19.745,1.3623200000000002,1.36217,1,1
18.08.2021 00:08:19.947,1.3623,1.36215,1,1
18.08.2021 00:08:20.442,1.36229,1.3621400000000001,1,1
18.08.2021 00:08:26.596,1.36228,1.3621100000000002,1,1
18.08.2021 00:08:40.724,1.36229,1.3621100000000002,1,1
18.08.2021 00:08:42.830,1.36228,1.3621,1,1
18.08.2021 00:08:43.149,1.36226,1.36209,1,1
18.08.2021 00:08:43.300,1.3622400000000001,1.36209,1,1
18.08.2021 00:08:45.032,1.36225,1.3620700000000001,1,1
18.08.2021 00:08:45.183,1.36223,1.36208,1,1
18.08.2021 00:08:45.885,1.36223,1.3620700000000001,1,1
18.08.2021 00:08:46.139,1.3622100000000001,1.36206,1,1
18.08.2021 00:08:56.237,1.3622100000000001,1.36205,1,1
18.08.2021 00:08:59.985,1.36219,1.36203,1,1
18.08.2021 00:09:00.087,1.36217,1.3620200000000002,1,1
18.08.2021 00:09:16.505,1.36216,1.36199,1,1
18.08.2021 00:09:28.485,1.36219,1.3620100000000002,1,1
18.08.2021 00:09:28.696,1.36216,1.3620100000000002,1,1
18.08.2021 00:09:28.802,1.36216,1.36199,1,1
18.08.2021 00:09:28.903,1.3621400000000001,1.3619700000000001,1,1
18.08.2021 00:09:29.004,1.36213,1.36195,1.5,1
18.08.2021 00:09:29.155,1.3621200000000002,1.36195,1.6,1
18.08.2021 00:09:29.634,1.36213,1.36198,1.1,1
18.08.2021 00:09:33.546,1.36215,1.3619700000000001,1.6,1
18.08.2021 00:09:35.543,1.36216,1.36198,3.22,1
18.08.2021 00:09:36.401,1.36217,1.36198,2.82,1
18.08.2021 00:09:36.563,1.36218,1.36199,3.22,1
18.08.2021 00:09:41.544,1.36217,1.362,1.6,1
18.08.2021 00:09:42.189,1.36215,1.36199,1.12,1
18.08.2021 00:09:42.290,1.36215,1.36199,1.7,1
18.08.2021 00:09:42.391,1.36216,1.36198,1.2,1
18.08.2021 00:09:42.492,1.36215,1.36199,1.7,1
18.08.2021 00:09:45.483,1.36215,1.3619700000000001,1.5,1
18.08.2021 00:09:45.534,1.36213,1.36196,1,1
18.08.2021 00:09:45.988,1.3621100000000002,1.36195,1,1
18.08.2021 00:10:02.513,1.3621100000000002,1.36194,1,1
18.08.2021 00:10:03.962,1.36209,1.3619200000000002,1,1
18.08.2021 00:10:04.068,1.3621100000000002,1.36194,1,1
18.08.2021 00:10:07.021,1.36213,1.36195,3,1
18.08.2021 00:10:08.139,1.3621400000000001,1.3619700000000001,1,1
18.08.2021 00:10:11.372,1.36209,1.36198,1,1
18.08.2021 00:10:39.152,1.36209,1.3619700000000001,1,1
18.08.2021 00:10:40.041,1.36213,1.36196,1,1
18.08.2021 00:10:45.194,1.36213,1.36196,1.6,1
18.08.2021 00:10:45.245,1.3621100000000002,1.36194,1,1
18.08.2021 00:10:45.372,1.3621,1.3619200000000002,1,1
18.08.2021 00:10:45.422,1.36208,1.3619100000000002,1,1
18.08.2021 00:10:49.284,1.36209,1.36194,1,1
18.08.2021 00:10:49.385,1.36208,1.36196,1,1
18.08.2021 00:10:49.712,1.36208,1.36194,1,1
18.08.2021 00:10:50.587,1.3621200000000002,1.36194,1.5,1
18.08.2021 00:10:50.754,1.3621100000000002,1.36195,1,1
18.08.2021 00:10:51.057,1.36213,1.3619700000000001,3.82,1
18.08.2021 00:11:01.391,1.36215,1.36198,1.12,1
18.08.2021 00:11:01.607,1.36217,1.36199,3.12,1
18.08.2021 00:11:01.708,1.36219,1.362,3.22,1
18.08.2021 00:11:01.759,1.36219,1.362,1.95,1
18.08.2021 00:11:02.029,1.3622,1.36205,2.07,1
18.08.2021 00:11:02.080,1.3622200000000002,1.36206,2.45,1
18.08.2021 00:11:02.287,1.3622200000000002,1.36208,1,1
18.08.2021 00:11:02.388,1.36225,1.3620700000000001,1.2,1
18.08.2021 00:11:02.860,1.36226,1.36208,1.6,1
18.08.2021 00:11:07.044,1.36225,1.36209,1,1
18.08.2021 00:11:11.211,1.36226,1.3620700000000001,2.07,1
18.08.2021 00:11:21.930,1.3622400000000001,1.3620700000000001,1.62,1
18.08.2021 00:11:22.089,1.3622,1.36203,1,1
18.08.2021 00:11:40.979,1.36218,1.3620200000000002,1,1
18.08.2021 00:11:41.089,1.36217,1.3620200000000002,1,1
18.08.2021 00:11:41.620,1.36217,1.3620100000000002,1,1
18.08.2021 00:11:42.256,1.3621400000000001,1.362,1,1.12
18.08.2021 00:11:46.941,1.36213,1.3619700000000001,1,1
18.08.2021 00:11:49.580,1.3621200000000002,1.36196,1,1
18.08.2021 00:11:49.731,1.3621100000000002,1.36195,1,1
18.08.2021 00:11:50.153,1.36208,1.3619200000000002,1,1
18.08.2021 00:11:50.320,1.36206,1.3619,1,1
18.08.2021 00:11:50.672,1.36205,1.36189,1,1
18.08.2021 00:12:02.972,1.36205,1.3619,1,1
18.08.2021 00:12:06.228,1.36208,1.3619100000000002,1,1
18.08.2021 00:12:08.537,1.36209,1.36195,1,1
18.08.2021 00:12:08.588,1.3621100000000002,1.36196,1.87,1
18.08.2021 00:12:11.774,1.3621100000000002,1.3619700000000001,1,1
18.08.2021 00:12:12.689,1.3621200000000002,1.3619700000000001,1,1
18.08.2021 00:12:16.609,1.36215,1.36198,1.12,1
18.08.2021 00:12:19.283,1.3621400000000001,1.3619700000000001,1,1
18.08.2021 00:12:29.036,1.3621200000000002,1.36195,1,1
18.08.2021 00:12:44.670,1.3621,1.36195,1,1
18.08.2021 00:12:57.880,1.36213,1.36196,1.87,1
18.08.2021 00:12:59.748,1.3621400000000001,1.3619700000000001,1.12,1
18.08.2021 00:13:24.252,1.36215,1.36198,1,1
18.08.2021 00:13:26.273,1.3621400000000001,1.3619700000000001,1,1
18.08.2021 00:13:41.886,1.3621400000000001,1.36198,1.12,1
18.08.2021 00:14:06.052,1.36213,1.3619700000000001,1,1
18.08.2021 00:14:12.292,1.36213,1.36196,1,1
18.08.2021 00:14:13.071,1.3621100000000002,1.36194,1,1
18.08.2021 00:14:13.172,1.3621,1.3619200000000002,1,1
18.08.2021 00:14:23.972,1.3621,1.36194,1.2,1
18.08.2021 00:14:26.847,1.3621200000000002,1.3619700000000001,1,1
18.08.2021 00:14:27.406,1.3621400000000001,1.3619700000000001,1.5,1
18.08.2021 00:14:30.762,1.3621400000000001,1.36199,1.12,1
18.08.2021 00:14:32.596,1.36217,1.36199,1,1
18.08.2021 00:14:32.697,1.3622,1.3620200000000002,5.25,1
18.08.2021 00:14:32.798,1.36223,1.36206,2.07,1
18.08.2021 00:14:32.848,1.3622200000000002,1.3620700000000001,1.95,1
18.08.2021 00:14:57.060,1.3622400000000001,1.3620700000000001,1,1
18.08.2021 00:15:00.938,1.3622400000000001,1.36206,1,1
18.08.2021 00:15:02.718,1.3622200000000002,1.3620700000000001,1,1
18.08.2021 00:15:02.819,1.36223,1.36205,1,1
18.08.2021 00:15:02.972,1.3622100000000001,1.3620400000000001,1,1
18.08.2021 00:15:04.022,1.3622,1.36203,1,1
18.08.2021 00:15:07.443,1.3622100000000001,1.36206,1,1
18.08.2021 00:15:07.544,1.36223,1.36208,2,1
18.08.2021 00:15:07.695,1.3622200000000002,1.36205,1,1
18.08.2021 00:15:12.429,1.36223,1.36208,1.12,1
18.08.2021 00:15:14.351,1.3622200000000002,1.36205,1,1
18.08.2021 00:15:16.419,1.3622100000000001,1.3620400000000001,1,1
18.08.2021 00:15:19.156,1.36219,1.36203,1,1
18.08.2021 00:15:35.480,1.3622,1.36203,1,1.5
18.08.2021 00:15:35.581,1.36223,1.36206,2.37,1
18.08.2021 00:15:35.682,1.36225,1.36209,1.95,1
18.08.2021 00:15:36.750,1.36226,1.36209,1.5,1
18.08.2021 00:15:47.403,1.3622400000000001,1.36208,1,1
18.08.2021 00:15:48.459,1.3622400000000001,1.36208,2.37,1
18.08.2021 00:15:49.445,1.3622400000000001,1.36208,2.25,1
18.08.2021 00:15:55.706,1.3622400000000001,1.36209,1,1
18.08.2021 00:16:00.082,1.3622100000000001,1.36209,1,1
18.08.2021 00:16:00.184,1.36223,1.3620700000000001,1.5,1
18.08.2021 00:16:01.101,1.36223,1.3620700000000001,1,1
18.08.2021 00:16:01.202,1.36225,1.36208,1.12,1
18.08.2021 00:16:07.657,1.36227,1.36209,2.75,1
18.08.2021 00:16:08.131,1.36227,1.36209,2.75,1
18.08.2021 00:16:31.828,1.3622400000000001,1.36209,1,1
18.08.2021 00:16:38.872,1.36227,1.3621,1.5,1
18.08.2021 00:16:38.974,1.36227,1.3621200000000002,1.62,1
18.08.2021 00:16:39.075,1.36228,1.3621200000000002,1,1
18.08.2021 00:16:40.005,1.36228,1.36213,2.75,1
18.08.2021 00:16:43.229,1.36228,1.36215,2,1
18.08.2021 00:16:43.279,1.36229,1.3621200000000002,2.75,1
18.08.2021 00:16:43.604,1.36227,1.3621200000000002,1.5,1
18.08.2021 00:16:44.009,1.36227,1.3621200000000002,1.5,1
18.08.2021 00:16:46.014,1.36227,1.3621200000000002,1.5,1
18.08.2021 00:16:55.041,1.36228,1.3621100000000002,1.5,1
18.08.2021 00:17:12.311,1.36229,1.3621200000000002,2,1
18.08.2021 00:17:12.801,1.36228,1.3621100000000002,1.5,1
18.08.2021 00:17:14.539,1.36228,1.3621100000000002,1.5,1
18.08.2021 00:17:14.640,1.36229,1.3621200000000002,2.75,1
18.08.2021 00:17:15.585,1.36229,1.3621200000000002,2.75,1
18.08.2021 00:17:17.599,1.36228,1.36213,2.75,1
18.08.2021 00:17:19.607,1.36228,1.36213,2.75,1
18.08.2021 00:17:21.048,1.36228,1.3621100000000002,1.5,1
18.08.2021 00:17:29.664,1.36227,1.3621200000000002,1.5,1
18.08.2021 00:17:31.214,1.36227,1.3621200000000002,1,1
18.08.2021 00:17:31.265,1.3623,1.36213,1,1
18.08.2021 00:17:31.640,1.3623200000000002,1.36217,1,1
18.08.2021 00:17:32.101,1.36234,1.36217,1,1
18.08.2021 00:17:32.202,1.36236,1.36219,1.12,1
18.08.2021 00:17:32.601,1.36237,1.3622,1,1
18.08.2021 00:17:32.702,1.36239,1.3622400000000001,1,1
18.08.2021 00:17:32.803,1.3624,1.36225,1.5,1
18.08.2021 00:17:32.957,1.36243,1.36226,1,1
18.08.2021 00:17:35.623,1.3624200000000002,1.36225,1,1
18.08.2021 00:17:47.870,1.36239,1.36223,1,1
18.08.2021 00:18:02.121,1.36237,1.36223,1,1
18.08.2021 00:18:02.323,1.3623500000000002,1.36219,1,1
18.08.2021 00:18:07.447,1.36233,1.36219,1,1
18.08.2021 00:18:23.347,1.3623100000000001,1.36217,1,1
18.08.2021 00:18:23.448,1.36229,1.36215,1,1.5
18.08.2021 00:18:23.549,1.3623,1.3621400000000001,1,1
18.08.2021 00:18:27.067,1.36228,1.3621200000000002,1,1.5
18.08.2021 00:18:27.426,1.36226,1.3621200000000002,1,1
18.08.2021 00:18:27.598,1.3622400000000001,1.3621,1,1
18.08.2021 00:18:27.971,1.36223,1.36209,1,1
18.08.2021 00:18:36.573,1.3622100000000001,1.3620700000000001,1,1
18.08.2021 00:18:44.673,1.3622,1.36205,1,1
18.08.2021 00:18:45.115,1.36219,1.3620400000000001,1,1
18.08.2021 00:18:45.215,1.36217,1.36203,1,1
18.08.2021 00:18:45.366,1.36216,1.36199,1,1
18.08.2021 00:19:16.020,1.3621400000000001,1.36199,1,1
18.08.2021 00:19:16.071,1.3621100000000002,1.36196,1,2.25
18.08.2021 00:19:16.222,1.3621200000000002,1.3619700000000001,1,1
18.08.2021 00:19:17.237,1.3621200000000002,1.36195,1,1
18.08.2021 00:19:23.011,1.3621100000000002,1.36194,1,1.5
18.08.2021 00:19:26.019,1.3621100000000002,1.36196,1,1
18.08.2021 00:19:28.499,1.3621100000000002,1.36194,1,1.5
18.08.2021 00:19:33.209,1.3621,1.36194,1,1
18.08.2021 00:19:33.310,1.36209,1.36194,1,1
18.08.2021 00:19:34.381,1.3621,1.36194,1,1
18.08.2021 00:19:43.919,1.36208,1.36194,1,1
18.08.2021 00:19:43.970,1.36208,1.3619100000000002,1,1
18.08.2021 00:19:44.230,1.3620700000000001,1.3619,1,1
18.08.2021 00:19:48.106,1.3621,1.36193,3.87,1
18.08.2021 00:19:49.766,1.36209,1.36194,1,1
18.08.2021 00:20:01.590,1.3621,1.36195,1.12,1
18.08.2021 00:20:01.705,1.36213,1.36195,3.12,1
18.08.2021 00:20:02.664,1.3621200000000002,1.36196,1.5,1
18.08.2021 00:20:22.023,1.36213,1.36196,3.75,1
18.08.2021 00:20:30.799,1.3621200000000002,1.36196,1,1
18.08.2021 00:20:35.995,1.3621400000000001,1.36196,2.25,1
18.08.2021 00:20:38.364,1.36213,1.36199,1.5,1
18.08.2021 00:20:52.949,1.36215,1.36198,3,1
18.08.2021 00:20:56.531,1.36213,1.36199,1,1
18.08.2021 00:21:01.308,1.36215,1.36198,1.12,1
18.08.2021 00:21:11.838,1.3621200000000002,1.3619700000000001,1,1
18.08.2021 00:21:20.902,1.36215,1.36196,1.12,1
18.08.2021 00:21:40.054,1.36215,1.36198,1.12,1
18.08.2021 00:21:40.105,1.36215,1.362,1.12,1
18.08.2021 00:21:40.306,1.36218,1.362,1,1
18.08.2021 00:21:40.609,1.36218,1.3620200000000002,1.12,1
18.08.2021 00:21:42.270,1.3622100000000001,1.3620200000000002,1.62,1
18.08.2021 00:21:46.545,1.3622,1.36203,1,1
18.08.2021 00:22:00.475,1.3622,1.36205,1,1
18.08.2021 00:22:16.919,1.3622,1.36203,1,1
18.08.2021 00:22:17.020,1.36218,1.3620400000000001,1,1
18.08.2021 00:22:19.418,1.36216,1.362,1,1.5
18.08.2021 00:22:19.519,1.36215,1.36199,1,1.1
18.08.2021 00:22:33.994,1.36216,1.36198,1,1.1
18.08.2021 00:22:34.170,1.36218,1.362,1,1.1
18.08.2021 00:22:48.041,1.36219,1.36203,1,1
18.08.2021 00:23:09.740,1.3622200000000002,1.36205,1.5,1
18.08.2021 00:23:20.467,1.3622400000000001,1.3620700000000001,1,1
18.08.2021 00:23:20.961,1.36223,1.36208,1,1
18.08.2021 00:23:21.299,1.3622400000000001,1.36208,1.5,1
18.08.2021 00:23:21.400,1.36225,1.3621100000000002,1,1
18.08.2021 00:23:21.518,1.36227,1.3621200000000002,1.5,1
18.08.2021 00:23:21.619,1.36229,1.3621200000000002,1.62,1
18.08.2021 00:23:21.720,1.36229,1.36213,1,1
18.08.2021 00:23:21.821,1.3623200000000002,1.36213,1.62,1
18.08.2021 00:23:21.942,1.3623200000000002,1.36213,1,1
18.08.2021 00:23:22.043,1.3623100000000001,1.36216,1,1
18.08.2021 00:23:22.567,1.3623200000000002,1.36215,1,1
18.08.2021 00:23:27.150,1.3623200000000002,1.36217,1,1
18.08.2021 00:23:29.478,1.36234,1.36216,2.75,1
18.08.2021 00:23:33.194,1.36234,1.36216,1.87,1
18.08.2021 00:23:33.295,1.36234,1.36216,2,1
18.08.2021 00:23:40.124,1.3623100000000001,1.36216,1.12,1
18.08.2021 00:24:05.603,1.36229,1.36215,1,1
18.08.2021 00:24:22.305,1.36229,1.36213,1,1
18.08.2021 00:24:28.735,1.36229,1.36213,2,1
18.08.2021 00:24:28.835,1.36225,1.36209,1.12,1.12
18.08.2021 00:24:30.048,1.36223,1.3620700000000001,1,1
18.08.2021 00:24:32.398,1.3622200000000002,1.36206,1,1
18.08.2021 00:24:55.272,1.3622400000000001,1.3620700000000001,1,1
18.08.2021 00:24:56.034,1.3622400000000001,1.36209,1.12,1
18.08.2021 00:25:01.063,1.36227,1.36209,1,1
18.08.2021 00:25:01.986,1.36228,1.36209,1.62,1
18.08.2021 00:25:02.816,1.36228,1.3621100000000002,1.62,1
18.08.2021 00:25:02.917,1.3623,1.36213,1.62,1
18.08.2021 00:25:03.068,1.36229,1.3621400000000001,1,1
18.08.2021 00:25:03.831,1.36228,1.36216,1,1
18.08.2021 00:25:07.298,1.36228,1.36217,1,1
18.08.2021 00:25:12.220,1.36229,1.36215,1,1
18.08.2021 00:25:18.286,1.36229,1.36216,1,1
18.08.2021 00:25:18.839,1.36228,1.36218,1,1
18.08.2021 00:25:24.433,1.36228,1.36217,1,1
18.08.2021 00:25:25.398,1.36229,1.36218,1,1
18.08.2021 00:25:25.448,1.36236,1.3622,1,1
18.08.2021 00:25:25.549,1.3623500000000002,1.36225,1,1
18.08.2021 00:25:25.599,1.3623500000000002,1.36223,1,1
18.08.2021 00:25:25.701,1.36239,1.3622200000000002,1,1
18.08.2021 00:25:25.801,1.36239,1.36223,1,1
18.08.2021 00:25:26.058,1.36239,1.3622400000000001,1,1
18.08.2021 00:25:27.121,1.3624,1.3622400000000001,1,1
18.08.2021 00:25:27.222,1.36239,1.3622400000000001,1,1
18.08.2021 00:25:30.303,1.36239,1.3622400000000001,1,1
18.08.2021 00:25:31.415,1.36238,1.36223,1,1
18.08.2021 00:25:31.516,1.36239,1.3622100000000001,1.62,1
18.08.2021 00:25:31.718,1.36238,1.3622100000000001,1,1
18.08.2021 00:25:31.920,1.36236,1.3622200000000002,1,1
18.08.2021 00:25:32.021,1.36234,1.36218,1.75,1
18.08.2021 00:25:32.193,1.36234,1.36217,1.25,1
18.08.2021 00:25:32.471,1.36234,1.36217,1.25,1
18.08.2021 00:25:35.954,1.36234,1.36215,2,1
18.08.2021 00:25:36.458,1.3623100000000001,1.36216,1,1
18.08.2021 00:25:37.432,1.3623,1.36217,1,1
18.08.2021 00:25:37.533,1.3623200000000002,1.36218,1,1
18.08.2021 00:25:37.634,1.36233,1.36217,1,1
18.08.2021 00:25:39.340,1.36234,1.36218,1,1
18.08.2021 00:25:40.405,1.36234,1.36217,1,1
18.08.2021 00:25:46.194,1.36234,1.36218,1,1
18.08.2021 00:25:58.686,1.3623500000000002,1.36218,1.5,1
18.08.2021 00:26:13.671,1.36234,1.36218,1.81,1
18.08.2021 00:26:13.923,1.36234,1.36218,3.75,1
18.08.2021 00:26:31.170,1.36233,1.36218,2,1
18.08.2021 00:26:43.016,1.3623100000000001,1.36218,1.5,1
18.08.2021 00:26:43.067,1.3623100000000001,1.36216,1.62,1
18.08.2021 00:26:43.168,1.3623200000000002,1.36215,1.87,1
18.08.2021 00:26:43.272,1.3623100000000001,1.36216,1.62,1
18.08.2021 00:26:43.744,1.3623100000000001,1.36215,1.5,1
18.08.2021 00:26:46.784,1.3623200000000002,1.36215,1.62,1
18.08.2021 00:26:47.773,1.3623100000000001,1.36216,1.62,1
18.08.2021 00:26:55.292,1.3623,1.36215,1.5,1
18.08.2021 00:26:55.503,1.36229,1.3621400000000001,1,1
18.08.2021 00:26:55.604,1.36228,1.36213,1.87,1
18.08.2021 00:26:55.655,1.36227,1.3621200000000002,1,1
18.08.2021 00:26:55.705,1.36227,1.3621,1,1
18.08.2021 00:26:55.806,1.36226,1.3621,1,1
18.08.2021 00:26:56.019,1.36225,1.3621,1,1
18.08.2021 00:26:56.743,1.36225,1.3621,1,1
18.08.2021 00:26:56.995,1.36226,1.36208,1.81,1
18.08.2021 00:26:57.494,1.36226,1.36208,1.81,1
18.08.2021 00:27:00.950,1.36223,1.3620700000000001,1.5,1
18.08.2021 00:27:01.051,1.36223,1.3620700000000001,1.5,1
18.08.2021 00:27:03.190,1.36223,1.36205,1.5,1
18.08.2021 00:27:07.553,1.3622200000000002,1.36206,1.5,1
18.08.2021 00:27:07.603,1.36223,1.36205,1.62,1
18.08.2021 00:27:25.140,1.3622200000000002,1.36205,1,1
18.08.2021 00:27:26.420,1.36223,1.36205,2.75,1
18.08.2021 00:27:37.233,1.3622100000000001,1.36203,1,1
18.08.2021 00:27:48.916,1.3622100000000001,1.36203,2,1
18.08.2021 00:27:50.467,1.3622,1.36203,2,1
18.08.2021 00:27:50.568,1.36219,1.362,1.5,1
18.08.2021 00:27:50.669,1.36215,1.36199,1.75,1
18.08.2021 00:27:50.770,1.36215,1.3619700000000001,1.81,1
18.08.2021 00:27:51.119,1.36213,1.36195,1.12,1
18.08.2021 00:27:52.213,1.3621200000000002,1.36195,1.87,1
18.08.2021 00:27:52.364,1.3621100000000002,1.36194,1.5,1
18.08.2021 00:28:09.662,1.3621200000000002,1.36194,1.5,1
18.08.2021 00:28:19.720,1.36213,1.36195,1,1
18.08.2021 00:28:22.795,1.36213,1.36195,1.62,1
18.08.2021 00:28:22.896,1.3621200000000002,1.36196,1.12,1
18.08.2021 00:28:23.402,1.36213,1.36195,1.62,1
18.08.2021 00:28:23.603,1.36213,1.36195,1.12,1
18.08.2021 00:28:25.391,1.3621200000000002,1.36198,1.12,1
18.08.2021 00:28:25.492,1.3621400000000001,1.36198,2.37,1
18.08.2021 00:28:28.644,1.36215,1.36199,1.5,1
18.08.2021 00:28:28.694,1.36218,1.3620100000000002,1,1
18.08.2021 00:28:28.846,1.36218,1.3620100000000002,1,1
18.08.2021 00:28:32.548,1.36219,1.362,1.5,1
18.08.2021 00:28:32.845,1.3622,1.3620200000000002,2,1
18.08.2021 00:28:32.996,1.3622,1.3620400000000001,1.5,1
18.08.2021 00:28:33.097,1.3622,1.36205,1.5,1
18.08.2021 00:28:33.504,1.3622400000000001,1.36206,2.75,1
18.08.2021 00:28:35.413,1.3622400000000001,1.3620700000000001,2,1
18.08.2021 00:28:35.464,1.3622400000000001,1.3620700000000001,2,1
18.08.2021 00:28:35.911,1.36225,1.3620700000000001,3.5,1
18.08.2021 00:28:46.892,1.36225,1.36206,2.75,1
18.08.2021 00:28:48.045,1.3622400000000001,1.3620700000000001,3.5,1
18.08.2021 00:28:52.909,1.36223,1.36206,1.5,1
18.08.2021 00:28:59.685,1.3622100000000001,1.36206,1,1
18.08.2021 00:28:59.870,1.3622200000000002,1.3620400000000001,1.5,1
18.08.2021 00:28:59.971,1.3622100000000001,1.36205,1.75,1
18.08.2021 00:29:00.595,1.3622100000000001,1.36205,2.25,1
18.08.2021 00:29:01.972,1.3622100000000001,1.3620400000000001,1.5,1
18.08.2021 00:29:03.558,1.3622200000000002,1.3620400000000001,1,1
18.08.2021 00:29:05.490,1.3622400000000001,1.3620700000000001,5.37,1
18.08.2021 00:29:11.545,1.3622400000000001,1.3620700000000001,4.25,1
18.08.2021 00:29:13.737,1.36225,1.3620700000000001,3.5,1
18.08.2021 00:29:57.333,1.36223,1.3620400000000001,1.12,1
18.08.2021 00:29:57.703,1.3622200000000002,1.3620400000000001,1,1
18.08.2021 00:29:57.753,1.3622200000000002,1.3620400000000001,2,1
18.08.2021 00:30:06.262,1.36223,1.3620400000000001,2,1
18.08.2021 00:30:29.545,1.3622200000000002,1.36205,1.5,1
18.08.2021 00:30:42.634,1.3622100000000001,1.36205,1.62,1
18.08.2021 00:30:42.785,1.3622100000000001,1.36205,2.62,1
18.08.2021 00:30:42.837,1.36219,1.3620200000000002,1.75,1
18.08.2021 00:30:43.218,1.36219,1.3620200000000002,1.5,1
18.08.2021 00:30:43.428,1.3622100000000001,1.36203,1,1
18.08.2021 00:30:47.755,1.3622100000000001,1.36205,1.5,1
18.08.2021 00:30:51.138,1.36219,1.36205,1,1
18.08.2021 00:30:51.239,1.36219,1.3620400000000001,1,1
18.08.2021 00:30:51.340,1.36219,1.36203,1.62,1
18.08.2021 00:30:51.391,1.36217,1.362,1,1
18.08.2021 00:30:51.492,1.36217,1.36199,1.75,1
18.08.2021 00:30:51.593,1.36215,1.362,1,1
18.08.2021 00:30:51.694,1.36215,1.36199,1.25,1
18.08.2021 00:30:51.795,1.36213,1.36199,1.25,1
18.08.2021 00:30:52.262,1.36213,1.36196,1.81,1
18.08.2021 00:30:52.999,1.3621100000000002,1.36194,1.12,1
18.08.2021 00:30:53.114,1.3621100000000002,1.36193,1,1
18.08.2021 00:31:02.645,1.3621200000000002,1.36193,2.75,1
18.08.2021 00:31:02.848,1.3621100000000002,1.36194,3.37,1
18.08.2021 00:31:05.745,1.3621200000000002,1.36193,1.7,1
18.08.2021 00:31:05.849,1.3621100000000002,1.36194,2.06,1
18.08.2021 00:31:05.950,1.3621200000000002,1.36193,1.81,1
18.08.2021 00:31:06.424,1.3621200000000002,1.36193,2.06,1
18.08.2021 00:31:06.525,1.3621200000000002,1.36193,1.7,1
18.08.2021 00:31:06.676,1.3621200000000002,1.36193,2.06,1
18.08.2021 00:31:06.777,1.3621200000000002,1.36193,1.81,1
18.08.2021 00:31:06.878,1.3621100000000002,1.36194,1.95,1
18.08.2021 00:31:06.992,1.3621200000000002,1.36193,1.81,1
18.08.2021 00:31:07.143,1.3621100000000002,1.36194,1.95,1
18.08.2021 00:31:07.261,1.3621200000000002,1.36193,1.81,1
18.08.2021 00:31:07.415,1.3621200000000002,1.36193,1.72,1
18.08.2021 00:31:08.545,1.3621100000000002,1.36194,1.5,1
18.08.2021 00:31:14.591,1.3621100000000002,1.36195,1.12,1
18.08.2021 00:31:14.908,1.3621,1.36194,1.12,1
18.08.2021 00:31:14.959,1.3621100000000002,1.36196,1,1
18.08.2021 00:31:15.110,1.36215,1.3619700000000001,2.37,1
18.08.2021 00:31:15.459,1.36215,1.36198,2.37,1
18.08.2021 00:31:16.045,1.36215,1.36198,2.37,1
18.08.2021 00:31:24.045,1.3621400000000001,1.36199,1.5,1
18.08.2021 00:31:25.207,1.3621400000000001,1.36198,1.5,1
18.08.2021 00:31:25.349,1.36213,1.3619700000000001,1,1
18.08.2021 00:31:37.647,1.3621200000000002,1.3619700000000001,1,1
18.08.2021 00:31:44.000,1.3621200000000002,1.36196,1.5,1
18.08.2021 00:31:54.704,1.3621200000000002,1.36196,1.5,1
18.08.2021 00:31:54.805,1.3621,1.36195,1.12,1
18.08.2021 00:31:55.129,1.3621100000000002,1.36193,1.87,1
18.08.2021 00:31:55.233,1.3621100000000002,1.36193,1.62,1
18.08.2021 00:31:55.486,1.36208,1.36193,1,1
18.08.2021 00:31:56.630,1.36209,1.36193,1.75,1
18.08.2021 00:31:56.680,1.36208,1.3619200000000002,1.25,1
18.08.2021 00:31:56.731,1.3620700000000001,1.3619100000000002,1.87,1
18.08.2021 00:31:58.507,1.36206,1.3619100000000002,1.5,1
18.08.2021 00:32:00.727,1.36206,1.3619,1,1
18.08.2021 00:32:02.895,1.36205,1.3619,1.5,1
18.08.2021 00:32:07.683,1.3620700000000001,1.3619100000000002,2,1
18.08.2021 00:32:48.565,1.36205,1.36189,1.5,1
18.08.2021 00:32:51.178,1.36205,1.36188,1,1
18.08.2021 00:32:54.566,1.36206,1.36188,1.12,1
18.08.2021 00:32:54.768,1.36208,1.3619,4.25,1
18.08.2021 00:32:54.920,1.3620700000000001,1.36195,1.5,1
18.08.2021 00:32:54.971,1.3620700000000001,1.36195,1,1
18.08.2021 00:32:55.072,1.36208,1.3619700000000001,1,1
18.08.2021 00:32:55.173,1.36208,1.36198,1,1
18.08.2021 00:32:55.224,1.36209,1.36199,1,1
18.08.2021 00:32:55.918,1.36216,1.3620100000000002,1.5,1
18.08.2021 00:32:55.968,1.36218,1.3620400000000001,2,1
18.08.2021 00:32:56.120,1.36219,1.36206,1,1
18.08.2021 00:32:56.271,1.3622200000000002,1.3620700000000001,2.37,1
18.08.2021 00:32:56.372,1.3622200000000002,1.36209,2.37,1
18.08.2021 00:32:56.473,1.36226,1.3621,2.75,1
18.08.2021 00:32:57.545,1.36226,1.3621,1.5,1
18.08.2021 00:32:59.570,1.36225,1.3621,1.5,1
18.08.2021 00:33:03.094,1.36225,1.36208,1.5,1
18.08.2021 00:33:11.387,1.36223,1.36206,1.5,1
18.08.2021 00:33:21.283,1.36223,1.36208,2,1
18.08.2021 00:33:24.667,1.3622200000000002,1.36205,1.5,1
18.08.2021 00:33:28.546,1.3622200000000002,1.36205,1.5,1
18.08.2021 00:33:35.840,1.3622400000000001,1.3620700000000001,1.5,1
18.08.2021 00:33:36.546,1.36226,1.36206,3.5,1
18.08.2021 00:33:37.205,1.36225,1.36208,1.5,1
18.08.2021 00:33:40.089,1.36226,1.36209,1.5,1
18.08.2021 00:33:52.196,1.36227,1.36208,1.5,1
18.08.2021 00:34:00.045,1.36227,1.36209,5.37,1
18.08.2021 00:34:00.897,1.36227,1.3621,4.62,1
18.08.2021 00:34:00.997,1.36227,1.3621200000000002,1.5,1
18.08.2021 00:34:01.148,1.36227,1.3621200000000002,1.5,1
18.08.2021 00:34:14.068,1.36228,1.3621100000000002,1.5,1
18.08.2021 00:34:14.119,1.36229,1.3621,1.5,1
18.08.2021 00:34:15.006,1.36228,1.36208,1.5,1
18.08.2021 00:34:15.545,1.36228,1.36208,2,1
18.08.2021 00:34:23.918,1.36227,1.3621,1.5,1
18.08.2021 00:34:26.011,1.36227,1.36209,2,1
18.08.2021 00:34:31.045,1.36227,1.36209,2.75,1
18.08.2021 00:34:47.493,1.36228,1.36208,1.5,1
18.08.2021 00:34:47.811,1.36227,1.3621,1.5,1
18.08.2021 00:34:51.928,1.36227,1.3620700000000001,1.5,1
18.08.2021 00:34:54.546,1.36226,1.3620700000000001,2,1
18.08.2021 00:35:10.260,1.36225,1.3620700000000001,2,1
18.08.2021 00:35:10.956,1.36225,1.3620400000000001,1.5,1
18.08.2021 00:35:18.046,1.36223,1.36205,2,1
18.08.2021 00:35:44.119,1.3622400000000001,1.36203,2,1
18.08.2021 00:35:47.093,1.3622200000000002,1.36203,1.5,1
18.08.2021 00:35:47.193,1.3622,1.36199,1.5,1
18.08.2021 00:35:47.294,1.36219,1.36199,1.5,1.12
18.08.2021 00:35:47.395,1.3622100000000001,1.3620200000000002,1.5,1
18.08.2021 00:35:49.150,1.3622100000000001,1.362,2,1
18.08.2021 00:35:49.493,1.3622,1.3620100000000002,1.87,1
18.08.2021 00:35:49.772,1.3622100000000001,1.3620100000000002,1.12,1
18.08.2021 00:35:51.374,1.3622100000000001,1.3620100000000002,1.5,1
18.08.2021 00:36:16.712,1.3622100000000001,1.3620200000000002,2,1
18.08.2021 00:36:18.859,1.36223,1.36203,1.5,1
18.08.2021 00:36:18.960,1.3622400000000001,1.36205,2.75,1
18.08.2021 00:36:19.722,1.36223,1.3620700000000001,1.5,1
18.08.2021 00:36:19.923,1.36225,1.3620700000000001,2,1
18.08.2021 00:36:20.075,1.36227,1.3620700000000001,1.62,1
18.08.2021 00:36:20.126,1.36227,1.3621,2.37,1
18.08.2021 00:36:20.227,1.36228,1.36208,1.5,1
18.08.2021 00:36:20.598,1.36227,1.3621100000000002,1,1
18.08.2021 00:36:23.318,1.36229,1.3621100000000002,1.5,1
18.08.2021 00:36:23.369,1.3623100000000001,1.3621400000000001,1.5,1
18.08.2021 00:36:23.520,1.36233,1.3621400000000001,2.25,1
18.08.2021 00:36:23.571,1.36233,1.36216,2.25,1
18.08.2021 00:36:27.635,1.3623500000000002,1.36219,1.62,1
18.08.2021 00:36:28.316,1.3623500000000002,1.3622100000000001,1.5,1
18.08.2021 00:36:31.085,1.36236,1.36218,2,1
18.08.2021 00:36:31.186,1.36234,1.36218,3.37,1
18.08.2021 00:36:31.237,1.3623500000000002,1.36217,3.5,1
18.08.2021 00:36:31.484,1.36233,1.36216,1.5,1
18.08.2021 00:36:32.186,1.3623500000000002,1.36216,4.62,1
18.08.2021 00:36:32.608,1.36234,1.3621400000000001,1.5,1
18.08.2021 00:36:32.659,1.36233,1.36217,1.5,1
18.08.2021 00:36:34.352,1.36233,1.36218,1,1
18.08.2021 00:36:36.058,1.36234,1.36218,2.37,1
18.08.2021 00:36:44.927,1.3623500000000002,1.36219,1.12,1
18.08.2021 00:36:46.148,1.36238,1.36219,2.75,1
18.08.2021 00:36:47.609,1.36236,1.36218,1.5,1
18.08.2021 00:36:47.760,1.3623200000000002,1.36215,1,1
18.08.2021 00:36:47.961,1.3623100000000001,1.3621400000000001,1,1
18.08.2021 00:36:48.300,1.3623200000000002,1.36215,1,1
18.08.2021 00:36:48.731,1.36233,1.3621400000000001,1.5,1
18.08.2021 00:36:49.799,1.3623200000000002,1.3621400000000001,1.62,1
18.08.2021 00:37:12.839,1.36229,1.36215,1,1
18.08.2021 00:37:12.890,1.3623,1.36213,1.5,1
18.08.2021 00:37:12.940,1.36228,1.3621100000000002,1.5,1
18.08.2021 00:37:13.439,1.36228,1.36209,3.5,1
18.08.2021 00:37:15.088,1.36228,1.36209,3.5,1
18.08.2021 00:37:17.434,1.36229,1.3621,1.5,1
18.08.2021 00:37:17.535,1.36229,1.3621100000000002,1.5,1
18.08.2021 00:37:17.686,1.3623,1.3621200000000002,2.75,1
18.08.2021 00:37:17.989,1.3623100000000001,1.36213,1.5,1
18.08.2021 00:37:18.040,1.3623,1.36217,1.5,1
18.08.2021 00:37:19.026,1.36233,1.36217,2,1
18.08.2021 00:37:22.546,1.36233,1.36218,3.12,1
18.08.2021 00:37:27.218,1.36234,1.36218,1,1
18.08.2021 00:37:28.527,1.36236,1.36218,1.12,1
18.08.2021 00:37:28.578,1.36237,1.3622,1.5,1
18.08.2021 00:37:29.030,1.36236,1.3622,1.5,1
18.08.2021 00:37:29.732,1.36236,1.3622100000000001,1.5,1
18.08.2021 00:37:29.840,1.36236,1.3622,1.5,1
18.08.2021 00:37:37.504,1.36236,1.3622,1,1
18.08.2021 00:37:38.517,1.36239,1.3622,1.5,1
18.08.2021 00:37:40.011,1.36236,1.36219,1,1
18.08.2021 00:37:40.464,1.3623500000000002,1.36219,1,1
18.08.2021 00:37:40.666,1.3623500000000002,1.36218,1.5,1
18.08.2021 00:37:46.045,1.3623500000000002,1.36218,2.37,1
18.08.2021 00:37:48.560,1.36234,1.36215,2.25,1
18.08.2021 00:37:50.781,1.36233,1.36216,2.37,1
18.08.2021 00:37:57.568,1.3623100000000001,1.3621400000000001,1.12,1
18.08.2021 00:38:01.545,1.3623100000000001,1.3621400000000001,1.5,1
18.08.2021 00:38:06.146,1.3623100000000001,1.3621200000000002,1.12,1
18.08.2021 00:38:17.545,1.3623100000000001,1.3621200000000002,2.37,1
18.08.2021 00:38:20.505,1.3623200000000002,1.3621400000000001,3.12,1
18.08.2021 00:38:20.711,1.3623200000000002,1.36215,1,1
18.08.2021 00:38:20.812,1.3623100000000001,1.36216,1,1
18.08.2021 00:38:21.174,1.3623100000000001,1.36217,2.25,1
18.08.2021 00:38:25.045,1.36233,1.36217,1.12,1
18.08.2021 00:38:26.370,1.36237,1.36219,2,1
18.08.2021 00:38:26.471,1.36237,1.3622200000000002,2,1
18.08.2021 00:38:30.746,1.36237,1.3622,2,1
18.08.2021 00:38:30.847,1.36238,1.3622100000000001,1.5,1
18.08.2021 00:38:33.046,1.36239,1.3622100000000001,1.12,1
18.08.2021 00:38:36.066,1.36237,1.36219,1,1
18.08.2021 00:38:36.819,1.36238,1.3622200000000002,1.12,1
18.08.2021 00:38:48.579,1.3624,1.3622100000000001,2.75,1
18.08.2021 00:38:52.153,1.36237,1.3622100000000001,1.5,1
18.08.2021 00:38:54.862,1.36237,1.3622,1.5,1
18.08.2021 00:38:56.545,1.36237,1.3622,1.5,1
18.08.2021 00:39:12.731,1.3623500000000002,1.36218,1.87,1
18.08.2021 00:39:12.831,1.36234,1.36218,1,1
18.08.2021 00:39:12.932,1.36233,1.36216,1.12,1
18.08.2021 00:39:13.232,1.3623200000000002,1.36215,1.87,1
18.08.2021 00:39:13.983,1.3623200000000002,1.36217,1.12,1
18.08.2021 00:39:58.545,1.36233,1.36217,2.37,1
18.08.2021 00:40:00.469,1.3623,1.36216,1,1
18.08.2021 00:40:02.385,1.3623,1.36215,1,1
18.08.2021 00:40:05.921,1.3623,1.36213,1.5,1
18.08.2021 00:40:06.546,1.3623,1.36213,2,1
18.08.2021 00:40:21.967,1.3623,1.36215,2,1
18.08.2021 00:40:22.068,1.3623100000000001,1.3621400000000001,1.12,1
18.08.2021 00:40:26.599,1.3623,1.3621400000000001,1.12,1
18.08.2021 00:40:32.607,1.3623100000000001,1.3621400000000001,1.12,1
18.08.2021 00:40:32.710,1.3623,1.3621400000000001,1.12,1
18.08.2021 00:40:36.087,1.3623100000000001,1.3621400000000001,1.12,1
18.08.2021 00:40:59.461,1.3623,1.36213,1,1
18.08.2021 00:41:06.167,1.3623100000000001,1.36215,1.62,1
18.08.2021 00:41:09.045,1.3623100000000001,1.36215,1.12,1
18.08.2021 00:41:22.795,1.3623100000000001,1.3621400000000001,1,1
18.08.2021 00:41:32.545,1.3623200000000002,1.3621400000000001,1.12,1
18.08.2021 00:41:35.099,1.36234,1.36215,3.87,1
18.08.2021 00:41:40.046,1.36233,1.36216,3.5,1
18.08.2021 00:41:41.099,1.36234,1.36216,1.62,1
18.08.2021 00:41:41.731,1.3623500000000002,1.36217,1.87,1
18.08.2021 00:41:41.832,1.36238,1.3622,3.12,1
18.08.2021 00:41:42.134,1.3624,1.3622100000000001,2.75,1
18.08.2021 00:41:42.559,1.3624100000000001,1.3622200000000002,1,1
18.08.2021 00:41:44.312,1.3624100000000001,1.36223,1.5,1
18.08.2021 00:41:59.262,1.3624100000000001,1.3622400000000001,1.5,1
18.08.2021 00:41:59.363,1.3624200000000002,1.36225,1.5,1
18.08.2021 00:41:59.464,1.36244,1.36226,1.5,1
18.08.2021 00:41:59.514,1.36244,1.36228,1.62,1
18.08.2021 00:42:01.038,1.3624500000000002,1.36228,1.5,1
18.08.2021 00:42:02.721,1.36244,1.36228,2,1
18.08.2021 00:42:03.079,1.36243,1.36227,1,1
18.08.2021 00:42:03.130,1.3624200000000002,1.36226,1.5,1
18.08.2021 00:42:03.180,1.3624,1.36225,1,1
18.08.2021 00:42:03.382,1.36239,1.36223,1.5,1
18.08.2021 00:42:03.432,1.36239,1.36223,2,1
18.08.2021 00:42:06.726,1.36238,1.3622100000000001,1.12,1
18.08.2021 00:42:08.339,1.36238,1.3622100000000001,2,1
18.08.2021 00:42:08.523,1.36237,1.36219,1,1
18.08.2021 00:42:11.726,1.36236,1.3622,1.5,1
18.08.2021 00:42:13.841,1.36236,1.36218,1.25,1
18.08.2021 00:42:13.992,1.36233,1.36218,1.1,1
18.08.2021 00:42:14.358,1.36234,1.36216,1.1,1
18.08.2021 00:42:19.045,1.36234,1.36217,1.62,1
18.08.2021 00:42:25.533,1.36233,1.36215,1,1
18.08.2021 00:42:34.127,1.3623200000000002,1.3621400000000001,1,1
18.08.2021 00:42:48.327,1.3623100000000001,1.36213,1,1
18.08.2021 00:43:04.606,1.3623,1.3621200000000002,1,1
18.08.2021 00:43:07.781,1.3623,1.3621400000000001,2.62,1
18.08.2021 00:43:20.632,1.36229,1.36213,1,1
18.08.2021 00:43:20.978,1.36229,1.3621200000000002,1,1
18.08.2021 00:43:21.079,1.36227,1.3621,1,1
18.08.2021 00:43:22.862,1.36225,1.36209,1,1
18.08.2021 00:43:23.381,1.36225,1.36206,1,1
18.08.2021 00:43:23.482,1.36225,1.36206,1.5,1
18.08.2021 00:43:32.384,1.3622200000000002,1.36206,1,1
18.08.2021 00:43:42.142,1.36223,1.36205,1.87,1
18.08.2021 00:43:43.506,1.36223,1.3620400000000001,1,1
18.08.2021 00:44:45.099,1.36225,1.36205,1.5,1
18.08.2021 00:44:57.844,1.3622100000000001,1.3620400000000001,1,1
18.08.2021 00:45:00.090,1.3622100000000001,1.36203,1,1
18.08.2021 00:45:07.544,1.3622,1.3620200000000002,1,1
18.08.2021 00:45:43.064,1.36217,1.362,1,1
18.08.2021 00:45:43.165,1.3621400000000001,1.3619700000000001,1,1.5
18.08.2021 00:45:43.367,1.3621200000000002,1.36196,1,1
18.08.2021 00:45:43.733,1.3621,1.3620100000000002,1,1
18.08.2021 00:45:43.935,1.36213,1.362,1,1
18.08.2021 00:45:44.035,1.36215,1.3620200000000002,1.5,1
18.08.2021 00:45:45.097,1.36216,1.36198,1.12,1
18.08.2021 00:45:45.198,1.36216,1.362,1.5,1
18.08.2021 00:45:45.299,1.36218,1.362,1,1
18.08.2021 00:45:45.610,1.36219,1.36203,1,1
18.08.2021 00:45:45.711,1.36219,1.36205,1,1
18.08.2021 00:45:46.578,1.3622100000000001,1.3620400000000001,1.12,1
18.08.2021 00:45:47.574,1.3622,1.3620400000000001,1.12,1
18.08.2021 00:45:56.608,1.3622200000000002,1.3620400000000001,1.12,1
18.08.2021 00:45:57.962,1.3622,1.3620400000000001,1,1
18.08.2021 00:45:58.897,1.3622100000000001,1.36205,1,1
18.08.2021 00:45:59.048,1.3622100000000001,1.3620400000000001,1,1
18.08.2021 00:46:02.449,1.3622,1.3620400000000001,1,1
18.08.2021 00:46:02.667,1.36219,1.3620400000000001,1,1
18.08.2021 00:46:03.023,1.36218,1.36203,1,1
18.08.2021 00:46:03.903,1.36218,1.3620100000000002,1,1
18.08.2021 00:46:06.025,1.36215,1.362,1,1
18.08.2021 00:46:06.328,1.36213,1.36198,1,1
18.08.2021 00:46:06.429,1.3621400000000001,1.36196,1.5,1
18.08.2021 00:46:07.398,1.3621100000000002,1.36195,1,1
18.08.2021 00:46:07.653,1.3621100000000002,1.36193,1,1
18.08.2021 00:46:10.034,1.36209,1.36193,1,1
18.08.2021 00:46:10.481,1.3621,1.36194,1,1
18.08.2021 00:46:18.179,1.3621,1.36193,1,1
18.08.2021 00:46:18.281,1.36206,1.3619200000000002,1,1
18.08.2021 00:46:18.432,1.36206,1.36189,1,1
18.08.2021 00:46:18.683,1.3620700000000001,1.36189,1,1
18.08.2021 00:46:18.784,1.36206,1.36189,1,1
18.08.2021 00:46:18.885,1.36206,1.36188,1,1
18.08.2021 00:46:19.087,1.36205,1.36188,1,1
18.08.2021 00:46:20.207,1.36205,1.3618700000000001,1.12,1
18.08.2021 00:46:20.307,1.3620400000000001,1.36188,3.87,1
18.08.2021 00:46:23.793,1.36203,1.36188,1.12,1
18.08.2021 00:46:24.173,1.3620200000000002,1.36188,1.12,1
18.08.2021 00:46:24.540,1.3620100000000002,1.36188,1,1
18.08.2021 00:46:24.678,1.3620200000000002,1.36186,1,1
18.08.2021 00:46:24.779,1.3620100000000002,1.36186,1,1
18.08.2021 00:46:29.994,1.3620200000000002,1.36186,1.12,1
18.08.2021 00:46:30.045,1.3620200000000002,1.36184,1.12,1
18.08.2021 00:46:31.144,1.36198,1.36183,1,1
18.08.2021 00:46:31.245,1.36198,1.3618000000000001,1,1
18.08.2021 00:46:31.466,1.3619700000000001,1.3618000000000001,1,1
18.08.2021 00:46:31.717,1.36195,1.3618100000000002,1,1
18.08.2021 00:46:31.768,1.36194,1.36179,1,1
18.08.2021 00:46:32.020,1.3619200000000002,1.3617700000000001,1,1
18.08.2021 00:46:43.683,1.36194,1.3617700000000001,1,1
18.08.2021 00:46:44.110,1.3619700000000001,1.36179,1,1
18.08.2021 00:46:44.211,1.3619700000000001,1.36182,1,1
18.08.2021 00:46:44.312,1.36198,1.36182,1,1
18.08.2021 00:46:44.467,1.362,1.3618100000000002,1,1
18.08.2021 00:46:44.568,1.362,1.36184,1,1
18.08.2021 00:47:02.577,1.3620200000000002,1.36185,1,1
18.08.2021 00:47:02.627,1.3620400000000001,1.36186,3,1
18.08.2021 00:47:04.680,1.36203,1.36188,1.12,1
18.08.2021 00:47:10.298,1.36205,1.36188,1,1
18.08.2021 00:47:10.896,1.36206,1.3619,1.5,1
18.08.2021 00:47:11.306,1.36206,1.3619,1.12,1
18.08.2021 00:47:12.340,1.36206,1.3619100000000002,2.25,1
18.08.2021 00:47:15.555,1.36206,1.3619100000000002,2.37,1
18.08.2021 00:47:23.545,1.3620700000000001,1.3619,2.25,1
18.08.2021 00:47:39.093,1.3620700000000001,1.3619,2.37,1
18.08.2021 00:47:46.511,1.36205,1.3619,1.12,1
18.08.2021 00:48:19.654,1.36206,1.3619100000000002,2.25,1
18.08.2021 00:48:26.416,1.36206,1.36189,1,1
18.08.2021 00:48:31.984,1.3620400000000001,1.3619,1,1
18.08.2021 00:48:36.834,1.36203,1.36188,1,1
18.08.2021 00:48:38.801,1.36203,1.3618700000000001,1,1
18.08.2021 00:48:41.278,1.3620400000000001,1.3618700000000001,1.5,1
18.08.2021 00:48:54.287,1.36206,1.36188,1.62,1
18.08.2021 00:48:54.338,1.36206,1.36188,1.12,1
18.08.2021 00:48:59.425,1.36205,1.36189,1.5,1
18.08.2021 00:48:59.576,1.36206,1.36188,1.5,1
18.08.2021 00:48:59.702,1.36205,1.36189,1.5,1
18.08.2021 00:49:02.996,1.3620400000000001,1.36188,1,1
18.08.2021 00:49:03.047,1.3620200000000002,1.3618700000000001,1.5,1
18.08.2021 00:49:03.300,1.36203,1.36186,1.5,1
18.08.2021 00:49:04.145,1.3620100000000002,1.36186,1,1
18.08.2021 00:49:06.792,1.3620100000000002,1.36186,1.5,1
18.08.2021 00:49:07.143,1.3620100000000002,1.36186,1.5,1
18.08.2021 00:49:10.949,1.3620200000000002,1.3618700000000001,1.62,1
18.08.2021 00:49:11.183,1.3620200000000002,1.3618700000000001,1.62,1
18.08.2021 00:49:13.633,1.3620200000000002,1.3618700000000001,1.62,1
18.08.2021 00:49:17.438,1.36203,1.36186,1.62,1
18.08.2021 00:49:18.058,1.36203,1.36186,1.62,1
18.08.2021 00:49:21.958,1.3620200000000002,1.3618700000000001,1.62,1
18.08.2021 00:49:27.747,1.3620200000000002,1.36188,1,1
18.08.2021 00:49:27.848,1.3620100000000002,1.36189,1,1
18.08.2021 00:49:33.473,1.3620200000000002,1.3619,1,1
18.08.2021 00:49:49.398,1.3620400000000001,1.3619100000000002,1,1
18.08.2021 00:49:55.782,1.3620400000000001,1.3619100000000002,1,1
18.08.2021 00:49:55.920,1.3620400000000001,1.3619100000000002,1,1
18.08.2021 00:49:58.687,1.36205,1.36189,1,1
18.08.2021 00:49:59.260,1.3620400000000001,1.36189,1,1
18.08.2021 00:50:00.297,1.36203,1.36188,1.5,1
18.08.2021 00:50:00.398,1.3620400000000001,1.3618700000000001,1.5,1
18.08.2021 00:50:00.636,1.36203,1.36188,1.5,1
18.08.2021 00:50:00.798,1.36203,1.3618700000000001,1.5,1
18.08.2021 00:50:10.949,1.36203,1.36186,1,1
18.08.2021 00:50:11.254,1.36203,1.36186,1,1
18.08.2021 00:50:11.355,1.3620400000000001,1.36186,2,1
18.08.2021 00:50:23.828,1.3620400000000001,1.3618700000000001,1.5,1
18.08.2021 00:50:23.984,1.36203,1.36188,1.5,1
18.08.2021 00:50:24.587,1.36203,1.36188,1.5,1
18.08.2021 00:50:28.563,1.3620400000000001,1.36189,1,1
18.08.2021 00:50:29.598,1.3620400000000001,1.36189,1,1
18.08.2021 00:50:30.150,1.36203,1.36188,1.62,1
18.08.2021 00:50:33.707,1.3620400000000001,1.3618700000000001,1.62,1
18.08.2021 00:50:37.915,1.3620400000000001,1.3619,1.5,1
18.08.2021 00:50:38.546,1.36205,1.36189,1,1
18.08.2021 00:50:45.655,1.36206,1.36189,2.56,1
18.08.2021 00:50:45.835,1.36205,1.3619,2.56,1
18.08.2021 00:50:54.132,1.3620400000000001,1.36189,1.5,1
18.08.2021 00:50:54.595,1.3620200000000002,1.3618700000000001,1,1
18.08.2021 00:50:54.954,1.36203,1.36186,1.5,1
18.08.2021 00:51:00.662,1.3620200000000002,1.3618700000000001,1.12,1
18.08.2021 00:51:02.275,1.3620200000000002,1.3618700000000001,1.5,1
18.08.2021 00:51:10.602,1.36203,1.36186,1.5,1
18.08.2021 00:51:10.754,1.362,1.36185,1,1
18.08.2021 00:51:11.493,1.362,1.36184,1.12,1
18.08.2021 00:51:11.786,1.362,1.36184,1.62,1
18.08.2021 00:51:11.897,1.36199,1.36182,1,1
18.08.2021 00:51:12.282,1.36198,1.36182,1,1
18.08.2021 00:51:13.228,1.36198,1.3618100000000002,1,1
18.08.2021 00:51:13.913,1.3619700000000001,1.3618100000000002,1.12,1
18.08.2021 00:51:14.041,1.3619700000000001,1.3618100000000002,1.5,1
18.08.2021 00:51:14.452,1.36194,1.36179,1,1
18.08.2021 00:51:14.706,1.36195,1.36178,1.5,1
18.08.2021 00:51:14.901,1.36195,1.36178,1.5,1
18.08.2021 00:51:15.467,1.36195,1.3617700000000001,1.5,1
18.08.2021 00:51:17.738,1.36193,1.3617700000000001,1.5,1
18.08.2021 00:51:17.896,1.36193,1.3617700000000001,1.5,1
18.08.2021 00:51:18.143,1.36193,1.3617700000000001,1.5,1
18.08.2021 00:51:18.740,1.3619200000000002,1.36175,1.5,1
18.08.2021 00:51:20.090,1.3619200000000002,1.36175,1.12,1
18.08.2021 00:51:28.197,1.3619200000000002,1.36176,1,1
18.08.2021 00:51:28.596,1.36194,1.3617700000000001,1.12,1
18.08.2021 00:51:28.698,1.36196,1.36178,1,1
18.08.2021 00:51:29.240,1.3619700000000001,1.36179,1.12,1
18.08.2021 00:51:29.950,1.36196,1.36179,1,1
18.08.2021 00:51:34.007,1.36194,1.36179,1,1
18.08.2021 00:51:47.114,1.36196,1.36179,1,1
18.08.2021 00:51:47.215,1.36196,1.3618100000000002,1,1
18.08.2021 00:51:47.266,1.36198,1.36183,1.5,1
18.08.2021 00:51:47.560,1.36199,1.36184,1,1
18.08.2021 00:51:57.883,1.362,1.36184,1,1
18.08.2021 00:52:01.865,1.36199,1.36182,1,1
18.08.2021 00:52:05.150,1.3619700000000001,1.3618100000000002,1,1.5
18.08.2021 00:52:08.487,1.36199,1.36182,1,1
18.08.2021 00:52:13.985,1.36198,1.3618100000000002,1,1.5
18.08.2021 00:53:19.671,1.362,1.36185,1.87,1
18.08.2021 00:53:20.486,1.362,1.3618700000000001,1,1
18.08.2021 00:53:26.811,1.362,1.36188,1,1
18.08.2021 00:53:30.537,1.362,1.36189,1,1
18.08.2021 00:53:32.591,1.3620400000000001,1.36189,1,1
18.08.2021 00:53:33.463,1.3620400000000001,1.36189,1,1
18.08.2021 00:53:35.222,1.36203,1.3618700000000001,1,1
18.08.2021 00:53:44.193,1.362,1.36185,1,2.75
18.08.2021 00:53:44.294,1.36199,1.36184,1.5,1.5
18.08.2021 00:53:44.400,1.36194,1.3618100000000002,1,1
18.08.2021 00:53:44.451,1.3619700000000001,1.3618000000000001,1,1.87
18.08.2021 00:53:44.748,1.36196,1.3618100000000002,1,2.75
18.08.2021 00:53:47.288,1.36199,1.3618100000000002,1,1.62
18.08.2021 00:53:48.621,1.3619700000000001,1.36183,1,1
18.08.2021 00:53:48.672,1.3619700000000001,1.3618100000000002,1,1.5
18.08.2021 00:53:48.722,1.36195,1.36179,1,1
18.08.2021 00:53:48.823,1.3619200000000002,1.36179,1,1.62
18.08.2021 00:53:49.075,1.3619200000000002,1.3617700000000001,1,1
18.08.2021 00:53:49.125,1.36195,1.36178,1,1
18.08.2021 00:53:49.277,1.36195,1.36178,1,1.62
18.08.2021 00:53:51.168,1.36195,1.36178,1,1.62
18.08.2021 00:53:52.119,1.36194,1.36179,1,1.62
18.08.2021 00:53:54.907,1.36194,1.36179,1,1
18.08.2021 00:53:54.958,1.36193,1.36176,1,1.62
18.08.2021 00:53:55.632,1.36193,1.36176,1,1
18.08.2021 00:53:55.835,1.3619100000000002,1.36176,1,1.12
18.08.2021 00:53:58.829,1.3619100000000002,1.3617700000000001,1,1
18.08.2021 00:54:06.184,1.36194,1.3617700000000001,2,1
18.08.2021 00:54:06.435,1.3619100000000002,1.36176,1,1
18.08.2021 00:54:06.935,1.3619200000000002,1.36175,1.5,1
18.08.2021 00:54:09.783,1.3619100000000002,1.36174,1.12,1
18.08.2021 00:54:24.505,1.36193,1.36176,3.57,1
18.08.2021 00:54:24.606,1.3619200000000002,1.3617700000000001,2,1
18.08.2021 00:54:24.707,1.36193,1.3617700000000001,1.5,1
18.08.2021 00:54:25.186,1.36193,1.3617700000000001,1.12,1
18.08.2021 00:54:25.338,1.3619200000000002,1.36178,1.5,1
18.08.2021 00:54:25.473,1.36193,1.3617700000000001,1,1
18.08.2021 00:54:25.968,1.36193,1.36178,2.37,1
18.08.2021 00:54:26.072,1.36193,1.36178,2.37,1
18.08.2021 00:54:27.122,1.36194,1.3617700000000001,2,1
18.08.2021 00:54:27.388,1.36193,1.36178,2.19,1
18.08.2021 00:54:29.311,1.36195,1.36178,1.62,1
18.08.2021 00:54:32.028,1.36195,1.36178,1.5,1
18.08.2021 00:54:36.555,1.36195,1.3618100000000002,1.81,1
18.08.2021 00:54:43.098,1.36196,1.3618000000000001,1.31,1
18.08.2021 00:54:45.608,1.36196,1.3618100000000002,1.12,1
18.08.2021 00:54:45.760,1.3619700000000001,1.3618000000000001,1.5,1
18.08.2021 00:54:45.861,1.36198,1.3618100000000002,2,1
18.08.2021 00:54:45.911,1.36198,1.3618100000000002,1,1
18.08.2021 00:54:45.962,1.36199,1.36184,1.12,1
18.08.2021 00:54:46.063,1.3620200000000002,1.36185,1.5,1
18.08.2021 00:54:46.164,1.3620200000000002,1.36185,1,1
18.08.2021 00:54:46.265,1.3620200000000002,1.36186,1.5,1
18.08.2021 00:54:46.913,1.36203,1.36188,1.12,1
18.08.2021 00:54:47.754,1.36205,1.36188,1,1
18.08.2021 00:54:48.223,1.3620400000000001,1.3618700000000001,1,1
18.08.2021 00:54:49.677,1.36203,1.3618700000000001,1,1
18.08.2021 00:54:50.285,1.3620200000000002,1.36185,1,1
18.08.2021 00:54:52.734,1.3620200000000002,1.36184,1,1
18.08.2021 00:54:54.063,1.362,1.36185,1,1
18.08.2021 00:54:55.275,1.3620100000000002,1.36183,1,1.5
18.08.2021 00:54:56.279,1.36199,1.36183,1,1.5
18.08.2021 00:54:56.546,1.3619700000000001,1.36182,1,1
18.08.2021 00:55:00.661,1.36198,1.36184,1,1
18.08.2021 00:55:01.009,1.362,1.36186,1,1
18.08.2021 00:55:04.975,1.3620100000000002,1.3618700000000001,1,1
18.08.2021 00:55:05.076,1.36203,1.36186,1.12,1
18.08.2021 00:55:05.445,1.3620400000000001,1.3618700000000001,1.5,1
18.08.2021 00:55:05.697,1.3620100000000002,1.36186,1,1
18.08.2021 00:55:07.658,1.362,1.36185,1,1
18.08.2021 00:55:11.191,1.3620100000000002,1.36186,1.12,1
18.08.2021 00:55:14.791,1.362,1.36185,1,1
18.08.2021 00:55:18.141,1.36199,1.36182,1,1
18.08.2021 00:55:18.242,1.36196,1.36182,1,1
18.08.2021 00:55:18.343,1.36195,1.3618000000000001,1,1.12
18.08.2021 00:55:21.198,1.36195,1.36178,1,1
18.08.2021 00:55:27.516,1.36193,1.36178,1,1
18.08.2021 00:55:49.893,1.36195,1.36179,2,1
18.08.2021 00:55:50.753,1.36194,1.3618000000000001,1.5,1
18.08.2021 00:56:04.978,1.36194,1.3618000000000001,1.62,1
18.08.2021 00:56:05.287,1.36194,1.3618000000000001,1.5,1
18.08.2021 00:56:23.539,1.36193,1.3618000000000001,1,1
18.08.2021 00:56:25.018,1.3619100000000002,1.36176,1.5,1
18.08.2021 00:56:25.119,1.3619,1.36176,1,1
18.08.2021 00:56:38.315,1.36189,1.36176,1,1
18.08.2021 00:56:47.526,1.3619,1.36176,1.5,1
18.08.2021 00:56:47.874,1.3619,1.36175,2.25,1
18.08.2021 00:56:50.064,1.3619,1.36174,1,1
18.08.2021 00:56:53.031,1.3619,1.36175,2.25,1
18.08.2021 00:57:20.403,1.3618700000000001,1.3617299999999999,1,1
18.08.2021 00:57:20.454,1.3618700000000001,1.3617000000000001,1,1
18.08.2021 00:57:20.614,1.36184,1.3617000000000001,1,1
18.08.2021 00:57:21.018,1.36183,1.3617000000000001,1,1
18.08.2021 00:57:25.071,1.36186,1.3617100000000002,1,1
18.08.2021 00:57:25.121,1.36185,1.3617000000000001,1.5,1
18.08.2021 00:57:27.974,1.36184,1.36169,1.5,1
18.08.2021 00:57:28.075,1.36183,1.36168,1.5,1
18.08.2021 00:57:28.355,1.36185,1.36168,1,1
18.08.2021 00:57:30.026,1.36186,1.36169,1.57,1
18.08.2021 00:57:30.127,1.36186,1.3617299999999999,1,1
18.08.2021 00:57:30.228,1.3618700000000001,1.3617000000000001,1,1
18.08.2021 00:57:30.329,1.36188,1.36172,1,1
18.08.2021 00:57:30.756,1.36186,1.3617100000000002,1,1
18.08.2021 00:57:32.516,1.3618700000000001,1.36172,1.5,1
18.08.2021 00:57:34.261,1.3618700000000001,1.3617000000000001,1,1
18.08.2021 00:57:45.709,1.36186,1.3617000000000001,1,1
18.08.2021 00:57:46.902,1.36186,1.36169,1,1
18.08.2021 00:57:48.178,1.36188,1.3617100000000002,1,1
18.08.2021 00:57:51.017,1.36185,1.3617000000000001,1,1
18.08.2021 00:57:56.323,1.3618700000000001,1.36172,1.5,1
18.08.2021 00:57:56.504,1.36185,1.36169,1,1
18.08.2021 00:58:00.496,1.3618700000000001,1.3617100000000002,1,1
18.08.2021 00:58:07.099,1.36189,1.36174,3.37,1
18.08.2021 00:58:24.391,1.36189,1.3617700000000001,1,1
18.08.2021 00:58:24.850,1.3619,1.3617700000000001,1,1
18.08.2021 00:58:35.524,1.36189,1.3618000000000001,1,1
18.08.2021 00:58:35.575,1.36194,1.36179,1.5,1
18.08.2021 00:58:36.496,1.36188,1.3618000000000001,1,1
18.08.2021 00:58:36.808,1.3619100000000002,1.36179,1,1
18.08.2021 00:58:38.769,1.3619,1.36179,1,1
18.08.2021 00:58:38.870,1.36193,1.36178,1,1
18.08.2021 00:58:38.921,1.36195,1.3618000000000001,1.5,1
18.08.2021 00:58:50.679,1.3619700000000001,1.3618000000000001,3.12,1
18.08.2021 00:59:00.411,1.36194,1.36179,1,1
18.08.2021 00:59:02.822,1.3619700000000001,1.3618000000000001,3.12,1
18.08.2021 00:59:03.021,1.3619700000000001,1.3618000000000001,3,1
18.08.2021 00:59:04.113,1.3619700000000001,1.3618000000000001,3.12,1
18.08.2021 00:59:25.298,1.36194,1.3618100000000002,1.25,1
18.08.2021 00:59:40.779,1.36195,1.36179,1.25,1
18.08.2021 00:59:40.885,1.36195,1.3618000000000001,1.12,1
18.08.2021 00:59:45.931,1.36195,1.36179,1.25,1
18.08.2021 00:59:46.160,1.36195,1.36178,1.69,1
18.08.2021 00:59:52.005,1.36194,1.36178,4.5,1
18.08.2021 00:59:52.106,1.3619200000000002,1.36176,1,1
18.08.2021 00:59:53.542,1.3619100000000002,1.36176,1.5,1
18.08.2021 00:59:53.693,1.3618700000000001,1.3617299999999999,2.75,1
18.08.2021 00:59:54.789,1.36188,1.36172,2.75,1
18.08.2021 00:59:56.047,1.36188,1.3617299999999999,2.75,1
18.08.2021 00:59:56.148,1.36189,1.3617299999999999,2,1
18.08.2021 00:59:56.249,1.3619,1.36174,2.37,1
18.08.2021 00:59:56.573,1.3619,1.36175,1,1
18.08.2021 00:59:56.673,1.3619,1.36176,1.5,1
18.08.2021 00:59:57.528,1.3619100000000002,1.36176,1,1
18.08.2021 00:59:58.518,1.36193,1.36175,1.62,1
18.08.2021 01:00:00.166,1.36193,1.36175,1.5,1
18.08.2021 01:00:00.267,1.36194,1.3617700000000001,3.12,1
18.08.2021 01:00:00.368,1.36193,1.3618000000000001,2.37,1
18.08.2021 01:00:00.816,1.36194,1.3618000000000001,1,1
18.08.2021 01:00:01.367,1.36195,1.3617700000000001,1,1
18.08.2021 01:00:01.536,1.36194,1.3617700000000001,1.12,1
18.08.2021 01:00:01.637,1.3619200000000002,1.3617700000000001,1.12,1
18.08.2021 01:00:01.998,1.3619,1.36175,1,1
18.08.2021 01:00:02.569,1.3619,1.3617299999999999,1,1.5
18.08.2021 01:00:15.389,1.3619100000000002,1.36174,1.12,1
18.08.2021 01:00:15.820,1.3619100000000002,1.36174,1.62,1
18.08.2021 01:00:16.661,1.3619,1.36175,1.12,1
18.08.2021 01:00:17.040,1.3619200000000002,1.36175,1.5,1
18.08.2021 01:00:17.243,1.3619100000000002,1.36176,1,1
18.08.2021 01:00:17.294,1.36194,1.3617700000000001,3.12,1
18.08.2021 01:00:17.539,1.36193,1.36178,1.12,1
18.08.2021 01:00:18.188,1.36194,1.36178,1,1
18.08.2021 01:00:19.020,1.36195,1.36178,3,1
18.08.2021 01:00:19.121,1.36194,1.3617700000000001,1.12,1
18.08.2021 01:00:27.780,1.36195,1.36178,1.87,1
18.08.2021 01:00:29.046,1.36194,1.3618100000000002,1,1
18.08.2021 01:00:29.339,1.36195,1.3618100000000002,1,1
18.08.2021 01:00:31.251,1.36196,1.3618100000000002,2.81,1
18.08.2021 01:00:36.110,1.36196,1.36182,1.25,1
18.08.2021 01:00:36.800,1.3619700000000001,1.36182,1.12,1
18.08.2021 01:00:38.237,1.36196,1.36182,1.12,1
18.08.2021 01:00:42.985,1.36196,1.36182,1.62,1
18.08.2021 01:00:43.086,1.36194,1.36182,1,1
18.08.2021 01:00:44.180,1.36194,1.3618100000000002,1,1
18.08.2021 01:00:47.505,1.36196,1.3618100000000002,1.62,1
18.08.2021 01:00:48.266,1.36195,1.3618000000000001,1,1
18.08.2021 01:00:50.017,1.36195,1.3618100000000002,1,1
18.08.2021 01:00:50.299,1.36194,1.3618100000000002,1,1
18.08.2021 01:00:55.426,1.36196,1.3618000000000001,1.5,1
18.08.2021 01:00:56.597,1.36195,1.3618000000000001,1,1
18.08.2021 01:00:59.701,1.36195,1.3618100000000002,1,1
18.08.2021 01:01:07.598,1.36196,1.3618100000000002,2.25,1
18.08.2021 01:01:09.678,1.36194,1.36179,1,1
18.08.2021 01:01:21.772,1.36195,1.3618000000000001,1.12,1
18.08.2021 01:01:35.220,1.36194,1.36178,1,1
18.08.2021 01:02:25.172,1.3619200000000002,1.3617700000000001,1,1
18.08.2021 01:03:10.526,1.3619100000000002,1.3617700000000001,1,1
18.08.2021 01:03:12.065,1.3619,1.36175,1.5,1
18.08.2021 01:03:12.115,1.3618700000000001,1.3617299999999999,1.12,1.12
18.08.2021 01:03:12.216,1.36184,1.3617100000000002,1,1.5
18.08.2021 01:03:12.317,1.36185,1.36169,1,1
18.08.2021 01:03:12.781,1.36182,1.36169,1,1
18.08.2021 01:03:12.993,1.36183,1.3616700000000002,1,1
18.08.2021 01:03:40.293,1.36185,1.36169,1.5,1
18.08.2021 01:03:51.888,1.36185,1.36169,1.12,1
18.08.2021 01:03:53.899,1.36185,1.36169,1.5,1
18.08.2021 01:04:00.822,1.36183,1.3616700000000002,1,1.5
18.08.2021 01:04:01.094,1.36182,1.36168,1,1
18.08.2021 01:04:01.195,1.3617700000000001,1.36162,1,1.62
18.08.2021 01:04:01.296,1.36175,1.36159,1,1
18.08.2021 01:04:01.551,1.36176,1.3616100000000002,1.5,1
18.08.2021 01:04:06.488,1.36175,1.36159,1,1
18.08.2021 01:04:06.938,1.36175,1.36158,1,1
18.08.2021 01:04:08.320,1.36174,1.3615700000000002,1,1
18.08.2021 01:04:08.578,1.36174,1.36159,1,1
18.08.2021 01:04:10.695,1.36174,1.3615700000000002,1,1
18.08.2021 01:04:11.175,1.36175,1.36158,1,1
18.08.2021 01:04:12.022,1.36174,1.3615700000000002,1,1
18.08.2021 01:04:12.346,1.36176,1.36158,1.5,1
18.08.2021 01:04:12.446,1.3617299999999999,1.36158,1,1
18.08.2021 01:04:14.384,1.36175,1.3616000000000001,1.5,1
18.08.2021 01:04:29.694,1.36176,1.3616100000000002,1,1
18.08.2021 01:04:33.599,1.36175,1.36159,1,1
18.08.2021 01:04:38.844,1.3617299999999999,1.3615700000000002,1,1.5
18.08.2021 01:04:39.850,1.36172,1.36158,1,1
18.08.2021 01:04:50.040,1.3617000000000001,1.36156,1,1
18.08.2021 01:04:50.204,1.36168,1.36154,1,1
18.08.2021 01:04:50.305,1.36168,1.36152,1,1
18.08.2021 01:04:50.406,1.36166,1.3615000000000002,1,1
18.08.2021 01:05:14.095,1.36165,1.3615000000000002,1,1
18.08.2021 01:05:23.087,1.3616700000000002,1.36151,1,1
18.08.2021 01:05:45.987,1.36163,1.36148,1,1
18.08.2021 01:05:47.147,1.36163,1.3614600000000001,1,1.5
18.08.2021 01:05:47.773,1.3616100000000002,1.3614600000000001,1,1.62
18.08.2021 01:05:47.874,1.3616000000000001,1.36143,1,1.62
18.08.2021 01:05:47.975,1.3616000000000001,1.36143,1,2.62
18.08.2021 01:05:48.903,1.36159,1.36141,1,1.5
18.08.2021 01:05:51.705,1.36155,1.3614000000000002,1,1.87
18.08.2021 01:05:59.541,1.36156,1.3614000000000002,1,1
18.08.2021 01:05:59.642,1.3615700000000002,1.36141,1,1
18.08.2021 01:05:59.837,1.3615700000000002,1.36142,1,1
18.08.2021 01:06:15.828,1.36156,1.36141,1,1
18.08.2021 01:06:20.044,1.3615700000000002,1.36142,1,1
18.08.2021 01:06:20.512,1.3615700000000002,1.36143,1,1
18.08.2021 01:06:21.621,1.3615700000000002,1.36142,1,1
18.08.2021 01:06:21.722,1.3615700000000002,1.36141,1,1
18.08.2021 01:06:27.470,1.3615700000000002,1.36139,1,1
18.08.2021 01:06:40.015,1.36156,1.36142,1,1
18.08.2021 01:07:13.346,1.3615700000000002,1.36143,1,1
18.08.2021 01:08:45.737,1.36156,1.36142,1,1
18.08.2021 01:09:39.902,1.36158,1.36144,1.5,1
18.08.2021 01:09:46.145,1.36158,1.36145,1,1
18.08.2021 01:09:47.187,1.36159,1.36144,1.12,1
18.08.2021 01:09:47.800,1.3616000000000001,1.36143,1.5,1
18.08.2021 01:09:48.193,1.3615700000000002,1.36142,1,1
18.08.2021 01:09:50.250,1.36158,1.36144,1,1
18.08.2021 01:09:50.361,1.3616000000000001,1.36145,1.6,1
18.08.2021 01:09:50.512,1.3616100000000002,1.36144,1.5,1
18.08.2021 01:09:52.568,1.3616000000000001,1.36145,2.62,1
18.08.2021 01:09:52.669,1.3616100000000002,1.36145,1.87,1
18.08.2021 01:09:52.868,1.36162,1.36145,2.25,1
18.08.2021 01:09:52.969,1.36162,1.3614700000000002,1.5,1
18.08.2021 01:09:53.939,1.36163,1.3614700000000002,1,1
18.08.2021 01:09:54.823,1.36164,1.36149,1.62,1
18.08.2021 01:09:55.123,1.36163,1.3615000000000002,2.62,1
18.08.2021 01:09:55.692,1.36163,1.36151,1,1
18.08.2021 01:09:56.581,1.36163,1.36148,1.5,1
18.08.2021 01:09:56.790,1.36164,1.3614700000000002,1.5,1
18.08.2021 01:10:15.442,1.36164,1.3614700000000002,1.5,1
18.08.2021 01:10:15.659,1.36164,1.3614700000000002,1.62,1
18.08.2021 01:10:29.380,1.36163,1.36148,1.62,1
18.08.2021 01:10:32.512,1.36164,1.3614700000000002,1.5,1
18.08.2021 01:10:48.754,1.3616700000000002,1.36152,1.5,1
18.08.2021 01:10:48.855,1.3617000000000001,1.36156,1,1
18.08.2021 01:10:48.956,1.36172,1.3615700000000002,1.62,1
18.08.2021 01:10:49.158,1.36172,1.3615700000000002,1,1
18.08.2021 01:10:49.231,1.36175,1.36158,1.6,1
18.08.2021 01:10:49.332,1.36176,1.3616100000000002,1.5,1
18.08.2021 01:10:49.433,1.36178,1.36162,1,1
18.08.2021 01:10:49.483,1.3617700000000001,1.36163,1,1
18.08.2021 01:10:50.052,1.36178,1.36163,1.12,1
18.08.2021 01:10:50.337,1.3618000000000001,1.36163,1.62,1
18.08.2021 01:10:50.449,1.36179,1.36164,1.5,1
18.08.2021 01:10:59.065,1.3618000000000001,1.36163,1.5,1
18.08.2021 01:10:59.987,1.3618100000000002,1.36164,1.1,1
18.08.2021 01:11:00.088,1.3618000000000001,1.36165,1.1,1
18.08.2021 01:11:00.248,1.3618100000000002,1.36164,1.1,1
18.08.2021 01:11:00.473,1.36178,1.36165,1.12,1
18.08.2021 01:11:00.574,1.36178,1.36162,2.7,1
18.08.2021 01:11:01.221,1.36178,1.36162,2.72,1
18.08.2021 01:11:01.483,1.36178,1.3616100000000002,1.1,1
18.08.2021 01:11:04.255,1.36178,1.36162,1.1,1
18.08.2021 01:11:04.356,1.36178,1.36165,1.6,1
18.08.2021 01:11:04.457,1.36178,1.36162,1,1
18.08.2021 01:11:04.558,1.36179,1.3616100000000002,1.7,1
18.08.2021 01:11:05.016,1.36179,1.36162,1.6,1
18.08.2021 01:11:06.391,1.36178,1.36165,1.1,1
18.08.2021 01:11:08.116,1.36179,1.36162,1.1,1
18.08.2021 01:11:14.957,1.36179,1.36163,3.1,1
18.08.2021 01:11:15.066,1.36179,1.36165,2.35,1
18.08.2021 01:11:15.366,1.3618000000000001,1.3616100000000002,3.85,1
18.08.2021 01:11:15.467,1.3617700000000001,1.36162,1.1,1
18.08.2021 01:11:24.827,1.36178,1.3616100000000002,1.1,1
18.08.2021 01:11:24.928,1.36178,1.36162,1.1,1
18.08.2021 01:11:25.553,1.36179,1.36164,2.35,1
18.08.2021 01:11:25.604,1.3618000000000001,1.36163,1.57,1
18.08.2021 01:11:25.771,1.3618100000000002,1.36163,1.2,1
18.08.2021 01:11:25.872,1.3618100000000002,1.36166,2.47,1
18.08.2021 01:11:27.026,1.36182,1.36166,4.22,1
18.08.2021 01:11:29.273,1.3618100000000002,1.36166,1.1,1
18.08.2021 01:11:29.596,1.3618100000000002,1.36165,1.6,1
18.08.2021 01:11:29.709,1.36179,1.36165,1.1,1
18.08.2021 01:11:29.810,1.36179,1.3616000000000001,1.1,1.12
18.08.2021 01:11:29.961,1.36178,1.3616100000000002,1.1,1
18.08.2021 01:11:31.381,1.3618000000000001,1.36162,2.72,1
18.08.2021 01:11:31.750,1.36178,1.3616100000000002,3.1,1
18.08.2021 01:11:31.873,1.36178,1.3616100000000002,3.1,1
18.08.2021 01:11:32.898,1.36174,1.3616100000000002,1,1
18.08.2021 01:11:33.001,1.36176,1.3616000000000001,1.1,1
18.08.2021 01:11:35.860,1.36176,1.3616000000000001,1.1,1
18.08.2021 01:11:36.748,1.3617100000000002,1.3615700000000002,1,1
18.08.2021 01:11:37.151,1.36175,1.3615700000000002,3.6,1
18.08.2021 01:11:37.252,1.36176,1.36159,1.97,1
18.08.2021 01:11:38.522,1.36175,1.36158,1.1,1
18.08.2021 01:11:38.703,1.36175,1.3616000000000001,1.22,1
18.08.2021 01:11:38.905,1.36174,1.36158,1.57,1
18.08.2021 01:11:39.106,1.36175,1.36159,1.57,1
18.08.2021 01:11:39.258,1.36174,1.3616100000000002,1.5,1
18.08.2021 01:11:39.308,1.36176,1.3616100000000002,1.57,1
18.08.2021 01:11:39.648,1.3617700000000001,1.36163,1.57,1
18.08.2021 01:11:42.394,1.36178,1.3616100000000002,1.1,1
18.08.2021 01:11:44.657,1.3617700000000001,1.3616100000000002,1.1,1
18.08.2021 01:11:44.758,1.36176,1.36159,1.1,1
18.08.2021 01:11:44.959,1.3617700000000001,1.36158,2.07,1
18.08.2021 01:11:45.615,1.36175,1.36158,1.57,1
18.08.2021 01:11:45.716,1.36174,1.3615700000000002,3.07,1
18.08.2021 01:11:46.184,1.36174,1.3615700000000002,1.1,1
18.08.2021 01:11:51.744,1.36174,1.36155,1.2,1
18.08.2021 01:11:55.417,1.3617299999999999,1.3615700000000002,1.2,1
18.08.2021 01:11:59.939,1.3617000000000001,1.3615700000000002,1,1
18.08.2021 01:12:00.639,1.3617100000000002,1.3615700000000002,1.5,1
18.08.2021 01:12:01.087,1.36174,1.36156,1.2,1
18.08.2021 01:12:01.308,1.36174,1.36155,1.22,1
18.08.2021 01:12:05.697,1.3617299999999999,1.36156,1.57,1
18.08.2021 01:12:07.833,1.3617299999999999,1.3615700000000002,1.2,1
18.08.2021 01:12:09.940,1.36174,1.36156,1.22,1
18.08.2021 01:12:14.283,1.36174,1.36156,1.12,1
18.08.2021 01:12:14.627,1.36168,1.36156,1,1
18.08.2021 01:12:16.326,1.3617299999999999,1.3615700000000002,1.12,1
18.08.2021 01:12:17.993,1.36175,1.3616000000000001,2.07,1
18.08.2021 01:12:18.094,1.36169,1.3616000000000001,1,1
18.08.2021 01:12:18.295,1.36175,1.3616000000000001,1.5,1
18.08.2021 01:12:19.043,1.3617299999999999,1.36162,1,1
18.08.2021 01:12:19.195,1.3617299999999999,1.36163,1,1
18.08.2021 01:12:19.496,1.36174,1.36163,1,1
18.08.2021 01:12:19.658,1.36178,1.36163,1.5,1
18.08.2021 01:12:19.861,1.36179,1.36164,1.1,1
18.08.2021 01:12:23.743,1.36179,1.36163,1.57,1
18.08.2021 01:12:28.751,1.3618000000000001,1.36164,1.1,1
18.08.2021 01:12:29.045,1.36175,1.36164,1,1
18.08.2021 01:12:30.125,1.36178,1.36165,1.5,1
18.08.2021 01:12:31.497,1.36179,1.36165,1.5,1
18.08.2021 01:12:31.768,1.36179,1.36164,1.5,1
18.08.2021 01:12:31.944,1.36179,1.36163,1.5,1
18.08.2021 01:12:35.039,1.36179,1.36165,2.72,1
18.08.2021 01:12:35.140,1.3618000000000001,1.36164,2.7,1
18.08.2021 01:12:35.392,1.3618000000000001,1.3616100000000002,2.47,1
18.08.2021 01:12:35.556,1.36176,1.36162,1.5,1
18.08.2021 01:12:36.340,1.36178,1.36162,1.95,1
18.08.2021 01:12:36.977,1.36178,1.36162,1.97,1
18.08.2021 01:12:42.155,1.36176,1.3616000000000001,1.5,1
18.08.2021 01:12:42.262,1.36176,1.3616100000000002,1.5,1
18.08.2021 01:12:42.363,1.36176,1.36163,1.5,1
18.08.2021 01:12:42.464,1.3617700000000001,1.36163,1.5,1
18.08.2021 01:12:42.566,1.36179,1.36164,2.07,1
18.08.2021 01:12:43.121,1.3618000000000001,1.36163,2.32,1
18.08.2021 01:12:51.274,1.36179,1.36162,1,1
18.08.2021 01:12:56.513,1.36175,1.36163,1.5,1
18.08.2021 01:12:56.666,1.36178,1.36162,1.5,1
18.08.2021 01:12:56.817,1.36178,1.3616000000000001,2.32,1
18.08.2021 01:12:56.918,1.36174,1.36159,1,1
18.08.2021 01:13:03.898,1.36176,1.3616000000000001,1,1
18.08.2021 01:13:04.049,1.36174,1.36158,1,1
18.08.2021 01:13:22.733,1.36176,1.3616000000000001,1,1
18.08.2021 01:13:27.014,1.3617700000000001,1.3616100000000002,1,1
18.08.2021 01:13:27.295,1.36176,1.36164,1,1
18.08.2021 01:13:32.168,1.36176,1.36162,1,1
18.08.2021 01:13:35.038,1.3617700000000001,1.36162,1,1
18.08.2021 01:13:43.963,1.3617700000000001,1.3616000000000001,1.5,1
18.08.2021 01:13:54.350,1.36179,1.36162,1.5,1
18.08.2021 01:14:04.541,1.36179,1.36163,1,1
18.08.2021 01:14:04.642,1.3618000000000001,1.36165,1,1
18.08.2021 01:14:25.750,1.36183,1.36166,1,1
18.08.2021 01:14:30.219,1.3618000000000001,1.36166,1,1
18.08.2021 01:14:50.603,1.3618000000000001,1.36164,1,1
18.08.2021 01:15:01.058,1.36178,1.3616100000000002,1,2.25
18.08.2021 01:15:01.109,1.36176,1.3616000000000001,1,3
18.08.2021 01:15:01.159,1.36175,1.36159,1,1
18.08.2021 01:15:01.260,1.36172,1.3615700000000002,1,1.5
18.08.2021 01:15:01.370,1.3617299999999999,1.36155,1,1.5
18.08.2021 01:15:01.471,1.3617100000000002,1.36156,1,1.12
18.08.2021 01:15:01.572,1.3617100000000002,1.36155,1,1
18.08.2021 01:15:01.677,1.3617000000000001,1.36155,1,1
18.08.2021 01:15:01.777,1.36166,1.36151,1,1
18.08.2021 01:15:01.878,1.36166,1.3615000000000002,1,1.5
18.08.2021 01:15:02.029,1.36166,1.36149,1,1
18.08.2021 01:15:02.080,1.36165,1.36148,1,1.12
18.08.2021 01:15:02.232,1.36163,1.3614700000000002,1,2
18.08.2021 01:15:02.689,1.36163,1.3614600000000001,1,1
18.08.2021 01:15:02.840,1.3616000000000001,1.3614600000000001,1,1
18.08.2021 01:15:02.941,1.36159,1.36144,1,1.5
18.08.2021 01:15:02.992,1.36159,1.36143,1,1.5
18.08.2021 01:15:03.093,1.36158,1.36141,1,1
18.08.2021 01:15:03.143,1.3615700000000002,1.36141,1,1
18.08.2021 01:15:03.244,1.36156,1.3614000000000002,1,1.5
18.08.2021 01:15:03.295,1.36156,1.36138,1,1.12
18.08.2021 01:15:10.248,1.36151,1.36141,1,1
18.08.2021 01:15:10.299,1.36152,1.36138,1,1.87
18.08.2021 01:15:10.350,1.36155,1.36138,1,1.12
18.08.2021 01:15:10.451,1.36156,1.36139,1,1
18.08.2021 01:15:10.642,1.36155,1.3613700000000002,1,2
18.08.2021 01:15:15.731,1.36156,1.3613700000000002,1,1.5
18.08.2021 01:15:15.832,1.36156,1.36138,1,1.5
18.08.2021 01:15:17.365,1.36156,1.3614000000000002,1,1
18.08.2021 01:15:20.022,1.36156,1.36138,1,1.12
18.08.2021 01:15:20.587,1.36156,1.36138,1,1.5
18.08.2021 01:15:23.378,1.36158,1.36139,1,1.12
18.08.2021 01:15:23.429,1.36159,1.36141,1,1
18.08.2021 01:15:23.731,1.3616000000000001,1.36142,1,1
18.08.2021 01:15:24.095,1.36159,1.36142,1,1
18.08.2021 01:15:24.631,1.36158,1.36143,1,1
18.08.2021 01:15:24.896,1.36158,1.3614000000000002,1,1.5
18.08.2021 01:15:25.047,1.36155,1.36139,1,1.62
18.08.2021 01:15:25.691,1.36155,1.36138,1,1.5
18.08.2021 01:15:26.067,1.3615700000000002,1.36139,1,1.12
18.08.2021 01:15:27.380,1.36156,1.36142,1,1
18.08.2021 01:15:37.921,1.36158,1.36142,1,1
18.08.2021 01:15:59.567,1.3616000000000001,1.36144,1,1
18.08.2021 01:16:00.028,1.36162,1.3614600000000001,1.5,1
18.08.2021 01:16:10.055,1.36163,1.3614700000000002,1,1
18.08.2021 01:16:19.285,1.36159,1.36145,1,1.5
18.08.2021 01:16:19.386,1.36159,1.36143,1,2.75
18.08.2021 01:16:19.436,1.3616100000000002,1.36144,1,1.6
18.08.2021 01:16:19.537,1.3616100000000002,1.36144,1,1.6
18.08.2021 01:16:19.681,1.36165,1.36144,1,1.5
18.08.2021 01:16:19.922,1.36165,1.3614600000000001,1,1.7
18.08.2021 01:16:19.973,1.36164,1.36145,1,1.72
18.08.2021 01:16:20.709,1.36166,1.3614600000000001,1,1.57
18.08.2021 01:16:21.841,1.36165,1.3614700000000002,1,1.7
18.08.2021 01:16:23.169,1.36165,1.3614700000000002,1,1.72
18.08.2021 01:16:23.220,1.36168,1.3614600000000001,1,1.1
18.08.2021 01:16:28.470,1.36165,1.3614600000000001,1,1.72
18.08.2021 01:16:31.993,1.36164,1.3614600000000001,1,1.35
18.08.2021 01:16:35.457,1.36165,1.3614700000000002,1,1.1
18.08.2021 01:16:35.709,1.36162,1.3614600000000001,1,1
18.08.2021 01:16:35.810,1.3616100000000002,1.3614700000000002,1,1
18.08.2021 01:16:39.201,1.36164,1.36144,1,3.2
18.08.2021 01:16:39.302,1.3616000000000001,1.36145,1,3.12
18.08.2021 01:16:41.057,1.36164,1.36144,1,1.62
18.08.2021 01:16:47.964,1.3616100000000002,1.36148,1,1
18.08.2021 01:16:48.064,1.3616100000000002,1.36144,1,1
18.08.2021 01:16:48.760,1.3616000000000001,1.36144,1,1
18.08.2021 01:16:48.929,1.3616000000000001,1.36144,1,1
18.08.2021 01:16:49.080,1.3616000000000001,1.36144,1,1
18.08.2021 01:16:49.181,1.3616000000000001,1.36145,1,1
18.08.2021 01:16:49.459,1.3616000000000001,1.36143,1,1
18.08.2021 01:16:49.689,1.36158,1.36145,1,1
18.08.2021 01:16:49.840,1.36159,1.36142,1,1
18.08.2021 01:16:49.941,1.36156,1.36142,1,1
18.08.2021 01:16:50.042,1.3615700000000002,1.36142,1,1
18.08.2021 01:16:50.364,1.36156,1.36141,1,1
18.08.2021 01:16:50.542,1.36156,1.36141,1,1
18.08.2021 01:16:50.643,1.36155,1.36142,1,1
18.08.2021 01:16:50.744,1.36156,1.36141,1,1
18.08.2021 01:16:51.354,1.36155,1.36142,1,1
18.08.2021 01:16:51.473,1.36156,1.36141,1,1
18.08.2021 01:16:51.772,1.36158,1.36141,1,1
18.08.2021 01:16:52.161,1.36158,1.36142,1,1.5
18.08.2021 01:16:52.720,1.36158,1.36142,1,1.62
18.08.2021 01:16:52.850,1.36159,1.36143,1,1.12
18.08.2021 01:16:52.951,1.36159,1.36143,1,1.5
18.08.2021 01:16:53.209,1.3616000000000001,1.36145,1,1
18.08.2021 01:16:53.544,1.36162,1.36143,1,1.12
18.08.2021 01:17:00.146,1.36162,1.3614600000000001,1,1
18.08.2021 01:17:00.611,1.36164,1.3614600000000001,1,1
18.08.2021 01:17:01.543,1.36163,1.3614700000000002,1,1.5
18.08.2021 01:17:01.644,1.36163,1.3614700000000002,1,1.12
18.08.2021 01:17:01.771,1.36166,1.36148,1,1
18.08.2021 01:17:02.547,1.3616700000000002,1.36149,1,1
18.08.2021 01:17:02.670,1.36169,1.36152,1,1
18.08.2021 01:17:41.013,1.36168,1.36152,1,1
18.08.2021 01:17:46.260,1.3616700000000002,1.36153,1,1.5
18.08.2021 01:17:46.414,1.3616700000000002,1.36153,1,1.5
18.08.2021 01:17:47.317,1.36168,1.36154,1,1.5
18.08.2021 01:17:47.418,1.36169,1.36153,1,1.12
18.08.2021 01:17:47.519,1.3617100000000002,1.36155,1,1
18.08.2021 01:18:00.363,1.36172,1.36155,1.5,1
18.08.2021 01:18:00.637,1.36172,1.36155,1.12,1.5
18.08.2021 01:18:01.193,1.3617299999999999,1.36158,2,1
18.08.2021 01:18:01.243,1.36174,1.3615700000000002,1.12,1
18.08.2021 01:18:10.282,1.36174,1.3615700000000002,1,1.5
18.08.2021 01:18:10.333,1.3617700000000001,1.3616000000000001,1,1
18.08.2021 01:18:10.383,1.36178,1.36163,2.37,1
18.08.2021 01:18:10.484,1.3618000000000001,1.3616700000000002,1,1
18.08.2021 01:18:10.535,1.36183,1.36166,1.5,1
18.08.2021 01:18:10.794,1.36183,1.3616700000000002,1,1.12
18.08.2021 01:18:10.895,1.36184,1.36166,1,1.5
18.08.2021 01:18:12.472,1.36184,1.36166,1,1.5
18.08.2021 01:18:16.030,1.36184,1.36169,1,1.12
18.08.2021 01:18:27.248,1.36185,1.36168,1,1.5
18.08.2021 01:18:35.573,1.36186,1.36169,1,1.12
18.08.2021 01:18:35.674,1.36186,1.36169,1,1.5
18.08.2021 01:18:35.725,1.36188,1.3617100000000002,1.12,1
18.08.2021 01:18:35.977,1.3618700000000001,1.36172,1,1.5
18.08.2021 01:18:37.555,1.3619,1.3617299999999999,1,1
18.08.2021 01:18:37.656,1.3619100000000002,1.36174,1.12,1
18.08.2021 01:18:40.077,1.36189,1.3617299999999999,1,1.12
18.08.2021 01:19:39.973,1.3618700000000001,1.3617000000000001,1,2
18.08.2021 01:19:42.609,1.3618700000000001,1.3617000000000001,1,1.5
18.08.2021 01:19:42.820,1.36188,1.3617299999999999,1,1.5
18.08.2021 01:19:43.242,1.36188,1.3617299999999999,1,1.5
18.08.2021 01:19:44.346,1.3619,1.3617299999999999,1,1.5
18.08.2021 01:19:44.468,1.3619,1.36174,1,1.5
18.08.2021 01:19:44.607,1.3619100000000002,1.3617299999999999,1.12,1.5
18.08.2021 01:19:46.681,1.36189,1.36174,1,1.5
18.08.2021 01:19:57.293,1.3619,1.36172,1,1.5
18.08.2021 01:19:57.951,1.36193,1.36175,1,1.5
18.08.2021 01:19:58.051,1.36196,1.3618100000000002,1,1
18.08.2021 01:19:58.102,1.3619700000000001,1.36179,1,1.12
18.08.2021 01:19:58.153,1.3619700000000001,1.36179,1,1.5
18.08.2021 01:19:58.254,1.36193,1.36178,1,1.62
18.08.2021 01:19:58.430,1.36194,1.3617700000000001,1,1.62
18.08.2021 01:19:58.537,1.36194,1.36178,1,2.45
18.08.2021 01:19:59.684,1.36195,1.36179,1,1
18.08.2021 01:20:03.792,1.36193,1.3617700000000001,1,2.45
18.08.2021 01:20:03.950,1.36194,1.3617700000000001,1,2.45
18.08.2021 01:20:14.701,1.36196,1.3618100000000002,1,1.5
18.08.2021 01:20:16.120,1.36196,1.3618100000000002,1,1.5
18.08.2021 01:20:16.399,1.3619700000000001,1.3618000000000001,1,1.5
18.08.2021 01:20:16.710,1.36196,1.3618100000000002,1,1.12
18.08.2021 01:20:17.107,1.36195,1.3618000000000001,1,1.12
18.08.2021 01:20:17.385,1.36193,1.36179,1,1
18.08.2021 01:20:17.757,1.36193,1.36178,1,1.12
18.08.2021 01:20:20.222,1.3619200000000002,1.36175,1,1.5
18.08.2021 01:20:20.948,1.3619200000000002,1.36174,1,1.12
18.08.2021 01:20:21.402,1.36189,1.36174,1,2.25
18.08.2021 01:20:21.503,1.36188,1.36174,1,1.5
18.08.2021 01:20:21.604,1.36189,1.36172,1,1
18.08.2021 01:20:25.711,1.3618700000000001,1.36172,1,1
18.08.2021 01:20:26.114,1.3618700000000001,1.3617299999999999,1,1
18.08.2021 01:20:26.677,1.36189,1.36172,1,1.5
18.08.2021 01:20:43.790,1.36189,1.36174,1,1
18.08.2021 01:20:45.313,1.3619,1.36175,1,1
18.08.2021 01:20:52.553,1.36193,1.36176,1,1
18.08.2021 01:20:53.554,1.36193,1.36178,1,1
18.08.2021 01:20:58.177,1.36194,1.36179,1,1
18.08.2021 01:20:58.728,1.36195,1.3618000000000001,1,1
18.08.2021 01:20:59.813,1.36196,1.36178,1,1.5
18.08.2021 01:21:00.200,1.36194,1.36179,1,1.5
18.08.2021 01:21:00.693,1.3619200000000002,1.36178,1,1
18.08.2021 01:21:00.743,1.3619100000000002,1.36175,1,1.5
18.08.2021 01:21:01.015,1.3619,1.36175,1,2.25
18.08.2021 01:21:01.203,1.36188,1.3617299999999999,1,2
18.08.2021 01:21:01.355,1.36189,1.36172,1,1.5
18.08.2021 01:21:01.780,1.3618700000000001,1.3617299999999999,1,1
18.08.2021 01:21:02.208,1.3618700000000001,1.36172,1,1
18.08.2021 01:21:05.349,1.36186,1.3617100000000002,1,1.5
18.08.2021 01:21:05.500,1.3618700000000001,1.36172,1,1
18.08.2021 01:21:07.978,1.36185,1.3617100000000002,1,1
18.08.2021 01:21:10.819,1.36185,1.3617000000000001,1,1.12
18.08.2021 01:21:40.706,1.36183,1.36168,1,1.5
18.08.2021 01:21:41.747,1.36182,1.36168,1,1.12
18.08.2021 01:21:59.469,1.36183,1.3616700000000002,1,1.5
18.08.2021 01:22:10.815,1.36182,1.36168,1,1.12
18.08.2021 01:22:13.385,1.36183,1.3616700000000002,1,1.5
18.08.2021 01:22:14.352,1.36183,1.3616700000000002,1,1.12
18.08.2021 01:22:20.369,1.36182,1.36168,1,1.5
18.08.2021 01:22:22.375,1.36182,1.36168,1,1.12
18.08.2021 01:22:25.327,1.3618100000000002,1.36166,1,1.5
18.08.2021 01:22:25.377,1.36179,1.36164,1,1
18.08.2021 01:22:25.428,1.3617700000000001,1.3616100000000002,1,1
18.08.2021 01:22:25.529,1.36175,1.36159,1,2.62
18.08.2021 01:22:25.579,1.3617299999999999,1.36158,1,1
18.08.2021 01:22:25.680,1.36172,1.3615700000000002,1,2.07
18.08.2021 01:22:27.049,1.36175,1.3615700000000002,1,1.12
18.08.2021 01:22:32.853,1.36176,1.36158,1,1
18.08.2021 01:22:35.185,1.36176,1.3616000000000001,1,1
18.08.2021 01:22:36.546,1.36179,1.3616100000000002,1,1
18.08.2021 01:22:36.647,1.3618000000000001,1.36162,1,1
18.08.2021 01:22:57.078,1.36178,1.36163,1,1
18.08.2021 01:22:57.179,1.36175,1.36163,1,1
18.08.2021 01:23:04.822,1.36178,1.36163,1,1
18.08.2021 01:24:02.646,1.36179,1.36164,1,1
18.08.2021 01:24:02.908,1.36174,1.36164,1,1
18.08.2021 01:24:03.278,1.36179,1.36164,1,1
18.08.2021 01:24:07.295,1.3618000000000001,1.36162,1,1
18.08.2021 01:24:23.426,1.36178,1.3616100000000002,1,1
18.08.2021 01:24:34.192,1.36176,1.36159,1,1
18.08.2021 01:25:28.745,1.36176,1.36162,1,1
18.08.2021 01:25:38.536,1.36174,1.3616000000000001,1,1
18.08.2021 01:25:38.637,1.36172,1.36158,1,1
18.08.2021 01:25:38.738,1.36168,1.36154,1,2
18.08.2021 01:25:38.839,1.36169,1.36153,1,2
18.08.2021 01:25:39.915,1.36168,1.36154,1,1.87
18.08.2021 01:25:47.491,1.36166,1.36151,1,1.5
18.08.2021 01:25:47.591,1.36164,1.36149,1,1
18.08.2021 01:25:47.692,1.36163,1.36148,1,1
18.08.2021 01:25:47.844,1.3616100000000002,1.3614700000000002,1,1
18.08.2021 01:26:33.968,1.36168,1.3615000000000002,3.6,1
18.08.2021 01:26:35.012,1.3616700000000002,1.36151,2.32,1
18.08.2021 01:26:36.122,1.36168,1.36151,1.5,1
18.08.2021 01:26:36.223,1.36168,1.36153,1.12,1
18.08.2021 01:26:36.525,1.36169,1.36154,1,1
18.08.2021 01:26:36.626,1.36169,1.36155,1.5,1
18.08.2021 01:26:36.676,1.3617000000000001,1.36152,1.5,1
18.08.2021 01:26:36.727,1.36169,1.36158,1.5,1
18.08.2021 01:26:36.777,1.3617100000000002,1.36158,1.5,1
18.08.2021 01:26:38.705,1.3617299999999999,1.3615700000000002,1.87,1
18.08.2021 01:26:39.721,1.3617299999999999,1.3615700000000002,2.37,1
18.08.2021 01:26:40.706,1.36172,1.36158,1.87,1
18.08.2021 01:26:42.503,1.3617299999999999,1.3616000000000001,2.37,1
18.08.2021 01:26:42.707,1.3617299999999999,1.3616000000000001,1.87,1
18.08.2021 01:26:43.485,1.3617299999999999,1.36158,1.87,1
18.08.2021 01:26:45.323,1.36174,1.36159,1.87,1
18.08.2021 01:26:46.489,1.36174,1.36159,2,1
18.08.2021 01:26:50.707,1.3617299999999999,1.36158,2,1
18.08.2021 01:26:56.366,1.36172,1.3616000000000001,1.12,1
18.08.2021 01:26:56.559,1.3617299999999999,1.3616000000000001,1.12,1
18.08.2021 01:26:59.001,1.36172,1.36158,1,1
18.08.2021 01:26:59.102,1.36172,1.36159,1,1
18.08.2021 01:26:59.216,1.3617299999999999,1.36158,1.5,1
18.08.2021 01:27:03.582,1.36172,1.36159,1,1
18.08.2021 01:27:05.170,1.3617299999999999,1.36159,1,1
18.08.2021 01:27:07.669,1.36175,1.3616000000000001,2.37,1
18.08.2021 01:27:10.193,1.36176,1.36158,2.75,1
18.08.2021 01:27:11.501,1.36174,1.36159,1,1
18.08.2021 01:27:12.476,1.3617299999999999,1.36159,1,1
18.08.2021 01:27:13.444,1.36175,1.36158,3.12,1
18.08.2021 01:27:15.473,1.36174,1.36159,1.87,1
18.08.2021 01:27:15.802,1.36174,1.3616000000000001,1.87,1
18.08.2021 01:27:16.329,1.36174,1.36159,1.87,1
18.08.2021 01:27:16.456,1.36175,1.36158,2,1
18.08.2021 01:27:16.603,1.36175,1.36159,2,1
18.08.2021 01:27:17.462,1.36175,1.36159,1.87,1
18.08.2021 01:27:18.564,1.36174,1.36159,2.25,1
18.08.2021 01:27:18.842,1.36175,1.36158,3.5,1
18.08.2021 01:27:18.993,1.3617299999999999,1.36159,1.5,1
18.08.2021 01:27:19.312,1.3617299999999999,1.36158,2,1
18.08.2021 01:27:19.968,1.36174,1.3615700000000002,1.5,1
18.08.2021 01:27:20.270,1.3617299999999999,1.3616000000000001,1.12,1
18.08.2021 01:27:20.474,1.36174,1.36158,1.12,1
18.08.2021 01:27:20.646,1.36174,1.36159,1.12,1
18.08.2021 01:27:20.898,1.36174,1.3615700000000002,1,1
18.08.2021 01:27:21.205,1.36175,1.36159,2.37,1
18.08.2021 01:27:21.357,1.36175,1.36158,3.12,1
18.08.2021 01:27:22.969,1.36175,1.36158,2.75,1
18.08.2021 01:27:25.716,1.3617299999999999,1.36159,1,1
18.08.2021 01:27:29.431,1.36174,1.36159,3.5,1
18.08.2021 01:27:30.083,1.36174,1.36156,2.75,1
18.08.2021 01:27:30.234,1.3617100000000002,1.3615700000000002,1,1
18.08.2021 01:27:30.342,1.3617000000000001,1.36156,1.12,1
18.08.2021 01:27:31.192,1.3617100000000002,1.36154,1.87,1
18.08.2021 01:27:32.687,1.3617100000000002,1.36155,1.12,1
18.08.2021 01:27:34.146,1.3617100000000002,1.36156,2.62,1
18.08.2021 01:27:50.202,1.36172,1.3615700000000002,1,1
18.08.2021 01:27:50.415,1.3617299999999999,1.3615700000000002,1.87,1
18.08.2021 01:27:59.992,1.36174,1.36156,3.2,1
18.08.2021 01:28:00.394,1.36172,1.36155,1,1
18.08.2021 01:28:08.940,1.3617100000000002,1.36154,1,1
18.08.2021 01:28:09.857,1.3617000000000001,1.36155,1.62,1
18.08.2021 01:28:10.920,1.3617100000000002,1.36154,1.5,1
18.08.2021 01:28:11.937,1.36172,1.36154,1.5,1
18.08.2021 01:28:12.436,1.36172,1.3615700000000002,2.45,1
18.08.2021 01:28:12.963,1.36172,1.3615700000000002,1.87,1
18.08.2021 01:28:13.922,1.3617299999999999,1.36156,2.37,1
18.08.2021 01:28:18.616,1.3617299999999999,1.36156,1,1
18.08.2021 01:28:19.278,1.3617299999999999,1.36158,2.75,1
18.08.2021 01:28:19.607,1.3617299999999999,1.36158,1.12,1
18.08.2021 01:28:20.551,1.36174,1.36158,1.5,1
18.08.2021 01:28:20.750,1.36174,1.36159,1,1
18.08.2021 01:28:26.171,1.36175,1.36158,2.07,1
18.08.2021 01:28:27.159,1.3617299999999999,1.36159,1,1
18.08.2021 01:28:28.159,1.36174,1.36158,1,1
18.08.2021 01:28:29.160,1.3617299999999999,1.36159,1.5,1
18.08.2021 01:28:32.667,1.36174,1.36158,1.62,1
18.08.2021 01:28:33.618,1.36174,1.36158,1.5,1
18.08.2021 01:28:34.659,1.36174,1.36158,1.5,1
18.08.2021 01:28:41.997,1.36174,1.36159,3.87,1
18.08.2021 01:28:51.698,1.36174,1.36159,1.5,1
18.08.2021 01:28:59.100,1.36174,1.3616000000000001,1,1
18.08.2021 01:28:59.201,1.36175,1.3616100000000002,1,1
18.08.2021 01:28:59.302,1.36176,1.36162,1,1
18.08.2021 01:28:59.404,1.36178,1.36164,1.12,1
18.08.2021 01:28:59.556,1.36179,1.36164,1.5,1
18.08.2021 01:28:59.972,1.3618000000000001,1.36164,1.5,1
18.08.2021 01:29:00.128,1.3618100000000002,1.36164,1.5,1
18.08.2021 01:29:00.383,1.36182,1.36165,2.85,1
18.08.2021 01:29:00.585,1.36182,1.3616700000000002,1.1,1
18.08.2021 01:29:00.686,1.36184,1.3616700000000002,2.47,1
18.08.2021 01:29:01.046,1.36185,1.3616700000000002,2.85,1
18.08.2021 01:29:07.050,1.36185,1.3616700000000002,1.2,1
18.08.2021 01:29:19.930,1.36183,1.36166,1.5,1
18.08.2021 01:29:20.031,1.3618100000000002,1.3616700000000002,1,1
18.08.2021 01:29:20.401,1.3618100000000002,1.36166,1.5,1
18.08.2021 01:29:22.955,1.36182,1.36164,2.25,1
18.08.2021 01:29:26.379,1.36179,1.36162,1,1
18.08.2021 01:29:28.076,1.36176,1.3616000000000001,1,1.12
18.08.2021 01:29:47.244,1.36176,1.36162,1,1
18.08.2021 01:29:57.644,1.3618000000000001,1.36164,1.5,1
18.08.2021 01:29:57.795,1.3618100000000002,1.36164,1.12,1
18.08.2021 01:30:00.578,1.36184,1.3616700000000002,1.87,1
18.08.2021 01:30:00.679,1.36182,1.3617100000000002,1,1
18.08.2021 01:30:00.780,1.36185,1.3617299999999999,1,1
18.08.2021 01:30:00.831,1.36186,1.36174,1,1
18.08.2021 01:30:00.881,1.36189,1.36174,1.12,1
18.08.2021 01:30:00.982,1.3619,1.36174,1.12,1
18.08.2021 01:30:01.599,1.3619,1.36175,3,1
18.08.2021 01:30:02.171,1.3618700000000001,1.36172,1.87,1
18.08.2021 01:30:02.272,1.36185,1.3617000000000001,1,1
18.08.2021 01:30:05.023,1.36185,1.36169,1,1
18.08.2021 01:30:05.225,1.36185,1.3616700000000002,1,1
18.08.2021 01:30:10.635,1.36185,1.3616700000000002,1.6,1
18.08.2021 01:30:10.736,1.36182,1.3616700000000002,1,1
18.08.2021 01:30:11.456,1.3618100000000002,1.36164,1,1
18.08.2021 01:30:12.204,1.3618000000000001,1.36163,1,1
18.08.2021 01:30:13.218,1.3618100000000002,1.36165,1.12,1
18.08.2021 01:30:20.609,1.36182,1.36166,1.5,1
18.08.2021 01:30:21.918,1.3618100000000002,1.36165,1.12,1
18.08.2021 01:30:22.778,1.36183,1.36168,2,1
18.08.2021 01:30:22.937,1.36183,1.36168,1.87,1
18.08.2021 01:30:23.641,1.36184,1.36169,1.12,1
18.08.2021 01:30:23.792,1.36186,1.36169,1.12,1
18.08.2021 01:30:24.986,1.3618700000000001,1.3617100000000002,2,1
18.08.2021 01:30:25.893,1.36189,1.3617000000000001,1.95,1
18.08.2021 01:30:26.418,1.36189,1.3617000000000001,2.75,1
18.08.2021 01:30:27.985,1.36189,1.3617100000000002,1,1
18.08.2021 01:30:33.103,1.36189,1.36172,1.6,1
18.08.2021 01:30:37.272,1.3619,1.36175,1.6,1
18.08.2021 01:30:37.449,1.3619100000000002,1.36174,1,1
18.08.2021 01:30:37.550,1.3619200000000002,1.36175,1.57,1
18.08.2021 01:30:37.885,1.3619200000000002,1.3617700000000001,1,1
18.08.2021 01:30:39.750,1.3619100000000002,1.36176,1.12,1
18.08.2021 01:30:40.259,1.36189,1.36174,1,1
18.08.2021 01:30:44.361,1.36189,1.36172,1,1
18.08.2021 01:30:50.375,1.3619,1.3617299999999999,1,1
18.08.2021 01:31:05.381,1.3619,1.36175,1,1
18.08.2021 01:31:11.136,1.36189,1.36174,1,1
18.08.2021 01:31:17.923,1.3619100000000002,1.3617299999999999,1,1
18.08.2021 01:31:19.027,1.3619100000000002,1.36176,1.12,1
18.08.2021 01:31:25.081,1.36193,1.36178,1.12,1
18.08.2021 01:31:27.550,1.36194,1.36178,1.12,1
18.08.2021 01:31:32.919,1.36196,1.3618000000000001,2.1,1
18.08.2021 01:31:35.710,1.36196,1.3617700000000001,2.26,1
18.08.2021 01:31:39.776,1.3619,1.36174,1,1
18.08.2021 01:31:40.663,1.36189,1.3617299999999999,1,1
18.08.2021 01:31:40.764,1.3618700000000001,1.3617100000000002,1,1.12
18.08.2021 01:31:40.865,1.36186,1.36172,1,1.5
18.08.2021 01:31:40.966,1.36185,1.3617100000000002,1.5,1.12
18.08.2021 01:31:41.016,1.36182,1.36168,1,1.5
18.08.2021 01:31:41.067,1.3618100000000002,1.3616700000000002,1,1.5
18.08.2021 01:31:41.168,1.3618100000000002,1.3616700000000002,1,1.12
18.08.2021 01:31:46.666,1.36185,1.36168,2.25,1
18.08.2021 01:31:51.229,1.36183,1.36166,1,1
18.08.2021 01:31:51.330,1.3618000000000001,1.36164,1,1.5
18.08.2021 01:31:51.481,1.3618100000000002,1.36163,1,1.12
18.08.2021 01:31:51.639,1.36179,1.36164,1,1
18.08.2021 01:32:15.466,1.36176,1.3616100000000002,1,1.12
18.08.2021 01:32:15.617,1.36175,1.3616000000000001,1,1.12
18.08.2021 01:32:16.273,1.3617700000000001,1.3616000000000001,1,1
18.08.2021 01:32:18.797,1.36176,1.36159,1,1
18.08.2021 01:32:19.036,1.3617700000000001,1.3616000000000001,1,1
18.08.2021 01:32:21.167,1.36174,1.36159,1,1
18.08.2021 01:32:30.066,1.36176,1.3616100000000002,1,1
18.08.2021 01:32:32.576,1.3617700000000001,1.3616000000000001,2.75,1
18.08.2021 01:32:32.626,1.36174,1.3615700000000002,1,1.12
18.08.2021 01:32:32.727,1.3617100000000002,1.36156,1.12,1.62
18.08.2021 01:32:32.828,1.3617100000000002,1.36156,1,1.5
18.08.2021 01:32:32.929,1.36174,1.3615700000000002,1.12,1
18.08.2021 01:32:48.780,1.36174,1.3615700000000002,1.5,1.12
18.08.2021 01:32:55.766,1.3617100000000002,1.3615700000000002,1,1.5
18.08.2021 01:32:55.867,1.3617100000000002,1.3615700000000002,1.5,1.5
18.08.2021 01:32:56.477,1.3617299999999999,1.3615700000000002,1,1
18.08.2021 01:32:56.528,1.36175,1.36162,1.62,1
18.08.2021 01:32:56.578,1.3617700000000001,1.3616100000000002,1.5,1
18.08.2021 01:33:03.265,1.36178,1.36163,1.5,1
18.08.2021 01:33:03.468,1.3618000000000001,1.36162,1.12,1
18.08.2021 01:33:05.835,1.36178,1.36163,1,1
18.08.2021 01:33:06.630,1.36179,1.36164,1,1
18.08.2021 01:33:07.823,1.3618000000000001,1.36164,1,1
18.08.2021 01:33:08.027,1.3618100000000002,1.36166,1.12,1
18.08.2021 01:33:23.256,1.36183,1.36169,1.12,1
18.08.2021 01:33:23.357,1.3618700000000001,1.36169,2.82,1
18.08.2021 01:33:23.458,1.36188,1.3617000000000001,2.82,1
18.08.2021 01:33:23.509,1.3618700000000001,1.3617100000000002,1.2,1
18.08.2021 01:33:23.610,1.36189,1.3617100000000002,1.1,1
18.08.2021 01:33:23.761,1.3619,1.3617100000000002,3.22,1
18.08.2021 01:33:24.533,1.36189,1.36172,1.95,1
18.08.2021 01:33:24.634,1.3619100000000002,1.36172,3.6,1
18.08.2021 01:33:25.246,1.3619200000000002,1.36174,1.6,1
18.08.2021 01:33:25.297,1.36193,1.36174,3.1,1
18.08.2021 01:33:25.398,1.3619200000000002,1.36176,1.1,1
18.08.2021 01:33:25.499,1.3619200000000002,1.36176,1.1,1
18.08.2021 01:33:27.298,1.36195,1.3617700000000001,3.22,1
18.08.2021 01:33:27.399,1.36195,1.3617700000000001,1.6,1
18.08.2021 01:33:27.550,1.36193,1.36175,1.12,1
18.08.2021 01:33:27.719,1.3619200000000002,1.36175,1.12,1
18.08.2021 01:33:28.298,1.3619100000000002,1.36175,1,1
18.08.2021 01:33:28.550,1.36193,1.36176,1,1
18.08.2021 01:33:42.539,1.36194,1.36176,1,1
18.08.2021 01:33:43.478,1.36194,1.36178,1.12,1
18.08.2021 01:33:43.579,1.36198,1.3618000000000001,1.7,1
18.08.2021 01:33:43.680,1.36198,1.3618000000000001,1.2,1
18.08.2021 01:33:44.522,1.3619700000000001,1.36179,1,1
18.08.2021 01:33:57.188,1.3619700000000001,1.36179,1.5,1
18.08.2021 01:33:57.289,1.36195,1.36178,1,1
18.08.2021 01:34:02.024,1.36196,1.36179,1,1
18.08.2021 01:34:07.689,1.36194,1.3618000000000001,1,1
18.08.2021 01:34:24.793,1.36196,1.36179,1,1
18.08.2021 01:34:27.897,1.36196,1.3618100000000002,1,1
18.08.2021 01:34:30.391,1.36195,1.3618000000000001,1,1
18.08.2021 01:34:35.385,1.36196,1.3618100000000002,1,1
18.08.2021 01:34:38.582,1.36199,1.36182,1.12,1
18.08.2021 01:34:41.924,1.36198,1.3618100000000002,1,1
18.08.2021 01:34:54.638,1.36198,1.36183,1,1
18.08.2021 01:34:54.962,1.36198,1.36185,1,1
18.08.2021 01:34:57.786,1.362,1.36185,1,1
18.08.2021 01:35:00.695,1.3620100000000002,1.36186,1.12,1
18.08.2021 01:35:03.645,1.3620400000000001,1.3618700000000001,1.62,1
18.08.2021 01:35:03.774,1.3620400000000001,1.3618700000000001,1.12,1
18.08.2021 01:35:22.667,1.362,1.36186,1,1
18.08.2021 01:35:51.443,1.3620200000000002,1.36188,1,1
18.08.2021 01:35:59.263,1.36205,1.3619,1.5,1
18.08.2021 01:35:59.862,1.36206,1.36189,1.5,1
18.08.2021 01:36:05.176,1.36205,1.36189,1,1
18.08.2021 01:36:06.224,1.36205,1.3619,1.5,1
18.08.2021 01:36:12.531,1.36205,1.3619100000000002,1,1
18.08.2021 01:36:12.632,1.36208,1.36193,1.62,1
18.08.2021 01:36:12.683,1.36208,1.36194,1.5,1
18.08.2021 01:36:12.733,1.3621,1.36196,1,1
18.08.2021 01:36:12.834,1.3621100000000002,1.36196,1.2,1
18.08.2021 01:36:12.885,1.3621200000000002,1.36198,1,1
18.08.2021 01:36:12.935,1.3621200000000002,1.36195,1.5,1
18.08.2021 01:36:13.037,1.36213,1.36196,1.62,1
18.08.2021 01:36:13.445,1.36213,1.36196,1.7,1
18.08.2021 01:36:17.542,1.3621200000000002,1.36195,1.12,1
18.08.2021 01:36:22.665,1.3621100000000002,1.36194,1,1
18.08.2021 01:36:25.845,1.36209,1.3619200000000002,1,1
18.08.2021 01:36:38.218,1.3621,1.36193,1.62,1
18.08.2021 01:36:41.499,1.3621,1.36193,1.5,1
18.08.2021 01:36:46.002,1.3621100000000002,1.36194,1.5,1
18.08.2021 01:36:49.171,1.3621,1.36194,1.12,1
18.08.2021 01:36:54.718,1.36208,1.36193,1,1
18.08.2021 01:36:55.250,1.3621,1.36194,1,1
18.08.2021 01:36:56.211,1.3621100000000002,1.36194,1,1
18.08.2021 01:36:59.975,1.36213,1.36196,1.5,1
18.08.2021 01:37:02.268,1.36213,1.36196,1,1
18.08.2021 01:37:03.400,1.3621100000000002,1.36196,1,1
18.08.2021 01:37:08.395,1.3621100000000002,1.36196,2.75,1
18.08.2021 01:37:18.643,1.3621200000000002,1.36195,1.12,1
18.08.2021 01:37:31.347,1.36213,1.36198,1.12,1
18.08.2021 01:37:31.448,1.3621400000000001,1.36199,3,1
18.08.2021 01:37:31.650,1.36216,1.36199,1.5,1
18.08.2021 01:37:31.751,1.36217,1.3620100000000002,1.62,1
18.08.2021 01:37:31.902,1.36217,1.36199,1.12,1
18.08.2021 01:37:33.245,1.36218,1.3620100000000002,1,1
18.08.2021 01:37:56.989,1.36219,1.3620200000000002,1,1.12
18.08.2021 01:37:57.090,1.3622200000000002,1.36205,1.62,1
18.08.2021 01:37:58.023,1.3622200000000002,1.36205,1,1
18.08.2021 01:37:58.512,1.3622200000000002,1.3620700000000001,1.5,1
18.08.2021 01:37:59.042,1.36225,1.3620700000000001,1.62,1
18.08.2021 01:38:00.407,1.36225,1.3620700000000001,1,1
18.08.2021 01:38:03.756,1.36226,1.36209,1,1
18.08.2021 01:38:04.013,1.36228,1.3621,1,1
18.08.2021 01:38:08.700,1.36226,1.36209,1,1
18.08.2021 01:38:08.801,1.3622400000000001,1.36209,1,1
18.08.2021 01:38:27.421,1.36226,1.3621100000000002,1.12,1
18.08.2021 01:38:28.127,1.36229,1.3621100000000002,1,1
18.08.2021 01:38:28.227,1.36228,1.36215,1,1
18.08.2021 01:38:28.278,1.36229,1.3621100000000002,1,1
18.08.2021 01:38:28.328,1.36229,1.3621400000000001,1.12,1
18.08.2021 01:38:28.801,1.36227,1.36213,1,1
18.08.2021 01:38:30.327,1.36228,1.3621400000000001,1,1
18.08.2021 01:38:30.431,1.36228,1.3621200000000002,1,1
18.08.2021 01:38:44.057,1.3623100000000001,1.36216,1.5,1
18.08.2021 01:38:44.158,1.3623100000000001,1.36217,1,1
18.08.2021 01:38:44.259,1.36233,1.3622,1,1
18.08.2021 01:38:44.360,1.36233,1.3622100000000001,1,1
18.08.2021 01:38:44.512,1.36237,1.3622200000000002,1.6,1
18.08.2021 01:38:46.859,1.36238,1.3622200000000002,1.6,1
18.08.2021 01:38:48.340,1.3624,1.3622200000000002,2,1
18.08.2021 01:38:48.391,1.36236,1.36223,1,1
18.08.2021 01:38:48.442,1.3624,1.3622200000000002,1.5,1
18.08.2021 01:38:48.809,1.36239,1.3622400000000001,1.5,1
18.08.2021 01:38:49.247,1.36239,1.3622400000000001,1,1
18.08.2021 01:38:52.267,1.3624,1.36226,2.82,1
18.08.2021 01:38:52.540,1.3624,1.36226,1.12,1
18.08.2021 01:38:53.287,1.3624100000000001,1.36227,1,1
18.08.2021 01:38:58.033,1.3624100000000001,1.36227,1,1
18.08.2021 01:39:00.053,1.3624200000000002,1.36227,3.5,1
18.08.2021 01:39:00.501,1.3624200000000002,1.36228,2.75,1
18.08.2021 01:39:00.603,1.3624200000000002,1.36228,1,1
18.08.2021 01:39:01.001,1.3624200000000002,1.3623,1,1
18.08.2021 01:39:04.114,1.3624200000000002,1.36228,1,1
18.08.2021 01:39:04.337,1.36243,1.36226,1.5,1
18.08.2021 01:39:09.419,1.3624100000000001,1.36226,1,1
18.08.2021 01:39:12.634,1.36243,1.36226,1.12,1
18.08.2021 01:39:22.304,1.3624100000000001,1.36226,1,1
18.08.2021 01:39:22.355,1.3624100000000001,1.36228,1,1
18.08.2021 01:39:28.720,1.3624,1.36223,1,1
18.08.2021 01:39:30.844,1.36238,1.36223,1,1
18.08.2021 01:39:32.507,1.36237,1.3622200000000002,1,1
18.08.2021 01:39:32.608,1.36237,1.3622100000000001,1.12,1
18.08.2021 01:39:32.658,1.3623500000000002,1.3622,1,1
18.08.2021 01:39:34.539,1.36234,1.36219,1,1
18.08.2021 01:39:34.640,1.3623200000000002,1.36215,1,1.12
18.08.2021 01:39:34.741,1.3623100000000001,1.3621400000000001,1,2.25
18.08.2021 01:39:37.072,1.36233,1.36216,1.12,1
18.08.2021 01:39:37.602,1.3623500000000002,1.36217,3.57,1
18.08.2021 01:39:38.609,1.36234,1.36218,1.57,1
18.08.2021 01:39:43.715,1.3623500000000002,1.36217,2.37,1
18.08.2021 01:39:44.649,1.3623200000000002,1.36217,1,1
18.08.2021 01:39:49.096,1.36233,1.36215,1.5,1
18.08.2021 01:39:53.505,1.36234,1.36216,2.45,1
18.08.2021 01:39:53.760,1.36234,1.36216,1.5,1
18.08.2021 01:39:53.963,1.36234,1.36217,1.12,1
18.08.2021 01:39:54.774,1.3623500000000002,1.3622,2,1
18.08.2021 01:39:56.785,1.36237,1.3622,1.2,1
18.08.2021 01:40:00.400,1.3623500000000002,1.3622,2.07,1
18.08.2021 01:40:00.451,1.36234,1.36217,1,1
18.08.2021 01:40:01.654,1.36234,1.36218,1.57,1
18.08.2021 01:40:01.755,1.3623500000000002,1.36219,1.57,1
18.08.2021 01:40:03.943,1.36228,1.36213,1,1.5
18.08.2021 01:40:04.784,1.36227,1.36213,1,1.5
18.08.2021 01:40:05.241,1.36226,1.36213,1,1.5
18.08.2021 01:40:06.293,1.36225,1.3621200000000002,1,1.5
18.08.2021 01:40:06.789,1.36225,1.3621200000000002,1,1.12
18.08.2021 01:40:07.297,1.36223,1.3621200000000002,1,1
18.08.2021 01:40:09.204,1.3622400000000001,1.3621200000000002,1,1
18.08.2021 01:40:16.112,1.36223,1.3621200000000002,1,1
18.08.2021 01:40:16.649,1.36223,1.3621,1,1.12
18.08.2021 01:40:19.342,1.3622400000000001,1.3621,1,1.12
18.08.2021 01:40:19.444,1.3622400000000001,1.3621,1,1.5
18.08.2021 01:40:20.231,1.36225,1.3621,1,1.5
18.08.2021 01:40:20.870,1.36228,1.3621,1,1.62
18.08.2021 01:40:20.971,1.36228,1.3621,1,1.7
18.08.2021 01:40:21.072,1.36226,1.3621,1,1.7
18.08.2021 01:40:21.173,1.36225,1.3621100000000002,1,1.7
18.08.2021 01:40:21.357,1.3622400000000001,1.3621100000000002,1,1.7
18.08.2021 01:40:21.407,1.36227,1.3621100000000002,1,1
18.08.2021 01:40:21.458,1.3622400000000001,1.3621,1,1.12
18.08.2021 01:40:21.559,1.36229,1.36213,1,1.12
18.08.2021 01:40:21.761,1.36229,1.36213,1,1.5
18.08.2021 01:40:21.882,1.36229,1.36213,1,1.5
18.08.2021 01:40:22.928,1.36229,1.36213,1,1.7
18.08.2021 01:40:23.897,1.36228,1.3621400000000001,1,1.5
18.08.2021 01:40:25.678,1.3623,1.3621400000000001,1,1.5
18.08.2021 01:40:25.798,1.3623,1.36215,1,1.5
18.08.2021 01:40:28.899,1.3623,1.3621400000000001,1,2.1
18.08.2021 01:40:34.038,1.3623100000000001,1.36216,1,1.6
18.08.2021 01:40:34.962,1.3623100000000001,1.36216,1,1.2
18.08.2021 01:40:37.230,1.36229,1.36216,1,1.12
18.08.2021 01:40:39.543,1.3623,1.36215,1,2.45
18.08.2021 01:40:40.912,1.3623,1.36215,1,1.7
18.08.2021 01:40:41.025,1.3623,1.36217,1,1
18.08.2021 01:40:41.126,1.3623200000000002,1.36217,1,1
18.08.2021 01:40:41.771,1.3623200000000002,1.36216,1,1
18.08.2021 01:40:44.971,1.36233,1.36216,1,2.37
18.08.2021 01:40:45.072,1.36233,1.3622,1,2.25
18.08.2021 01:40:45.173,1.36237,1.3622200000000002,1,1
18.08.2021 01:40:45.224,1.36238,1.36223,1,1
18.08.2021 01:40:45.534,1.36238,1.36223,1,1.5
18.08.2021 01:40:45.809,1.36238,1.3622400000000001,1,1.5
18.08.2021 01:40:48.149,1.3624,1.3622400000000001,1,1.12
18.08.2021 01:40:48.339,1.36239,1.36225,1,1.5
18.08.2021 01:40:59.322,1.3624,1.3622400000000001,1,1.12
18.08.2021 01:41:00.352,1.3624,1.3622400000000001,1,1.6
18.08.2021 01:41:00.477,1.3624,1.36223,1,1.72
18.08.2021 01:41:01.234,1.3624,1.3622400000000001,1,1.7
18.08.2021 01:41:05.629,1.3624100000000001,1.3622400000000001,1,2.45
18.08.2021 01:41:15.038,1.3624,1.36225,1,2.25
18.08.2021 01:41:20.964,1.3624100000000001,1.3622400000000001,1,2.37
18.08.2021 01:41:21.484,1.36239,1.36225,1,1.62
