Gmt time,Ask,Bid,AskVolume,BidVolume
25.08.2021 00:00:00.035,1.35446,1.3542100000000001,1.7,1.12
25.08.2021 00:00:00.146,1.3544200000000002,1.3542200000000002,1,1.12
25.08.2021 00:00:00.297,1.35443,1.3542100000000001,1,1
25.08.2021 00:00:00.885,1.3544200000000002,1.3542,1,1.5
25.08.2021 00:00:01.036,1.3543500000000002,1.35418,1.12,1
25.08.2021 00:00:01.137,1.3543500000000002,1.35418,2,1
25.08.2021 00:00:01.253,1.35437,1.3541200000000002,1.72,1.5
25.08.2021 00:00:01.354,1.35434,1.3541100000000001,1.6,1.5
25.08.2021 00:00:01.455,1.35434,1.3541100000000001,1.6,1.5
25.08.2021 00:00:02.235,1.35434,1.3541100000000001,1.6,1
25.08.2021 00:00:21.699,1.35433,1.3541,1,1
25.08.2021 00:00:21.850,1.35433,1.3541,1,1
25.08.2021 00:00:29.028,1.3543200000000002,1.3541,1.81,1
25.08.2021 00:00:30.116,1.3543200000000002,1.35408,1.1,1.12
25.08.2021 00:00:30.375,1.3543100000000001,1.35407,1.85,2
25.08.2021 00:00:30.476,1.3543,1.35406,1.1,1.5
25.08.2021 00:00:30.786,1.35429,1.35407,1.1,1
25.08.2021 00:00:32.690,1.3543,1.35407,1.1,1
25.08.2021 00:00:34.939,1.3543,1.35408,1.72,1
25.08.2021 00:00:35.866,1.35429,1.35407,1.6,1
25.08.2021 00:00:35.967,1.35426,1.35408,1.6,1
25.08.2021 00:00:36.068,1.35426,1.35406,1.72,1
25.08.2021 00:00:36.219,1.3542200000000002,1.35406,1.1,1
25.08.2021 00:00:37.098,1.35423,1.35405,1.1,1
25.08.2021 00:00:41.690,1.3542200000000002,1.35407,1,1
25.08.2021 00:00:53.299,1.3542200000000002,1.35408,1,1
25.08.2021 00:01:03.352,1.35423,1.35406,1,1
25.08.2021 00:01:05.940,1.3542200000000002,1.35408,1,1
25.08.2021 00:01:15.998,1.3542200000000002,1.35408,1,1
25.08.2021 00:01:19.405,1.3542200000000002,1.35408,1,1
25.08.2021 00:01:22.430,1.3542200000000002,1.35408,1,1
25.08.2021 00:01:24.227,1.3542200000000002,1.35407,1,1
25.08.2021 00:01:25.240,1.3542200000000002,1.35407,1,1
25.08.2021 00:01:28.226,1.35423,1.35405,1.5,1
25.08.2021 00:01:28.389,1.35423,1.35405,1.62,1
25.08.2021 00:01:38.410,1.3542200000000002,1.35406,1.6,1
25.08.2021 00:01:43.930,1.3542100000000001,1.3540400000000001,1.12,1
25.08.2021 00:01:51.033,1.35415,1.354,1,1
25.08.2021 00:01:51.515,1.35415,1.35398,1,1
25.08.2021 00:01:53.572,1.3541,1.35395,1,1
25.08.2021 00:01:53.623,1.35409,1.35393,1,1
25.08.2021 00:01:53.674,1.35405,1.35389,1,1.5
25.08.2021 00:01:53.777,1.35407,1.3539100000000002,1.12,1
25.08.2021 00:01:53.878,1.3540400000000001,1.35389,1,1
25.08.2021 00:01:55.705,1.3540400000000001,1.3538700000000001,1,1
25.08.2021 00:01:58.090,1.3540400000000001,1.3538700000000001,1.5,1
25.08.2021 00:01:58.207,1.35403,1.35388,1.12,1
25.08.2021 00:02:05.968,1.3540400000000001,1.3538700000000001,1.62,1
25.08.2021 00:02:15.270,1.3540400000000001,1.3538700000000001,1.12,1
25.08.2021 00:02:15.566,1.3540400000000001,1.35389,1.5,1
25.08.2021 00:02:18.400,1.35405,1.35388,1.12,1
25.08.2021 00:02:27.647,1.35399,1.3538200000000002,1,1.62
25.08.2021 00:02:35.330,1.35398,1.35383,1,1.5
25.08.2021 00:02:39.623,1.3540100000000002,1.3538200000000002,1,2.75
25.08.2021 00:03:01.803,1.3540100000000002,1.35384,1,1
25.08.2021 00:03:55.501,1.35398,1.35384,1,1.5
25.08.2021 00:03:55.602,1.35395,1.35384,1,1
25.08.2021 00:03:55.702,1.3539100000000002,1.35376,1,1
25.08.2021 00:03:55.803,1.3539100000000002,1.35374,1,1.5
25.08.2021 00:03:55.957,1.3539100000000002,1.35373,1,1.5
25.08.2021 00:04:07.142,1.35388,1.35373,1,1
25.08.2021 00:04:07.475,1.3538700000000001,1.35372,1,1
25.08.2021 00:05:57.844,1.35385,1.3537000000000001,1,1
25.08.2021 00:05:57.945,1.3538200000000002,1.35364,1,2.75
25.08.2021 00:05:58.207,1.3538200000000002,1.35364,1,1
25.08.2021 00:05:59.432,1.35379,1.3536299999999999,1,1
25.08.2021 00:05:59.583,1.35378,1.3536100000000002,1,1.5
25.08.2021 00:06:03.409,1.3537700000000001,1.3536000000000001,1,1
25.08.2021 00:06:23.337,1.35374,1.35359,1,1
25.08.2021 00:06:23.438,1.35372,1.3535700000000002,1,1
25.08.2021 00:06:23.488,1.3537100000000002,1.35355,1,1.87
25.08.2021 00:06:45.197,1.35372,1.35356,1,1
25.08.2021 00:06:55.928,1.35372,1.35355,1,1
25.08.2021 00:07:15.447,1.3537100000000002,1.35354,1,1
25.08.2021 00:07:29.552,1.3537100000000002,1.35353,1,1
25.08.2021 00:07:57.219,1.35368,1.35353,1,1
25.08.2021 00:07:57.269,1.35366,1.35351,1,1
25.08.2021 00:07:57.320,1.35365,1.35348,1,1
25.08.2021 00:07:57.422,1.3536100000000002,1.35351,1,1
25.08.2021 00:07:57.583,1.35362,1.35345,1,1
25.08.2021 00:08:38.165,1.3536299999999999,1.35346,1.12,1
25.08.2021 00:08:38.316,1.3536299999999999,1.35348,1.5,1
25.08.2021 00:08:38.722,1.3536299999999999,1.35348,1.12,1
25.08.2021 00:08:39.424,1.35364,1.3534700000000002,1.5,1.5
25.08.2021 00:08:40.447,1.3536299999999999,1.35348,1.12,1.12
25.08.2021 00:08:41.031,1.35362,1.3534700000000002,1,1
25.08.2021 00:08:41.082,1.3536100000000002,1.35345,1,1
25.08.2021 00:09:39.539,1.35362,1.35346,1,1
25.08.2021 00:09:45.710,1.3536000000000001,1.35345,1,1
25.08.2021 00:09:58.230,1.3536000000000001,1.35343,1,1.5
25.08.2021 00:09:59.886,1.3536100000000002,1.35346,1.12,1
25.08.2021 00:10:14.259,1.35362,1.35346,1.12,1
25.08.2021 00:10:19.332,1.3536299999999999,1.35346,1.12,1
25.08.2021 00:10:28.999,1.35365,1.35348,2,1
25.08.2021 00:10:29.491,1.35364,1.35349,1.87,1
25.08.2021 00:10:37.600,1.35365,1.35348,2,1
25.08.2021 00:10:37.701,1.35364,1.35349,1.5,1
25.08.2021 00:10:44.443,1.35366,1.35348,1.87,1
25.08.2021 00:11:00.672,1.35365,1.3535000000000001,1,1
25.08.2021 00:11:01.419,1.35368,1.3535000000000001,2.19,1
25.08.2021 00:11:02.015,1.35368,1.3535000000000001,2.19,1
25.08.2021 00:11:04.018,1.35368,1.3535000000000001,2,1
25.08.2021 00:11:14.685,1.3536700000000002,1.35351,2,1
25.08.2021 00:11:16.733,1.3536700000000002,1.35351,1.5,1
25.08.2021 00:11:35.101,1.35365,1.35351,1.5,1
25.08.2021 00:11:36.113,1.35366,1.3535000000000001,1.12,1
25.08.2021 00:11:40.124,1.35365,1.35351,1.5,1
25.08.2021 00:11:44.830,1.35366,1.35352,1.5,1
25.08.2021 00:11:44.881,1.35368,1.35352,1,1
25.08.2021 00:11:44.932,1.35368,1.3535700000000002,1,1
25.08.2021 00:11:45.033,1.35375,1.3536100000000002,1.5,1
25.08.2021 00:11:45.134,1.3538000000000001,1.35368,1.75,1
25.08.2021 00:11:45.184,1.35383,1.35368,1,1
25.08.2021 00:11:45.285,1.35385,1.35368,1.12,1
25.08.2021 00:11:45.336,1.35386,1.35373,1,1
25.08.2021 00:11:45.386,1.35389,1.35372,1.5,1
25.08.2021 00:11:45.487,1.3539100000000002,1.35376,1,1
25.08.2021 00:11:45.588,1.35394,1.35379,1.5,1
25.08.2021 00:11:45.959,1.35396,1.35378,1.62,1
25.08.2021 00:11:46.060,1.3539700000000001,1.3538100000000002,1.62,1
25.08.2021 00:11:46.161,1.35399,1.3538100000000002,1.5,1
25.08.2021 00:11:46.212,1.354,1.3538200000000002,1.12,1
25.08.2021 00:11:46.313,1.354,1.35383,1,1
25.08.2021 00:11:46.425,1.3540100000000002,1.35384,1.12,1
25.08.2021 00:11:46.673,1.35403,1.35385,1.5,1
25.08.2021 00:11:46.825,1.3540200000000002,1.35386,1.12,1
25.08.2021 00:11:47.129,1.3540400000000001,1.35386,1.5,1
25.08.2021 00:11:47.281,1.35403,1.3538700000000001,1.12,1
25.08.2021 00:11:47.725,1.35405,1.3538700000000001,1.5,1
25.08.2021 00:11:55.701,1.35405,1.35388,1.62,1
25.08.2021 00:12:00.111,1.35406,1.35389,1.5,1
25.08.2021 00:12:00.212,1.35407,1.3539100000000002,1.5,1
25.08.2021 00:12:00.263,1.35407,1.3539100000000002,1.5,1
25.08.2021 00:12:02.138,1.35406,1.3539100000000002,1,1
25.08.2021 00:12:06.781,1.35406,1.35389,1.5,1
25.08.2021 00:12:06.832,1.35408,1.3539100000000002,2.56,1
25.08.2021 00:12:12.767,1.35406,1.3539200000000002,1,1
25.08.2021 00:12:15.155,1.35407,1.3539100000000002,1,1
25.08.2021 00:12:15.206,1.35405,1.3539,1,1
25.08.2021 00:12:15.257,1.35406,1.3539100000000002,1,1
25.08.2021 00:12:15.308,1.35407,1.3539,1,1
25.08.2021 00:12:24.671,1.35407,1.35389,1.5,1
25.08.2021 00:12:24.772,1.35406,1.3539,1.62,1
25.08.2021 00:12:32.077,1.35405,1.35388,1,1
25.08.2021 00:12:35.723,1.35403,1.35386,1,1.5
25.08.2021 00:12:46.742,1.3540400000000001,1.35389,1.5,1
25.08.2021 00:12:48.235,1.3540400000000001,1.35389,1.12,1
25.08.2021 00:12:49.872,1.35406,1.3539100000000002,1.5,1
25.08.2021 00:12:49.973,1.35407,1.3539,1,1
25.08.2021 00:12:50.074,1.35409,1.35394,2.25,1
25.08.2021 00:12:50.175,1.35409,1.35393,1,1
25.08.2021 00:12:50.326,1.35408,1.35395,1,1
25.08.2021 00:12:50.477,1.3541200000000002,1.35395,1.5,1
25.08.2021 00:12:50.578,1.3541200000000002,1.35395,1,1
25.08.2021 00:12:52.798,1.3541200000000002,1.35396,1,1
25.08.2021 00:12:52.899,1.3541200000000002,1.3539700000000001,1.12,1
25.08.2021 00:13:00.066,1.3541200000000002,1.35399,1,1
25.08.2021 00:13:00.167,1.3541400000000001,1.35399,1.75,1
25.08.2021 00:13:00.269,1.3541400000000001,1.35399,1.25,1
25.08.2021 00:13:00.370,1.35416,1.354,1,1
25.08.2021 00:13:01.623,1.35415,1.354,1.12,1
25.08.2021 00:13:02.634,1.35416,1.354,1.69,1
25.08.2021 00:13:05.644,1.35415,1.3540100000000002,1.81,1
25.08.2021 00:13:06.520,1.3541400000000001,1.35399,1.12,1
25.08.2021 00:13:07.628,1.3541400000000001,1.35398,1,1
25.08.2021 00:13:18.635,1.35413,1.35396,1,1
25.08.2021 00:13:18.686,1.35408,1.3539100000000002,1,1.12
25.08.2021 00:13:18.787,1.35409,1.35393,1,1
25.08.2021 00:13:18.990,1.3541,1.35393,1,1
25.08.2021 00:13:19.091,1.3541100000000001,1.35395,1,1
25.08.2021 00:13:19.193,1.3541100000000001,1.35396,1,1
25.08.2021 00:13:19.793,1.3541100000000001,1.35395,1,1
25.08.2021 00:13:22.174,1.3541200000000002,1.35395,1.5,1
25.08.2021 00:13:34.899,1.3541,1.35395,1,1
25.08.2021 00:14:00.133,1.3541100000000001,1.35395,1,1
25.08.2021 00:14:00.234,1.3541,1.35399,1,1
25.08.2021 00:14:01.592,1.35415,1.354,1,1
25.08.2021 00:14:02.676,1.35418,1.3540200000000002,1.5,1
25.08.2021 00:14:05.191,1.35418,1.35403,1,1
25.08.2021 00:14:05.242,1.3542200000000002,1.35405,1,1
25.08.2021 00:14:05.544,1.35419,1.3540200000000002,1,1
25.08.2021 00:14:05.746,1.35417,1.3540200000000002,1,1
25.08.2021 00:14:11.377,1.35413,1.3539700000000001,1,3.47
25.08.2021 00:14:11.946,1.3541400000000001,1.35395,1,2.75
25.08.2021 00:14:17.484,1.35413,1.35396,1,2.62
25.08.2021 00:14:18.840,1.3541200000000002,1.35396,1,2.62
25.08.2021 00:14:19.350,1.3541200000000002,1.35394,1,2
25.08.2021 00:14:23.992,1.35409,1.35394,1,2
25.08.2021 00:14:24.198,1.35409,1.35394,1,1.5
25.08.2021 00:14:24.248,1.35406,1.35393,1,1.5
25.08.2021 00:14:24.349,1.35405,1.3539200000000002,1,1.5
25.08.2021 00:14:24.450,1.35406,1.3539100000000002,1,1
25.08.2021 00:14:24.601,1.3540400000000001,1.3539100000000002,1,1
25.08.2021 00:14:24.702,1.35403,1.3539100000000002,1,1
25.08.2021 00:14:25.692,1.35403,1.35388,1,1.5
25.08.2021 00:14:25.793,1.35403,1.35388,1,1.12
25.08.2021 00:14:26.100,1.35403,1.3538700000000001,1,1.12
25.08.2021 00:14:26.201,1.3540100000000002,1.35383,1,2.1
25.08.2021 00:14:26.514,1.354,1.3538200000000002,1,1.6
25.08.2021 00:14:26.620,1.35398,1.3538100000000002,1,1.1
25.08.2021 00:14:26.720,1.35396,1.3538000000000001,1,1.12
25.08.2021 00:14:26.771,1.35395,1.3537700000000001,1,2.47
25.08.2021 00:14:26.872,1.35393,1.3537700000000001,1,1.6
25.08.2021 00:14:26.922,1.35393,1.3537700000000001,1,1.6
25.08.2021 00:14:27.073,1.35393,1.35375,1,1.6
25.08.2021 00:14:28.609,1.3539200000000002,1.35373,1,2.07
25.08.2021 00:14:29.455,1.3539,1.35372,1,1.6
25.08.2021 00:14:29.629,1.3539,1.35372,1,1.1
25.08.2021 00:14:30.467,1.35389,1.3537100000000002,1,1.95
25.08.2021 00:14:35.294,1.3538700000000001,1.3537000000000001,1,3.22
25.08.2021 00:14:36.977,1.35386,1.3537000000000001,1,1.6
25.08.2021 00:14:37.078,1.35386,1.3537000000000001,1,1.12
25.08.2021 00:14:38.893,1.3538700000000001,1.35368,1,1.12
25.08.2021 00:14:54.097,1.35386,1.35366,1,1.6
25.08.2021 00:15:00.492,1.35383,1.3536700000000002,1,1.5
25.08.2021 00:15:06.893,1.35383,1.35365,1,1.6
25.08.2021 00:15:12.526,1.3538200000000002,1.35366,1,1.5
25.08.2021 00:15:35.392,1.3538200000000002,1.35364,1,1.6
25.08.2021 00:15:49.892,1.35383,1.3536299999999999,1,1.6
25.08.2021 00:15:54.535,1.35384,1.35365,1,1.5
25.08.2021 00:16:49.895,1.35383,1.35366,1,1.2
25.08.2021 00:17:00.275,1.35385,1.35368,1,1
25.08.2021 00:17:00.477,1.35384,1.35366,1,1
25.08.2021 00:17:00.578,1.35384,1.35364,1,1.6
25.08.2021 00:17:15.353,1.35385,1.3536700000000002,1,1
25.08.2021 00:17:20.557,1.35384,1.35364,1,1.6
25.08.2021 00:17:36.150,1.35384,1.35366,1,1
25.08.2021 00:17:43.879,1.35384,1.3536700000000002,1,1.12
25.08.2021 00:17:44.915,1.35383,1.35365,1,1.6
25.08.2021 00:17:55.157,1.3538200000000002,1.35365,1,1.7
25.08.2021 00:18:19.524,1.35385,1.35366,1,1.12
25.08.2021 00:18:25.710,1.35384,1.35365,1,1.6
25.08.2021 00:18:28.468,1.35384,1.35368,1,1
25.08.2021 00:18:28.739,1.35384,1.35364,1,2.47
25.08.2021 00:18:39.171,1.35383,1.35365,1,1.12
25.08.2021 00:18:39.221,1.3538100000000002,1.3536100000000002,1,1.2
25.08.2021 00:18:39.372,1.3538000000000001,1.3536100000000002,1,1.12
25.08.2021 00:18:39.423,1.3537700000000001,1.35359,1,1.5
25.08.2021 00:18:39.574,1.3537700000000001,1.35359,1,1
25.08.2021 00:18:39.726,1.35375,1.35359,1,1
25.08.2021 00:18:39.827,1.35373,1.3536000000000001,1,1
25.08.2021 00:18:39.928,1.35372,1.3536000000000001,1,1
25.08.2021 00:18:39.979,1.35372,1.35355,1,1.5
25.08.2021 00:18:40.080,1.35372,1.35354,1,1.12
25.08.2021 00:18:40.252,1.3537100000000002,1.35352,1,2.75
25.08.2021 00:18:40.303,1.35369,1.35351,1,2.45
25.08.2021 00:18:40.792,1.3536700000000002,1.35351,1,3.2
25.08.2021 00:18:43.765,1.35368,1.35349,1,2.62
25.08.2021 00:18:43.815,1.35366,1.35348,1,1.5
25.08.2021 00:18:43.967,1.35365,1.35346,1,1.5
25.08.2021 00:18:44.269,1.3536299999999999,1.35344,1,2.47
25.08.2021 00:18:44.319,1.35365,1.35344,1,1.72
25.08.2021 00:18:44.370,1.35362,1.35344,1,1
25.08.2021 00:18:44.521,1.3536000000000001,1.35341,1,2.07
25.08.2021 00:18:44.672,1.3536000000000001,1.3534000000000002,1,1.6
25.08.2021 00:18:44.723,1.35358,1.3534000000000002,1,1.95
25.08.2021 00:18:45.359,1.35359,1.35341,1,1.5
25.08.2021 00:18:47.340,1.35359,1.35342,1,1
25.08.2021 00:18:51.106,1.35358,1.35342,1,2.25
25.08.2021 00:18:57.894,1.35359,1.35342,1,1
25.08.2021 00:18:59.145,1.3536000000000001,1.35342,1,1.5
25.08.2021 00:18:59.632,1.35359,1.35344,1,1
25.08.2021 00:19:00.914,1.3536100000000002,1.35345,1,1
25.08.2021 00:19:01.231,1.35364,1.35346,1,1
25.08.2021 00:19:08.116,1.3536299999999999,1.35346,1,2.25
25.08.2021 00:19:14.124,1.35362,1.35345,1,1.5
25.08.2021 00:19:21.400,1.3536100000000002,1.35345,1,2.62
25.08.2021 00:19:34.669,1.35359,1.35343,1,2.75
25.08.2021 00:19:34.720,1.3536000000000001,1.35342,1,2.25
25.08.2021 00:19:35.472,1.35359,1.35342,1,1
25.08.2021 00:19:35.973,1.35358,1.35342,1,1.5
25.08.2021 00:20:00.465,1.35358,1.35341,1,1
25.08.2021 00:20:00.566,1.3535700000000002,1.35341,1,1.5
25.08.2021 00:20:14.461,1.3535700000000002,1.3534000000000002,1,2.62
25.08.2021 00:20:14.563,1.3535700000000002,1.35339,1,1.12
25.08.2021 00:20:14.614,1.35354,1.3534000000000002,1,1
25.08.2021 00:20:14.916,1.35353,1.3534000000000002,1,1
25.08.2021 00:20:16.159,1.35354,1.35335,1,1.5
25.08.2021 00:20:16.260,1.35353,1.35339,1,1
25.08.2021 00:20:16.542,1.35354,1.35339,1,1
25.08.2021 00:20:17.831,1.35351,1.3534000000000002,1,1
25.08.2021 00:20:26.210,1.35351,1.35339,1,1
25.08.2021 00:20:26.348,1.35352,1.35339,1,1
25.08.2021 00:21:04.058,1.35353,1.3534000000000002,1,1
25.08.2021 00:21:07.667,1.3535000000000001,1.3534000000000002,1,1
25.08.2021 00:21:07.768,1.35348,1.3534000000000002,1,1
25.08.2021 00:21:08.722,1.3535000000000001,1.35339,1,1
25.08.2021 00:21:18.328,1.35352,1.35339,1,1
25.08.2021 00:21:22.429,1.35353,1.3534000000000002,1,1
25.08.2021 00:21:22.828,1.35355,1.35339,1,1
25.08.2021 00:21:23.278,1.35356,1.35339,1,1
25.08.2021 00:21:27.798,1.35356,1.35341,1,1
25.08.2021 00:21:27.909,1.3535700000000002,1.35341,1,1
25.08.2021 00:21:28.028,1.35359,1.35341,1,1.5
25.08.2021 00:21:28.990,1.35359,1.35342,1,1
25.08.2021 00:21:30.180,1.3536000000000001,1.35343,1,1
25.08.2021 00:21:30.332,1.3536100000000002,1.35343,1,1.5
25.08.2021 00:21:31.020,1.35362,1.35343,1,2.25
25.08.2021 00:21:32.383,1.35362,1.35344,1,1
25.08.2021 00:21:51.071,1.35362,1.35343,1,1.5
25.08.2021 00:21:54.710,1.3536100000000002,1.35345,1,1
25.08.2021 00:22:03.067,1.35362,1.35343,1,1.5
25.08.2021 00:22:07.506,1.3536299999999999,1.35344,1,1
25.08.2021 00:22:09.879,1.3536299999999999,1.35345,1,1
25.08.2021 00:22:37.132,1.35368,1.35352,1,1
25.08.2021 00:22:37.233,1.35369,1.35352,1.12,1
25.08.2021 00:22:37.334,1.35369,1.35352,1.5,1
25.08.2021 00:22:37.540,1.35369,1.35352,1.12,1
25.08.2021 00:22:44.896,1.35372,1.35355,1.5,1
25.08.2021 00:22:44.997,1.35376,1.35359,1.62,1
25.08.2021 00:22:45.047,1.35376,1.3536000000000001,1,1
25.08.2021 00:22:45.148,1.3537700000000001,1.3536000000000001,1,1
25.08.2021 00:22:45.250,1.3537700000000001,1.3536299999999999,2.25,1
25.08.2021 00:22:45.516,1.35378,1.3536299999999999,1.12,1
25.08.2021 00:22:46.253,1.3538000000000001,1.3536299999999999,1.5,1
25.08.2021 00:22:46.405,1.35379,1.35364,1,1
25.08.2021 00:22:47.218,1.3538100000000002,1.35364,1,1
25.08.2021 00:22:47.771,1.35383,1.35366,1.12,1
25.08.2021 00:22:54.508,1.35383,1.3536700000000002,1.5,1
25.08.2021 00:23:09.610,1.35383,1.35368,1.12,1
25.08.2021 00:23:19.454,1.35384,1.35369,1,1
25.08.2021 00:23:19.555,1.35388,1.3537100000000002,1.12,1
25.08.2021 00:23:52.498,1.3539,1.35375,1,1
25.08.2021 00:23:52.600,1.3539200000000002,1.35375,1.5,1
25.08.2021 00:23:53.271,1.35393,1.3537700000000001,1.5,1
25.08.2021 00:23:53.372,1.3539700000000001,1.3538000000000001,2.75,1
25.08.2021 00:23:53.523,1.3539700000000001,1.3538000000000001,2.62,1
25.08.2021 00:23:53.624,1.35399,1.3538100000000002,1.5,1
25.08.2021 00:23:53.725,1.35399,1.35384,1.12,1
25.08.2021 00:23:54.342,1.3540100000000002,1.35384,2.25,1
25.08.2021 00:23:54.720,1.3540200000000002,1.35385,1.5,1
25.08.2021 00:23:55.579,1.35403,1.35385,1,1
25.08.2021 00:24:02.745,1.35403,1.35388,1,1
25.08.2021 00:24:55.829,1.35405,1.3538700000000001,1.6,1
25.08.2021 00:24:55.981,1.35407,1.35393,1.87,1
25.08.2021 00:24:56.082,1.3541,1.35394,1.6,1
25.08.2021 00:24:56.183,1.35413,1.35394,1,1
25.08.2021 00:24:57.514,1.35413,1.35395,1.5,1
25.08.2021 00:25:01.204,1.3541400000000001,1.3539700000000001,1.5,1
25.08.2021 00:25:03.394,1.3541400000000001,1.3539700000000001,1.12,1
25.08.2021 00:25:08.044,1.35415,1.35399,1.5,1
25.08.2021 00:25:08.095,1.35419,1.354,1.5,1
25.08.2021 00:25:08.196,1.35419,1.35405,1.75,1
25.08.2021 00:25:08.297,1.35419,1.35405,1.5,1
25.08.2021 00:25:08.398,1.35424,1.35403,2.25,1
25.08.2021 00:25:08.448,1.35424,1.35408,2,1
25.08.2021 00:25:08.549,1.35426,1.35405,4.62,1
25.08.2021 00:25:08.700,1.3542500000000002,1.35406,1.5,1
25.08.2021 00:25:10.561,1.3542500000000002,1.35407,2.75,1
25.08.2021 00:25:10.746,1.35426,1.35407,2,1
25.08.2021 00:25:12.004,1.35428,1.3541,4.25,1
25.08.2021 00:25:12.105,1.35428,1.3541100000000001,1,1
25.08.2021 00:25:12.156,1.3543,1.3541,1.62,1
25.08.2021 00:25:12.207,1.3543100000000001,1.35413,1.62,1.5
25.08.2021 00:25:12.359,1.3543200000000002,1.35415,1,1
25.08.2021 00:25:13.002,1.3543,1.35413,1,1.12
25.08.2021 00:25:13.103,1.3543200000000002,1.3541400000000001,1,1
25.08.2021 00:25:45.894,1.3543200000000002,1.3541400000000001,1.62,1
25.08.2021 00:25:53.393,1.3543200000000002,1.3541400000000001,1.2,1
25.08.2021 00:26:15.682,1.35429,1.35415,1.12,1
25.08.2021 00:26:16.669,1.3543100000000001,1.35415,3.57,1
25.08.2021 00:26:24.746,1.35429,1.3541400000000001,1,1
25.08.2021 00:26:49.941,1.3543200000000002,1.3541400000000001,2.62,1
25.08.2021 00:26:55.823,1.3543100000000001,1.35416,1.12,1
25.08.2021 00:26:56.894,1.3543200000000002,1.35416,1.12,1
25.08.2021 00:27:00.164,1.35433,1.35415,1,1
25.08.2021 00:27:06.204,1.3543200000000002,1.35413,1.12,1
25.08.2021 00:27:08.516,1.3543200000000002,1.35415,1,1
25.08.2021 00:27:36.590,1.3543200000000002,1.35416,1,1
25.08.2021 00:27:36.692,1.3544100000000001,1.35424,2.82,1
25.08.2021 00:27:36.793,1.3544,1.3542500000000002,1.87,1
25.08.2021 00:27:42.896,1.3544200000000002,1.3542500000000002,1,1
25.08.2021 00:27:43.159,1.35443,1.35427,1.12,1
25.08.2021 00:27:46.665,1.35444,1.35427,1,1
25.08.2021 00:27:56.219,1.35446,1.35427,1.12,1
25.08.2021 00:27:59.642,1.35443,1.35427,1,1
25.08.2021 00:27:59.761,1.35443,1.35426,1.5,1
25.08.2021 00:27:59.869,1.3544,1.3542500000000002,1,1
25.08.2021 00:28:00.320,1.3544,1.35424,1,1
25.08.2021 00:28:01.961,1.35438,1.3542100000000001,1,1
25.08.2021 00:28:03.361,1.3543500000000002,1.3542,1,1
25.08.2021 00:28:14.896,1.3543500000000002,1.35419,1,1.5
25.08.2021 00:28:40.972,1.35436,1.35418,1,1.5
25.08.2021 00:28:41.080,1.35436,1.35418,1,1
25.08.2021 00:28:41.471,1.35436,1.35418,1,1
25.08.2021 00:28:44.742,1.35438,1.35418,1,1
25.08.2021 00:28:44.843,1.35436,1.35418,1,1
25.08.2021 00:28:44.893,1.35438,1.35418,1,1
25.08.2021 00:28:45.161,1.35437,1.35419,1,1
25.08.2021 00:28:45.484,1.35437,1.35418,1,1
25.08.2021 00:28:45.905,1.35438,1.35418,1,1
25.08.2021 00:28:49.709,1.35436,1.35418,1,1
25.08.2021 00:28:56.955,1.35438,1.35418,1,1
25.08.2021 00:28:57.681,1.35437,1.35419,1,1
25.08.2021 00:28:57.831,1.35437,1.35418,1,1
25.08.2021 00:29:00.548,1.35438,1.3542100000000001,1,1
25.08.2021 00:29:22.176,1.35438,1.3542,1,1
25.08.2021 00:29:53.103,1.35439,1.35419,1,1
25.08.2021 00:30:24.845,1.35438,1.3542,1,1
25.08.2021 00:30:26.806,1.35438,1.3542,1,1
25.08.2021 00:30:39.821,1.3544200000000002,1.35423,1,1
25.08.2021 00:30:39.922,1.3544100000000001,1.35424,1,1
25.08.2021 00:30:40.023,1.3544100000000001,1.35424,1,1
25.08.2021 00:30:40.074,1.35444,1.35423,1,1
25.08.2021 00:30:40.177,1.35443,1.35424,1,1
25.08.2021 00:30:40.278,1.35444,1.35423,1,1
25.08.2021 00:30:40.429,1.35443,1.35424,1,1
25.08.2021 00:30:40.681,1.35444,1.3542500000000002,1,1
25.08.2021 00:30:40.787,1.35444,1.35426,1,1
25.08.2021 00:30:40.938,1.3544500000000002,1.3542500000000002,1,1
25.08.2021 00:30:48.059,1.35444,1.35428,1,1
25.08.2021 00:30:51.525,1.35447,1.35427,1,1
25.08.2021 00:30:55.604,1.35448,1.35429,1,1.5
25.08.2021 00:30:55.718,1.35447,1.3543,1,1.5
25.08.2021 00:31:02.871,1.35448,1.3543,1,1.5
25.08.2021 00:31:03.022,1.35447,1.3543100000000001,1,1.5
25.08.2021 00:31:08.353,1.35449,1.35433,1,1.12
25.08.2021 00:31:14.173,1.3545,1.3543200000000002,1,1.5
25.08.2021 00:31:51.790,1.35449,1.35433,1,1.12
25.08.2021 00:32:02.777,1.3545,1.35433,1,1
25.08.2021 00:32:26.941,1.35449,1.3543500000000002,1,1
25.08.2021 00:32:39.105,1.35449,1.35434,1,2.25
25.08.2021 00:33:30.021,1.3545,1.35434,1,1
25.08.2021 00:33:47.344,1.35453,1.3543500000000002,1,1
25.08.2021 00:33:47.445,1.3545500000000001,1.35443,1,1
25.08.2021 00:33:47.495,1.35458,1.3544200000000002,1,1
25.08.2021 00:33:47.546,1.3546,1.35443,1,1
25.08.2021 00:33:47.596,1.35461,1.3544500000000002,1,1
25.08.2021 00:33:47.697,1.3546200000000002,1.35446,1,1
25.08.2021 00:33:47.798,1.35463,1.35446,1,1.5
25.08.2021 00:33:48.016,1.35464,1.35447,1,1
25.08.2021 00:33:48.117,1.3546600000000002,1.35448,1,1
25.08.2021 00:33:48.168,1.35469,1.35454,1,1
25.08.2021 00:33:48.269,1.35471,1.3545500000000001,1,1
25.08.2021 00:33:48.369,1.3547200000000001,1.3545500000000001,1,1.5
25.08.2021 00:33:48.420,1.35477,1.35461,1,1
25.08.2021 00:33:48.521,1.35479,1.3546,1,1
25.08.2021 00:33:48.622,1.3548,1.3546200000000002,1,1
25.08.2021 00:33:48.723,1.3548200000000001,1.35464,1,1
25.08.2021 00:33:48.824,1.3548200000000001,1.3546200000000002,1,2
25.08.2021 00:33:48.925,1.3548200000000001,1.3546200000000002,1,1.6
25.08.2021 00:33:49.026,1.35481,1.35463,1,1.6
25.08.2021 00:33:49.126,1.3548700000000002,1.3546200000000002,1,3.85
25.08.2021 00:33:49.244,1.3548700000000002,1.35467,1,1.5
25.08.2021 00:33:49.355,1.3548700000000002,1.3546500000000001,1,1.85
25.08.2021 00:33:49.456,1.3548600000000002,1.35464,1,1.85
25.08.2021 00:33:49.557,1.35488,1.3546500000000001,1,1.85
25.08.2021 00:33:49.727,1.3548600000000002,1.3546600000000002,1,1.6
25.08.2021 00:33:49.888,1.3548700000000002,1.3546500000000001,1,1.6
25.08.2021 00:33:50.019,1.3548700000000002,1.3546500000000001,1,1.6
25.08.2021 00:33:50.198,1.3548700000000002,1.3546500000000001,1,1.6
25.08.2021 00:33:50.302,1.35488,1.35464,1,1.91
25.08.2021 00:33:50.612,1.35488,1.3546500000000001,1,3.22
25.08.2021 00:33:50.967,1.35488,1.3546500000000001,1,1.97
25.08.2021 00:33:51.118,1.3548600000000002,1.3546600000000002,1,1.85
25.08.2021 00:33:51.219,1.3548600000000002,1.3546600000000002,1,2.85
25.08.2021 00:33:51.371,1.35488,1.35464,1,4.72
25.08.2021 00:33:51.472,1.35488,1.3546500000000001,1,1.6
25.08.2021 00:33:51.750,1.3548700000000002,1.3546600000000002,1,1.6
25.08.2021 00:33:52.937,1.35488,1.3546500000000001,1,1.6
25.08.2021 00:33:53.195,1.3548600000000002,1.3546799999999999,1,1.1
25.08.2021 00:33:53.296,1.35483,1.3546799999999999,1,1.1
25.08.2021 00:33:53.397,1.35483,1.3546799999999999,1,1
25.08.2021 00:33:53.498,1.35483,1.3546799999999999,1,1
25.08.2021 00:33:54.570,1.35484,1.35467,1,1
25.08.2021 00:33:56.558,1.35483,1.3546500000000001,1,1.1
25.08.2021 00:33:56.832,1.35483,1.35464,1,1.1
25.08.2021 00:34:00.303,1.35484,1.3546500000000001,1,1.1
25.08.2021 00:34:05.863,1.35483,1.3546500000000001,1,1.5
25.08.2021 00:34:12.576,1.3548200000000001,1.3546600000000002,1,1.12
25.08.2021 00:34:13.779,1.35481,1.3546500000000001,1,1.5
25.08.2021 00:34:13.937,1.35479,1.35464,1,1
25.08.2021 00:34:14.038,1.35477,1.35464,1,1
25.08.2021 00:34:14.140,1.3547600000000002,1.3546,1,1
25.08.2021 00:34:14.559,1.3547500000000001,1.3545600000000002,1,1
25.08.2021 00:34:14.711,1.3547200000000001,1.3545500000000001,1,1
25.08.2021 00:34:14.761,1.35471,1.3545500000000001,1,1.1
25.08.2021 00:34:14.812,1.35469,1.35454,1,1
25.08.2021 00:34:17.515,1.35469,1.35451,1,1.1
25.08.2021 00:34:18.731,1.35467,1.3545,1,1.7
25.08.2021 00:34:19.274,1.3546600000000002,1.3545,1,1
25.08.2021 00:34:19.376,1.3546500000000001,1.3545,1,1
25.08.2021 00:34:24.434,1.3546500000000001,1.35448,1,1.1
25.08.2021 00:34:31.230,1.35464,1.35447,1,1
25.08.2021 00:34:31.380,1.35463,1.35448,1,1
25.08.2021 00:34:38.411,1.35464,1.35446,1,1
25.08.2021 00:34:38.790,1.35461,1.35446,1,1
25.08.2021 00:34:39.803,1.3546,1.3544500000000002,1,1
25.08.2021 00:34:39.959,1.35459,1.35444,1,1
25.08.2021 00:34:40.295,1.3546,1.3544100000000001,1,1.1
25.08.2021 00:34:40.346,1.35458,1.3544100000000001,1,1
25.08.2021 00:34:41.771,1.35457,1.3544200000000002,1,1
25.08.2021 00:34:51.006,1.3545600000000002,1.3544100000000001,1,2
25.08.2021 00:34:51.107,1.35457,1.3544,1,1.5
25.08.2021 00:34:51.647,1.35457,1.35439,1,1.5
25.08.2021 00:34:52.346,1.35457,1.35438,1,1.72
25.08.2021 00:34:52.587,1.3545600000000002,1.35443,1,1
25.08.2021 00:34:58.480,1.35459,1.3544200000000002,1,1
25.08.2021 00:34:58.584,1.35457,1.35439,1,1.1
25.08.2021 00:34:59.446,1.3545500000000001,1.3544,1,1
25.08.2021 00:34:59.636,1.3545600000000002,1.35439,1,1
25.08.2021 00:35:38.662,1.3545500000000001,1.35437,1,2.07
25.08.2021 00:35:42.410,1.3545500000000001,1.35438,1,1.12
25.08.2021 00:35:42.561,1.35453,1.3544200000000002,1,1
25.08.2021 00:35:57.017,1.3545200000000002,1.3544100000000001,1,1
25.08.2021 00:35:59.324,1.35451,1.35438,1,1
25.08.2021 00:36:00.384,1.3545200000000002,1.3544,1,1
25.08.2021 00:36:02.765,1.35451,1.3544,1,1
25.08.2021 00:36:02.866,1.35449,1.3544,1,1
25.08.2021 00:36:02.967,1.35457,1.3544,1.12,1
25.08.2021 00:36:03.018,1.35447,1.35433,1,1.12
25.08.2021 00:36:03.119,1.35446,1.3543,1,1.6
25.08.2021 00:36:03.353,1.35444,1.35429,1,1.1
25.08.2021 00:36:03.454,1.35443,1.35429,1,1.1
25.08.2021 00:36:03.976,1.35444,1.35428,1,1
25.08.2021 00:36:06.238,1.35446,1.35427,1,2.07
25.08.2021 00:36:10.894,1.3544500000000002,1.35428,1,2.82
25.08.2021 00:36:11.956,1.35446,1.35429,1,1.2
25.08.2021 00:36:12.741,1.35446,1.3543,1,1
25.08.2021 00:36:13.531,1.35448,1.35429,1,1.5
25.08.2021 00:36:18.076,1.35447,1.35429,1,1.87
25.08.2021 00:36:19.183,1.35446,1.3543100000000001,1,1
25.08.2021 00:36:20.166,1.35448,1.3543,1,1.5
25.08.2021 00:37:11.214,1.35449,1.3543,1,1.87
25.08.2021 00:37:14.894,1.35449,1.3543,1,2.82
25.08.2021 00:37:44.379,1.35448,1.35433,1,1
25.08.2021 00:37:44.430,1.3545,1.35433,1,3.5
25.08.2021 00:37:44.531,1.35453,1.35436,1,1
25.08.2021 00:37:44.632,1.3545500000000001,1.35436,1,1
25.08.2021 00:37:44.733,1.35454,1.35433,1,1.72
25.08.2021 00:37:44.833,1.35457,1.35437,1,1.87
25.08.2021 00:37:44.934,1.35457,1.35437,1,1.62
25.08.2021 00:37:45.079,1.3545500000000001,1.35437,1,1
25.08.2021 00:37:46.078,1.3545600000000002,1.35436,1,1.1
25.08.2021 00:37:46.613,1.3545600000000002,1.35436,1,1.1
25.08.2021 00:37:46.815,1.3545600000000002,1.35437,1,2.47
25.08.2021 00:37:50.688,1.35459,1.3544,1,1.5
25.08.2021 00:37:50.792,1.35459,1.3544,1,1.5
25.08.2021 00:37:50.896,1.35459,1.3544,1,1.5
25.08.2021 00:37:51.097,1.35461,1.35443,1,1.5
25.08.2021 00:37:51.525,1.3546,1.35444,1,1.5
25.08.2021 00:37:51.626,1.35459,1.3544200000000002,1,1.5
25.08.2021 00:37:52.583,1.35461,1.35443,1,1.5
25.08.2021 00:37:52.634,1.35463,1.35446,1,1.6
25.08.2021 00:37:52.724,1.3546600000000002,1.35447,1,1.5
25.08.2021 00:37:52.875,1.3546600000000002,1.35448,1,1.1
25.08.2021 00:37:53.114,1.35467,1.35447,1,1.1
25.08.2021 00:37:53.497,1.35467,1.35447,1,1.72
25.08.2021 00:37:53.650,1.35467,1.3545,1,1
25.08.2021 00:37:57.225,1.35467,1.3545,1,1.1
25.08.2021 00:37:58.016,1.35467,1.3545,1,1.1
25.08.2021 00:37:58.846,1.35467,1.3545,1,1
25.08.2021 00:37:59.670,1.35467,1.3545,1,1
25.08.2021 00:37:59.771,1.3546799999999999,1.35449,1,1
25.08.2021 00:38:00.111,1.3546799999999999,1.35449,1,1
25.08.2021 00:38:00.502,1.35467,1.3545,1,1
25.08.2021 00:38:00.611,1.35467,1.3545,1,1
25.08.2021 00:38:00.712,1.35467,1.35449,1,1
25.08.2021 00:38:02.080,1.35467,1.3545,1,1.62
25.08.2021 00:38:21.876,1.35467,1.3545,1,2.37
25.08.2021 00:38:24.047,1.35467,1.35449,1,1
25.08.2021 00:38:24.790,1.35463,1.3545,1,1
25.08.2021 00:38:24.941,1.35464,1.35448,1,1.5
25.08.2021 00:38:25.048,1.35464,1.35448,1,1.5
25.08.2021 00:38:30.366,1.35461,1.35449,1,1.5
25.08.2021 00:38:34.390,1.35464,1.35448,1,1.5
25.08.2021 00:38:34.882,1.35463,1.35449,1,1.5
25.08.2021 00:38:35.807,1.3546500000000001,1.35449,1,1.5
25.08.2021 00:38:35.908,1.3546500000000001,1.35448,1,1.62
25.08.2021 00:38:36.255,1.3546500000000001,1.35451,1,1
25.08.2021 00:38:54.995,1.3546600000000002,1.35451,1,1
25.08.2021 00:38:58.795,1.35467,1.35451,1,1
25.08.2021 00:38:58.897,1.35467,1.35448,1,2.07
25.08.2021 00:38:58.998,1.3546600000000002,1.35451,1,1
25.08.2021 00:38:59.099,1.35467,1.35451,1,1.62
25.08.2021 00:38:59.400,1.35467,1.35451,1,1.62
25.08.2021 00:38:59.862,1.35469,1.3545200000000002,1,1.5
25.08.2021 00:39:07.096,1.35469,1.3545200000000002,1,1.62
25.08.2021 00:39:18.726,1.3547,1.35453,1,1
25.08.2021 00:39:33.170,1.3547,1.35451,1,2.37
25.08.2021 00:39:37.817,1.3547,1.35453,1,1
25.08.2021 00:39:47.326,1.3547,1.35451,1,1.62
25.08.2021 00:40:30.953,1.3547,1.35453,1,2
25.08.2021 00:40:31.111,1.3547,1.35454,1,1.5
25.08.2021 00:40:31.162,1.3547200000000001,1.3545500000000001,1,1.5
25.08.2021 00:40:31.263,1.3547200000000001,1.3545600000000002,1,1.5
25.08.2021 00:40:31.654,1.35473,1.3545500000000001,1,1.5
25.08.2021 00:40:31.758,1.3547200000000001,1.3545600000000002,1,1.5
25.08.2021 00:40:36.535,1.3547200000000001,1.35457,1,1.5
25.08.2021 00:40:40.085,1.35474,1.35457,1,1.5
25.08.2021 00:40:40.424,1.35474,1.35457,1,1.5
25.08.2021 00:40:44.666,1.35473,1.35458,1,2
25.08.2021 00:40:44.767,1.3547500000000001,1.35459,1,1.5
25.08.2021 00:40:45.646,1.3547600000000002,1.35459,1,1.5
25.08.2021 00:40:46.139,1.3547600000000002,1.35459,1,1.5
25.08.2021 00:40:47.784,1.3547600000000002,1.35458,1,1.5
25.08.2021 00:40:47.894,1.3547600000000002,1.35458,1,1.62
25.08.2021 00:40:52.576,1.3547600000000002,1.35458,1,1.62
25.08.2021 00:41:17.046,1.3547600000000002,1.35458,1,1.62
25.08.2021 00:41:18.838,1.35477,1.35458,1,1.62
25.08.2021 00:41:37.338,1.3548,1.35464,1,1.12
25.08.2021 00:41:37.439,1.35481,1.35463,1,1.5
25.08.2021 00:41:37.540,1.3548,1.35464,1,1.5
25.08.2021 00:41:37.641,1.3548,1.35464,1,1.5
25.08.2021 00:41:38.587,1.35481,1.35464,1,1
25.08.2021 00:41:38.938,1.35483,1.35464,1,1.62
25.08.2021 00:41:40.396,1.3548200000000001,1.35469,1,1
25.08.2021 00:41:40.936,1.3548200000000001,1.3547,1,1
25.08.2021 00:41:41.037,1.35485,1.35469,1,1
25.08.2021 00:41:41.631,1.35485,1.35467,1,1.62
25.08.2021 00:41:43.004,1.35484,1.35469,1,1
25.08.2021 00:41:43.105,1.3548200000000001,1.3546500000000001,1,1
25.08.2021 00:41:43.156,1.35483,1.3546500000000001,1,1
25.08.2021 00:41:44.358,1.3548200000000001,1.3546500000000001,1,1
25.08.2021 00:41:46.553,1.35481,1.35463,1,1
25.08.2021 00:41:46.654,1.35479,1.3546200000000002,1,1
25.08.2021 00:41:46.805,1.3547600000000002,1.3546200000000002,1,1
25.08.2021 00:41:47.057,1.3547600000000002,1.35459,1,1.12
25.08.2021 00:41:47.879,1.35474,1.35458,1,1
25.08.2021 00:41:51.895,1.35474,1.35459,1,1
25.08.2021 00:42:02.032,1.35473,1.35457,1,1
25.08.2021 00:42:05.895,1.35474,1.3545500000000001,1,1
25.08.2021 00:42:07.531,1.3547200000000001,1.3545500000000001,1,1
25.08.2021 00:42:08.224,1.3547200000000001,1.3545500000000001,1,1.5
25.08.2021 00:42:08.826,1.3547200000000001,1.3545500000000001,1,1
25.08.2021 00:42:13.102,1.3547200000000001,1.3545500000000001,1,1
25.08.2021 00:42:14.802,1.35474,1.3545500000000001,1,1
25.08.2021 00:42:14.853,1.3547200000000001,1.3545500000000001,1,1
25.08.2021 00:42:35.751,1.3547500000000001,1.35457,1,1
25.08.2021 00:43:05.059,1.3547500000000001,1.35458,1,1
25.08.2021 00:43:05.210,1.35479,1.35461,1,1
25.08.2021 00:43:05.412,1.3548,1.35463,1,1
25.08.2021 00:43:13.996,1.35481,1.35464,1,1
25.08.2021 00:43:20.431,1.35481,1.3546500000000001,1,1
25.08.2021 00:43:20.884,1.35483,1.3546799999999999,1,1
25.08.2021 00:43:35.855,1.35485,1.35469,1,1
25.08.2021 00:43:54.911,1.35483,1.35467,1,1.12
25.08.2021 00:44:01.020,1.3548600000000002,1.3546799999999999,1,1
25.08.2021 00:44:10.136,1.3548600000000002,1.35471,1,1
25.08.2021 00:44:19.848,1.35488,1.35473,1,1
25.08.2021 00:45:14.156,1.35489,1.3547200000000001,1,1.62
25.08.2021 00:45:21.036,1.3549,1.35474,1,1
25.08.2021 00:45:44.227,1.3548700000000002,1.35473,1,1.12
25.08.2021 00:45:44.779,1.3548600000000002,1.3547200000000001,1,1
25.08.2021 00:45:50.019,1.35484,1.3546799999999999,1,1
25.08.2021 00:45:50.120,1.35483,1.3546600000000002,1,1.12
25.08.2021 00:45:50.885,1.35483,1.3546600000000002,1,1.5
25.08.2021 00:45:50.986,1.35483,1.3546600000000002,1,1.12
25.08.2021 00:46:07.581,1.35481,1.35464,1,1.5
25.08.2021 00:46:07.833,1.35481,1.35464,1,1.5
25.08.2021 00:46:08.239,1.3548,1.35463,1,1
25.08.2021 00:46:10.085,1.3548,1.35461,1,1.6
25.08.2021 00:46:36.341,1.35479,1.3546200000000002,1,1.5
25.08.2021 00:46:36.442,1.3548,1.35461,1,1.5
25.08.2021 00:46:36.543,1.35479,1.3546200000000002,1,1.5
25.08.2021 00:46:37.337,1.35479,1.3546200000000002,1,1.5
25.08.2021 00:46:37.511,1.3548,1.35461,1,1.5
25.08.2021 00:46:37.612,1.35479,1.3546200000000002,1,1.5
25.08.2021 00:46:37.713,1.3548,1.35461,1,1.5
25.08.2021 00:46:38.163,1.35479,1.3546200000000002,1,1.5
25.08.2021 00:46:38.436,1.3548,1.35461,1,1.5
25.08.2021 00:46:38.537,1.35479,1.3546200000000002,1,1.5
25.08.2021 00:46:38.873,1.35479,1.3546200000000002,1,1.5
25.08.2021 00:46:38.975,1.35479,1.3546200000000002,1,1.5
25.08.2021 00:46:39.212,1.35479,1.3546200000000002,1,1.5
25.08.2021 00:46:40.031,1.3548,1.35461,1,1.5
25.08.2021 00:46:40.188,1.35479,1.3546200000000002,1,1.5
25.08.2021 00:46:40.290,1.35479,1.3546200000000002,1,1.5
25.08.2021 00:46:40.586,1.3548,1.35461,1,1.5
25.08.2021 00:46:40.687,1.3548,1.35461,1,1.5
25.08.2021 00:46:41.078,1.3548,1.35461,1,1.5
25.08.2021 00:46:41.181,1.3548,1.35461,1,1.5
25.08.2021 00:46:41.471,1.3548,1.35461,1,1.5
25.08.2021 00:46:41.572,1.3548,1.35461,1,1.5
25.08.2021 00:46:41.673,1.35479,1.3546200000000002,1,1.5
25.08.2021 00:46:42.076,1.35479,1.3546200000000002,1,1.5
25.08.2021 00:46:42.351,1.3548,1.35461,1,1.5
25.08.2021 00:46:42.452,1.3548,1.35461,1,1.5
25.08.2021 00:46:42.553,1.35479,1.3546200000000002,1,1.5
25.08.2021 00:46:42.693,1.3548,1.35461,1,1.5
25.08.2021 00:46:42.794,1.35479,1.3546200000000002,1,1.5
25.08.2021 00:46:43.236,1.3548,1.35461,1,1.5
25.08.2021 00:46:43.621,1.35479,1.3546200000000002,1,1.5
25.08.2021 00:46:44.106,1.35479,1.3546200000000002,1,1.5
25.08.2021 00:46:44.886,1.35479,1.3546200000000002,1,1.5
25.08.2021 00:46:45.036,1.3548,1.35461,1,1.5
25.08.2021 00:46:45.276,1.35479,1.3546200000000002,1,1.5
25.08.2021 00:46:45.425,1.3548,1.35461,1,1.5
25.08.2021 00:46:49.661,1.35479,1.3546200000000002,1,1.5
25.08.2021 00:47:12.671,1.3548,1.35461,1,1.5
25.08.2021 00:47:13.796,1.3548,1.35461,1,1.5
25.08.2021 00:47:15.761,1.35479,1.3546200000000002,1,1.5
25.08.2021 00:47:16.691,1.35479,1.3546200000000002,1,1.5
25.08.2021 00:48:00.151,1.35477,1.3546,1,1.7
25.08.2021 00:48:00.252,1.35478,1.35459,1,1.7
25.08.2021 00:48:00.372,1.35478,1.35459,1,1.7
25.08.2021 00:48:00.473,1.3547600000000002,1.3546,1,1
25.08.2021 00:48:02.556,1.3547500000000001,1.35459,1,1
25.08.2021 00:48:02.811,1.35474,1.3546,1,1
25.08.2021 00:48:03.186,1.35473,1.35458,1,1
25.08.2021 00:48:03.298,1.35473,1.3545600000000002,1,1
25.08.2021 00:48:03.398,1.3547600000000002,1.35459,1,1
25.08.2021 00:48:03.499,1.35473,1.35459,1,1
25.08.2021 00:49:32.566,1.35473,1.3545600000000002,1,1
25.08.2021 00:49:36.439,1.3547500000000001,1.35461,1,1
25.08.2021 00:49:51.341,1.3547500000000001,1.35458,1,1
25.08.2021 00:49:51.852,1.3547600000000002,1.35458,1,1
25.08.2021 00:50:10.650,1.35474,1.35458,1,1.12
25.08.2021 00:50:10.757,1.3547500000000001,1.35457,1,1.5
25.08.2021 00:50:11.172,1.3547500000000001,1.35457,1,1.5
25.08.2021 00:50:16.856,1.3547500000000001,1.3545600000000002,1,1.62
25.08.2021 00:50:16.969,1.3547600000000002,1.3545600000000002,1,1.7
25.08.2021 00:51:11.532,1.3547500000000001,1.35458,1,1
25.08.2021 00:51:13.639,1.35474,1.35458,1,1.62
25.08.2021 00:51:13.791,1.35474,1.35458,1,1.62
25.08.2021 00:51:28.229,1.3547600000000002,1.35459,1,1
25.08.2021 00:51:34.274,1.35473,1.35458,1,1
25.08.2021 00:51:34.726,1.35473,1.35457,1,1
25.08.2021 00:51:34.828,1.35473,1.3545600000000002,1,1
25.08.2021 00:51:34.980,1.35474,1.35457,1,1
25.08.2021 00:51:41.925,1.35473,1.35459,1,1
25.08.2021 00:51:42.541,1.3547500000000001,1.3546,1,1
25.08.2021 00:51:50.053,1.35478,1.3546,1.57,1
25.08.2021 00:51:50.103,1.3547600000000002,1.35459,1,1
25.08.2021 00:52:00.795,1.3547600000000002,1.3546,1,1
25.08.2021 00:52:04.635,1.35478,1.35461,1.1,1
25.08.2021 00:52:04.755,1.35481,1.35461,3.47,1
25.08.2021 00:52:05.007,1.35478,1.35461,1.1,1
25.08.2021 00:52:05.958,1.35477,1.35461,1.1,1
25.08.2021 00:52:08.705,1.3547500000000001,1.35459,1,1
25.08.2021 00:52:09.480,1.35477,1.35458,1.1,1
25.08.2021 00:52:12.091,1.35479,1.35459,3.1,1
25.08.2021 00:52:12.910,1.3547600000000002,1.35459,1,1
25.08.2021 00:52:16.370,1.3547600000000002,1.3546,1,1
25.08.2021 00:52:16.521,1.3547600000000002,1.35461,1.57,1
25.08.2021 00:52:20.109,1.35474,1.35461,1.1,1
25.08.2021 00:52:20.160,1.3547500000000001,1.35458,1.1,1
25.08.2021 00:52:20.261,1.35474,1.35458,1,1
25.08.2021 00:52:20.412,1.35477,1.35458,1.1,1
25.08.2021 00:52:20.599,1.35477,1.35458,1.1,1
25.08.2021 00:52:27.766,1.3547600000000002,1.35458,3.1,1
25.08.2021 00:52:34.405,1.3547600000000002,1.35458,3.1,1
25.08.2021 00:52:35.020,1.3547600000000002,1.35457,4.6,1
25.08.2021 00:52:36.508,1.3547600000000002,1.35457,3.47,1
25.08.2021 00:52:43.094,1.35473,1.35458,1,1
25.08.2021 00:52:44.673,1.3547,1.35454,1,1
25.08.2021 00:52:44.875,1.3546799999999999,1.3545200000000002,1,1
25.08.2021 00:52:45.178,1.3546799999999999,1.35451,1.5,1
25.08.2021 00:52:46.594,1.35469,1.3545,1.1,1
25.08.2021 00:53:00.918,1.35469,1.35451,1.6,1
25.08.2021 00:53:01.037,1.3546799999999999,1.35451,1.6,1
25.08.2021 00:53:01.803,1.35469,1.35451,1.6,1
25.08.2021 00:53:05.282,1.3546799999999999,1.35448,1.1,1
25.08.2021 00:53:05.546,1.3546799999999999,1.3545,1.6,1
25.08.2021 00:53:05.650,1.35469,1.35448,2.35,1
25.08.2021 00:53:10.545,1.3546799999999999,1.35451,1.6,1
25.08.2021 00:53:10.646,1.35469,1.35449,2.35,1
25.08.2021 00:53:10.785,1.35469,1.3545,1.6,1
25.08.2021 00:53:10.891,1.35469,1.3545,1.6,1
25.08.2021 00:53:22.214,1.35469,1.35451,1.6,1
25.08.2021 00:53:26.756,1.3547,1.3545200000000002,1.25,1
25.08.2021 00:53:50.014,1.3547200000000001,1.3545200000000002,4,1
25.08.2021 00:54:03.652,1.3547200000000001,1.3545200000000002,1.2,1
25.08.2021 00:54:03.703,1.3547200000000001,1.3545600000000002,1.5,1
25.08.2021 00:54:03.804,1.3547500000000001,1.35461,1.5,1
25.08.2021 00:54:03.905,1.35481,1.35469,1,1
25.08.2021 00:54:04.056,1.35481,1.3547,1,1
25.08.2021 00:54:04.157,1.35481,1.3547200000000001,1,1
25.08.2021 00:54:04.308,1.35489,1.3547200000000001,1.5,1
25.08.2021 00:54:04.408,1.35493,1.35471,3.79,1
25.08.2021 00:54:04.819,1.3549200000000001,1.35474,2.82,1
25.08.2021 00:54:06.367,1.3549200000000001,1.35474,1.95,1
25.08.2021 00:54:12.344,1.35493,1.3547600000000002,1.6,1
25.08.2021 00:54:13.244,1.35493,1.3547600000000002,1.6,1
25.08.2021 00:54:14.244,1.35494,1.3547600000000002,2.47,1
25.08.2021 00:54:14.932,1.35495,1.3547600000000002,2.47,1
25.08.2021 00:54:15.245,1.35494,1.35477,2.47,1
25.08.2021 00:54:16.194,1.3549600000000002,1.35478,1.5,1
25.08.2021 00:54:16.295,1.355,1.3548600000000002,1.5,1
25.08.2021 00:54:16.396,1.35504,1.3548600000000002,2,1
25.08.2021 00:54:16.496,1.35504,1.3548600000000002,1.5,1
25.08.2021 00:54:16.597,1.35504,1.3548700000000002,1.12,1
25.08.2021 00:54:17.036,1.35505,1.3548700000000002,1.1,1
25.08.2021 00:54:17.376,1.3550700000000002,1.35488,1.22,1
25.08.2021 00:54:17.587,1.3550700000000002,1.35488,1.22,1
25.08.2021 00:54:17.818,1.3550900000000001,1.3548600000000002,4.72,1
25.08.2021 00:54:17.868,1.3550900000000001,1.3548700000000002,1.6,1
25.08.2021 00:54:19.109,1.3551,1.35489,2.85,1
25.08.2021 00:54:20.150,1.3550700000000002,1.35489,1.22,1
25.08.2021 00:54:20.539,1.3550700000000002,1.35489,1.2,1
25.08.2021 00:54:28.798,1.35512,1.35493,3.97,1
25.08.2021 00:54:28.899,1.35511,1.3549700000000002,2.45,1
25.08.2021 00:54:28.950,1.35512,1.3549700000000002,1.97,1
25.08.2021 00:54:29.053,1.35513,1.3549600000000002,1.95,1
25.08.2021 00:54:29.204,1.35514,1.3549700000000002,1.1,1
25.08.2021 00:54:29.355,1.3551600000000001,1.3549700000000002,1.1,1
25.08.2021 00:54:30.531,1.3551600000000001,1.35498,1.6,1
25.08.2021 00:54:32.225,1.35518,1.3549700000000002,1,1
25.08.2021 00:54:32.276,1.3551900000000001,1.3549900000000001,3.07,1
25.08.2021 00:54:32.427,1.35515,1.35498,1,1
25.08.2021 00:54:33.228,1.3552,1.35498,2.35,1
25.08.2021 00:54:34.049,1.3552,1.35498,1.1,1
25.08.2021 00:54:34.178,1.3552,1.35501,1.97,1
25.08.2021 00:54:34.602,1.35521,1.355,1.1,1
25.08.2021 00:54:34.703,1.35521,1.35503,1.22,1
25.08.2021 00:54:34.848,1.35521,1.35503,1.22,1
25.08.2021 00:54:34.949,1.35521,1.35508,1.1,1
25.08.2021 00:54:35.101,1.3552600000000001,1.35508,4.22,1
25.08.2021 00:54:35.202,1.35524,1.35503,1.1,1
25.08.2021 00:54:35.252,1.35524,1.35505,1.1,1
25.08.2021 00:54:35.353,1.35523,1.3550700000000002,1.1,1
25.08.2021 00:54:35.779,1.35523,1.3550600000000002,1.1,1
25.08.2021 00:54:39.104,1.35524,1.35504,1.1,1
25.08.2021 00:54:46.693,1.35521,1.3550200000000001,1,1
25.08.2021 00:54:46.794,1.35518,1.35501,1,1
25.08.2021 00:54:47.046,1.3551700000000002,1.355,1,1
25.08.2021 00:54:48.563,1.35514,1.3549900000000001,1,1
25.08.2021 00:54:49.535,1.35514,1.3549700000000002,1,1
25.08.2021 00:54:49.636,1.35513,1.35495,1,1
25.08.2021 00:54:49.933,1.3551,1.35495,1,1
25.08.2021 00:54:52.747,1.3551,1.35493,1,1
25.08.2021 00:54:53.977,1.3551,1.3549200000000001,1,1
25.08.2021 00:54:54.078,1.3550600000000002,1.35491,1,1
25.08.2021 00:54:54.380,1.3550700000000002,1.35489,1,1
25.08.2021 00:54:55.784,1.3550700000000002,1.35491,1,1
25.08.2021 00:55:01.469,1.3550600000000002,1.35489,1,1
25.08.2021 00:55:12.128,1.35504,1.35489,1,1
25.08.2021 00:56:00.510,1.3550200000000001,1.3548700000000002,1,2.25
25.08.2021 00:56:00.611,1.3550200000000001,1.35484,1,1.5
25.08.2021 00:56:00.712,1.355,1.35483,1,1
25.08.2021 00:56:01.254,1.3549900000000001,1.35483,1,1
25.08.2021 00:56:03.896,1.3549900000000001,1.35481,1,1.5
25.08.2021 00:56:08.501,1.3549700000000002,1.35479,1,2
25.08.2021 00:56:10.940,1.3549700000000002,1.35479,1,1.62
25.08.2021 00:56:28.593,1.35495,1.3548,1,1.5
25.08.2021 00:56:29.140,1.35494,1.35477,1,2.37
25.08.2021 00:56:31.915,1.35494,1.35477,1,1.5
25.08.2021 00:56:39.395,1.35493,1.35477,1,1.5
25.08.2021 00:56:45.174,1.3549,1.3547600000000002,1,1.5
25.08.2021 00:56:45.325,1.3549,1.35474,1,1.1
25.08.2021 00:56:45.426,1.35489,1.35474,1,1
25.08.2021 00:56:45.476,1.35488,1.3547200000000001,1,1.5
25.08.2021 00:56:45.578,1.3548200000000001,1.3547200000000001,1,1
25.08.2021 00:56:45.628,1.35484,1.35467,1,1
25.08.2021 00:56:45.729,1.35483,1.35467,1,1.62
25.08.2021 00:56:46.396,1.35483,1.35467,1,1.12
25.08.2021 00:57:00.586,1.35483,1.35467,1,3.87
25.08.2021 00:57:02.655,1.35483,1.35467,1,3.12
25.08.2021 00:57:11.057,1.3548200000000001,1.35467,1,2.37
25.08.2021 00:57:11.107,1.35479,1.3546600000000002,1,1.62
25.08.2021 00:57:11.158,1.35479,1.3546500000000001,1,1
25.08.2021 00:57:11.410,1.35478,1.35464,1,1
25.08.2021 00:57:12.399,1.35479,1.3546200000000002,1,1.62
25.08.2021 00:57:15.983,1.35477,1.35461,1,1.5
25.08.2021 00:57:16.531,1.35483,1.3546799999999999,1.12,1
25.08.2021 00:57:23.213,1.3548200000000001,1.3546500000000001,1,1
25.08.2021 00:57:28.999,1.3548,1.35463,1,1
25.08.2021 00:57:44.023,1.35478,1.35463,1,1
25.08.2021 00:57:47.116,1.35478,1.3546200000000002,1,1.12
25.08.2021 00:58:01.966,1.35477,1.35461,1,1
25.08.2021 00:58:14.412,1.35479,1.35458,1,1.5
25.08.2021 00:58:14.513,1.35478,1.35457,1,1.5
25.08.2021 00:58:14.696,1.35478,1.35454,1,2.82
25.08.2021 00:58:14.898,1.35474,1.3545500000000001,1,1.5
25.08.2021 00:58:16.721,1.35474,1.35453,1,1.5
25.08.2021 00:58:16.822,1.3547200000000001,1.3545,1,1.6
25.08.2021 00:58:16.923,1.3547,1.35451,1,1.5
25.08.2021 00:58:16.973,1.35471,1.3545,1,1
25.08.2021 00:58:54.140,1.35469,1.35447,1,2
25.08.2021 00:58:54.242,1.35464,1.35447,1,2
25.08.2021 00:58:54.343,1.35464,1.35446,1,1
25.08.2021 00:58:54.393,1.35463,1.3544500000000002,1,1
25.08.2021 00:58:54.494,1.35463,1.35447,1,1
25.08.2021 00:59:06.479,1.3546,1.35446,1,1.12
25.08.2021 00:59:06.530,1.35463,1.35447,1,1
25.08.2021 00:59:06.581,1.3546500000000001,1.35449,1,1
25.08.2021 00:59:07.196,1.3546500000000001,1.35448,1,1
25.08.2021 00:59:07.652,1.3546600000000002,1.35446,1,1
25.08.2021 00:59:12.867,1.35467,1.35448,1,1
25.08.2021 00:59:57.595,1.35464,1.35447,1,1
25.08.2021 01:00:00.446,1.35463,1.3544500000000002,1,1.5
25.08.2021 01:00:01.601,1.35463,1.35448,1,1
25.08.2021 01:00:05.344,1.35464,1.3544500000000002,1,1.87
25.08.2021 01:00:05.641,1.35463,1.35448,1,1
25.08.2021 01:00:39.806,1.35463,1.35447,1,1
25.08.2021 01:00:39.907,1.35454,1.35446,1.12,1
25.08.2021 01:00:40.108,1.35453,1.35438,2,2.25
25.08.2021 01:00:40.410,1.35453,1.35438,1.62,1
25.08.2021 01:00:43.460,1.35449,1.3543500000000002,1,1
25.08.2021 01:00:43.511,1.35449,1.3543500000000002,1.5,1
25.08.2021 01:00:43.612,1.3544500000000002,1.35428,1.5,1
25.08.2021 01:00:43.722,1.35444,1.35429,1.62,1
25.08.2021 01:00:43.924,1.3544500000000002,1.35428,1.7,1
25.08.2021 01:00:44.584,1.3544200000000002,1.35427,1.5,1
25.08.2021 01:00:44.696,1.3544200000000002,1.35427,1.5,1
25.08.2021 01:00:45.125,1.3544200000000002,1.35427,1.5,1
25.08.2021 01:00:45.226,1.3544200000000002,1.35427,1.12,1
25.08.2021 01:00:47.048,1.3544500000000002,1.35428,1.12,1
25.08.2021 01:00:57.125,1.35447,1.3543,1.81,1
25.08.2021 01:01:02.177,1.35447,1.3543,1.5,1
25.08.2021 01:01:02.227,1.35448,1.3543100000000001,1.5,1
25.08.2021 01:01:03.098,1.35449,1.35433,1.5,1
25.08.2021 01:01:03.259,1.3545,1.35434,1.5,1
25.08.2021 01:01:03.574,1.35451,1.35436,1.12,1
25.08.2021 01:01:03.624,1.35454,1.35437,2.37,1
25.08.2021 01:01:04.700,1.35453,1.35438,1.12,1
25.08.2021 01:01:16.981,1.3545600000000002,1.35438,1.5,1
25.08.2021 01:01:26.134,1.35458,1.3544,1.12,1
25.08.2021 01:01:26.285,1.35459,1.3544200000000002,1.5,1
25.08.2021 01:01:26.487,1.3546,1.3544200000000002,1.12,1
25.08.2021 01:01:26.588,1.3546200000000002,1.35443,1,1
25.08.2021 01:01:26.689,1.35461,1.3544500000000002,1.5,1
25.08.2021 01:01:28.635,1.35463,1.35446,1.12,1
25.08.2021 01:01:36.079,1.35467,1.3545200000000002,1,1
25.08.2021 01:01:36.230,1.35474,1.3545500000000001,3.45,1
25.08.2021 01:01:36.281,1.3547500000000001,1.35458,1.57,1
25.08.2021 01:01:36.382,1.35479,1.3546,3.22,1
25.08.2021 01:01:36.640,1.3548,1.35461,1,1
25.08.2021 01:01:36.741,1.35481,1.3546200000000002,1.5,1
25.08.2021 01:01:36.842,1.35485,1.35461,1.85,1
25.08.2021 01:01:37.191,1.3548700000000002,1.35463,2.29,1
25.08.2021 01:01:37.295,1.3548700000000002,1.35463,1.6,1
25.08.2021 01:01:37.396,1.3548600000000002,1.35469,1.6,1
25.08.2021 01:01:37.446,1.35488,1.3546500000000001,1.72,1
25.08.2021 01:01:37.547,1.3548700000000002,1.35469,1.1,1
25.08.2021 01:01:37.648,1.35488,1.3546799999999999,1.1,1
25.08.2021 01:01:37.749,1.35489,1.3546500000000001,1.6,1
25.08.2021 01:01:37.850,1.3549,1.3547200000000001,1.6,1
25.08.2021 01:01:38.002,1.35491,1.35471,2.1,1
25.08.2021 01:01:38.052,1.3549,1.35469,1.6,1
25.08.2021 01:01:38.154,1.35491,1.3547200000000001,3.97,1
25.08.2021 01:01:38.448,1.35491,1.3547200000000001,3.97,1
25.08.2021 01:01:38.619,1.3549,1.35469,1.6,1
25.08.2021 01:01:38.919,1.35491,1.3547,1.6,1
25.08.2021 01:01:39.641,1.35489,1.3547,1.1,1
25.08.2021 01:01:39.744,1.35489,1.3547,1.1,1
25.08.2021 01:01:43.206,1.35488,1.35471,1.1,1
25.08.2021 01:01:44.082,1.3548700000000002,1.35467,1.5,1
25.08.2021 01:01:44.351,1.35488,1.3547,1.1,1
25.08.2021 01:02:02.394,1.3548600000000002,1.3546799999999999,1.5,1
25.08.2021 01:02:19.710,1.3548700000000002,1.35469,1,1
25.08.2021 01:02:19.811,1.35489,1.3547,1.5,1
25.08.2021 01:02:19.862,1.35489,1.3547,1,1
25.08.2021 01:02:19.912,1.3549,1.3547200000000001,1,1
25.08.2021 01:02:20.013,1.35493,1.35474,3.12,1
25.08.2021 01:02:20.164,1.3549200000000001,1.3547600000000002,1,1
25.08.2021 01:02:20.602,1.35493,1.35477,1,1
25.08.2021 01:02:21.028,1.3549600000000002,1.3547600000000002,1.5,1
25.08.2021 01:02:21.139,1.3549600000000002,1.35477,1,1
25.08.2021 01:02:21.240,1.3549600000000002,1.35479,1,1
25.08.2021 01:02:21.291,1.35498,1.35478,1,1
25.08.2021 01:02:21.391,1.3549900000000001,1.35484,1,1
25.08.2021 01:02:21.493,1.3549900000000001,1.3548600000000002,1,1
25.08.2021 01:02:21.694,1.355,1.3548600000000002,1,1
25.08.2021 01:02:21.745,1.3550200000000001,1.35483,1.5,1
25.08.2021 01:02:21.896,1.355,1.35483,1.12,1
25.08.2021 01:02:26.334,1.355,1.3548200000000001,1,1
25.08.2021 01:02:26.587,1.35498,1.35481,1,1
25.08.2021 01:02:50.421,1.3549700000000002,1.35483,1,1
25.08.2021 01:02:55.297,1.3549900000000001,1.35483,1,1
25.08.2021 01:03:02.615,1.355,1.35484,1,1
25.08.2021 01:03:02.888,1.3549900000000001,1.3548200000000001,1,1.5
25.08.2021 01:03:05.088,1.35501,1.3548700000000002,1,1
25.08.2021 01:03:05.189,1.35501,1.35489,1,1
25.08.2021 01:03:05.422,1.3550200000000001,1.35485,1,1
25.08.2021 01:03:05.473,1.3550200000000001,1.35483,1,1
25.08.2021 01:03:05.523,1.3550200000000001,1.35483,1,1
25.08.2021 01:03:05.625,1.35501,1.35484,1,1
25.08.2021 01:03:05.726,1.35501,1.35484,1,1
25.08.2021 01:03:05.827,1.355,1.3548700000000002,1,1
25.08.2021 01:03:06.036,1.355,1.3548700000000002,1,1
25.08.2021 01:03:06.137,1.355,1.3548600000000002,1,1
25.08.2021 01:03:06.187,1.35501,1.3548200000000001,1,1.5
25.08.2021 01:03:06.238,1.35501,1.35488,1,1
25.08.2021 01:03:06.362,1.3550200000000001,1.35488,1,1
25.08.2021 01:03:06.513,1.35501,1.3548700000000002,1,1
25.08.2021 01:03:07.855,1.355,1.35483,1,1
25.08.2021 01:03:07.905,1.355,1.35481,1,1
25.08.2021 01:03:08.011,1.3549900000000001,1.3548200000000001,1,1
25.08.2021 01:03:16.134,1.3549900000000001,1.3548200000000001,1,1
25.08.2021 01:03:16.235,1.3549700000000002,1.35481,1.12,1
25.08.2021 01:03:16.401,1.3549600000000002,1.35481,1.5,1
25.08.2021 01:03:26.229,1.35495,1.35483,1.5,1
25.08.2021 01:03:26.280,1.3549600000000002,1.3548600000000002,1.5,1
25.08.2021 01:03:26.381,1.3549700000000002,1.3548600000000002,1,1
25.08.2021 01:03:26.584,1.3549700000000002,1.35484,1,1
25.08.2021 01:03:27.583,1.3549600000000002,1.3548700000000002,1,1
25.08.2021 01:03:27.633,1.3549600000000002,1.35485,1,1
25.08.2021 01:03:29.055,1.355,1.35485,1.75,1
25.08.2021 01:03:30.101,1.35501,1.3548600000000002,1.75,1
25.08.2021 01:03:32.024,1.35501,1.3548600000000002,1.75,1
25.08.2021 01:03:37.838,1.3550200000000001,1.3548700000000002,3.31,1
25.08.2021 01:03:37.939,1.3550200000000001,1.3548600000000002,3.31,1
25.08.2021 01:03:40.455,1.35504,1.35485,1.81,1
25.08.2021 01:03:40.556,1.35504,1.35488,1,1
25.08.2021 01:04:09.491,1.35504,1.35489,1,1
25.08.2021 01:04:30.167,1.35504,1.35491,1.75,1
25.08.2021 01:04:30.468,1.35505,1.35488,1.75,1
25.08.2021 01:04:30.633,1.35505,1.35488,1.75,1
25.08.2021 01:04:30.734,1.3550200000000001,1.35491,1,1
25.08.2021 01:04:30.999,1.35503,1.35488,1,1
25.08.2021 01:04:32.587,1.3550600000000002,1.35488,1,1
25.08.2021 01:04:40.291,1.3550700000000002,1.35488,1.75,1
25.08.2021 01:04:52.936,1.35503,1.35489,1.25,1
25.08.2021 01:04:53.458,1.35501,1.35488,1,1
25.08.2021 01:05:08.892,1.35505,1.35488,1.75,1
25.08.2021 01:05:09.233,1.35504,1.3548700000000002,1.75,1
25.08.2021 01:05:10.323,1.35505,1.35489,3.01,1
25.08.2021 01:05:10.576,1.3550600000000002,1.35488,1.89,1
25.08.2021 01:05:15.210,1.35504,1.3549,2.19,1
25.08.2021 01:05:15.261,1.3550700000000002,1.35489,1.95,1
25.08.2021 01:05:15.311,1.3550700000000002,1.35493,1.5,1
25.08.2021 01:05:15.412,1.3550900000000001,1.35493,1.6,1
25.08.2021 01:05:15.513,1.3551,1.35493,1.6,1
25.08.2021 01:05:15.564,1.35513,1.35495,3.12,1
25.08.2021 01:05:15.614,1.35513,1.3549700000000002,3.12,1
25.08.2021 01:05:15.715,1.3551700000000002,1.3549900000000001,1.72,1
25.08.2021 01:05:15.816,1.3551700000000002,1.355,1.12,1
25.08.2021 01:05:15.917,1.3551900000000001,1.355,2.07,1
25.08.2021 01:05:16.119,1.35522,1.35504,1.1,1
25.08.2021 01:05:16.320,1.35524,1.3550600000000002,1.72,1
25.08.2021 01:05:16.522,1.35523,1.35504,1.5,1
25.08.2021 01:05:17.465,1.35524,1.35503,1.87,1
25.08.2021 01:05:20.560,1.35523,1.35504,1.62,1
25.08.2021 01:05:23.306,1.35524,1.3550600000000002,1,1
25.08.2021 01:05:23.407,1.35523,1.35505,1,1
25.08.2021 01:05:24.078,1.35524,1.35504,1,1
25.08.2021 01:05:25.679,1.35524,1.35505,1,1
25.08.2021 01:05:27.130,1.35524,1.35505,1,1
25.08.2021 01:05:29.515,1.35523,1.35505,1,1
25.08.2021 01:05:31.200,1.35525,1.35504,1.62,1
25.08.2021 01:05:31.251,1.35525,1.3550600000000002,1,1
25.08.2021 01:05:31.710,1.35524,1.35508,1,1
25.08.2021 01:05:32.361,1.3552600000000001,1.3550700000000002,1.1,1
25.08.2021 01:05:32.462,1.35525,1.35508,1.1,1
25.08.2021 01:05:34.688,1.35525,1.35508,1.1,1
25.08.2021 01:05:37.068,1.3552600000000001,1.3551,1.1,1
25.08.2021 01:05:37.169,1.3553000000000002,1.35513,1.95,1
25.08.2021 01:05:37.371,1.35533,1.35518,1.7,1
25.08.2021 01:05:37.472,1.35535,1.35521,1.6,1
25.08.2021 01:05:37.572,1.3553700000000002,1.3552,1.1,1
25.08.2021 01:05:38.560,1.35539,1.3552,3.82,1
25.08.2021 01:05:38.660,1.35541,1.35523,1.72,1
25.08.2021 01:05:38.761,1.35542,1.35524,1.1,1
25.08.2021 01:05:38.862,1.35541,1.35523,1,1
25.08.2021 01:05:39.270,1.35542,1.35525,1,1
25.08.2021 01:05:39.956,1.35544,1.35525,2.91,1
25.08.2021 01:05:41.222,1.35544,1.35525,2.89,1
25.08.2021 01:05:41.670,1.35542,1.3552600000000001,1,1
25.08.2021 01:05:42.485,1.35542,1.35525,1,1
25.08.2021 01:05:45.163,1.3554000000000002,1.3552600000000001,1,1
25.08.2021 01:05:45.304,1.35541,1.3552600000000001,1,1
25.08.2021 01:05:50.011,1.35539,1.35525,1,1
25.08.2021 01:05:50.061,1.35541,1.35525,2.54,1
25.08.2021 01:05:50.162,1.3554000000000002,1.35525,1.1,1
25.08.2021 01:05:50.440,1.35541,1.35524,1.1,1
25.08.2021 01:05:50.541,1.35541,1.35524,1.1,1
25.08.2021 01:05:52.862,1.35544,1.3553000000000002,1.6,1
25.08.2021 01:05:52.912,1.35546,1.3552600000000001,2,1
25.08.2021 01:05:53.013,1.3554700000000002,1.35532,1.12,1
25.08.2021 01:05:53.064,1.3554700000000002,1.3553000000000002,1.95,1
25.08.2021 01:05:53.237,1.35548,1.35529,2,1
25.08.2021 01:05:53.338,1.3554700000000002,1.3553000000000002,1,1
25.08.2021 01:05:53.555,1.35548,1.3552700000000002,1,1
25.08.2021 01:05:53.733,1.35548,1.3553000000000002,1.2,1
25.08.2021 01:05:53.834,1.35549,1.35529,2.07,1
25.08.2021 01:05:54.146,1.35549,1.35529,2.1,1
25.08.2021 01:05:56.501,1.3554700000000002,1.35529,1.5,1
25.08.2021 01:05:59.296,1.35545,1.35528,2.07,1
25.08.2021 01:06:00.100,1.35546,1.3552700000000002,2.45,1
25.08.2021 01:06:00.548,1.35544,1.3552600000000001,1.87,1
25.08.2021 01:06:00.649,1.35543,1.3552700000000002,2,1
25.08.2021 01:06:02.899,1.35544,1.3552600000000001,2,1
25.08.2021 01:06:09.680,1.35543,1.35524,1.5,1
25.08.2021 01:06:09.781,1.35541,1.35521,1,1
25.08.2021 01:06:09.831,1.35538,1.35521,1,1
25.08.2021 01:06:10.083,1.3553700000000002,1.35521,1.5,1
25.08.2021 01:06:10.184,1.3553600000000001,1.3551900000000001,1,1
25.08.2021 01:06:10.386,1.3553600000000001,1.3552,1.7,1
25.08.2021 01:06:10.436,1.35534,1.3551700000000002,1,1
25.08.2021 01:06:11.134,1.35532,1.3551700000000002,1,1
25.08.2021 01:06:11.336,1.35531,1.35515,1,1
25.08.2021 01:06:12.208,1.35531,1.35515,1.5,1
25.08.2021 01:06:12.797,1.35531,1.35513,1.12,1
25.08.2021 01:06:16.062,1.35529,1.35513,1,1
25.08.2021 01:06:16.933,1.3552600000000001,1.35511,1,1
25.08.2021 01:06:17.060,1.35523,1.3550700000000002,1,1.12
25.08.2021 01:06:17.677,1.35522,1.35505,1,2
25.08.2021 01:06:18.140,1.35521,1.3550600000000002,1,1
25.08.2021 01:06:18.954,1.35523,1.35508,1,1
25.08.2021 01:06:23.580,1.3552600000000001,1.35508,1.12,1
25.08.2021 01:06:27.094,1.3552600000000001,1.35511,1.57,1
25.08.2021 01:06:27.608,1.35525,1.35508,1,1
25.08.2021 01:06:31.406,1.3552700000000002,1.3551,1,1
25.08.2021 01:06:33.570,1.3552600000000001,1.3550900000000001,1,1
25.08.2021 01:06:33.671,1.3552,1.35505,1,1
25.08.2021 01:06:33.772,1.35518,1.35501,1,2
25.08.2021 01:06:33.873,1.35518,1.35501,1,1.12
25.08.2021 01:06:34.024,1.3551700000000002,1.355,1,1.12
25.08.2021 01:06:41.039,1.3551900000000001,1.35501,1.57,1
25.08.2021 01:06:50.335,1.3551700000000002,1.35501,1.5,1
25.08.2021 01:06:52.091,1.35518,1.35503,1,1
25.08.2021 01:06:53.116,1.3552,1.3550200000000001,1,1
25.08.2021 01:06:57.076,1.3551900000000001,1.3550200000000001,1,1
25.08.2021 01:06:57.575,1.35518,1.35501,1,1
25.08.2021 01:06:57.625,1.35514,1.35501,1,1
25.08.2021 01:06:57.726,1.35514,1.3550200000000001,1,1
25.08.2021 01:06:59.646,1.35515,1.3549900000000001,1,1
25.08.2021 01:06:59.747,1.35513,1.3549900000000001,1,1
25.08.2021 01:07:00.531,1.3551600000000001,1.35498,2.75,1
25.08.2021 01:07:00.682,1.3551600000000001,1.3550200000000001,1.87,1
25.08.2021 01:07:00.783,1.35518,1.355,1.5,1
25.08.2021 01:07:00.884,1.3551700000000002,1.35501,1,1
25.08.2021 01:07:01.744,1.35518,1.35501,1.5,1
25.08.2021 01:07:02.243,1.35518,1.355,1,1
25.08.2021 01:07:07.825,1.35518,1.35501,1.87,1
25.08.2021 01:07:08.844,1.3551700000000002,1.35501,1,1
25.08.2021 01:07:10.332,1.35518,1.35501,3.37,1
25.08.2021 01:07:11.237,1.35518,1.355,1,1
25.08.2021 01:07:22.240,1.3551900000000001,1.355,1.87,1
25.08.2021 01:07:27.619,1.3551700000000002,1.35501,1,1
25.08.2021 01:07:29.509,1.35518,1.35501,1.87,1
25.08.2021 01:07:31.105,1.35518,1.355,1,1
25.08.2021 01:07:31.245,1.3551900000000001,1.355,1.87,1
25.08.2021 01:07:36.761,1.3551700000000002,1.35501,1.5,1
25.08.2021 01:07:36.862,1.35518,1.355,2,1
25.08.2021 01:07:38.875,1.35515,1.355,1.5,1
25.08.2021 01:07:43.772,1.35514,1.3549900000000001,1.12,1
25.08.2021 01:07:45.524,1.35513,1.3549900000000001,1,1
25.08.2021 01:07:45.625,1.35508,1.3549200000000001,2.7,1.5
25.08.2021 01:07:45.676,1.3550700000000002,1.35489,1,1.12
25.08.2021 01:07:45.988,1.3550700000000002,1.35489,1.6,1
25.08.2021 01:07:46.089,1.3550700000000002,1.35489,2.85,1
25.08.2021 01:07:46.139,1.35505,1.3548700000000002,1.1,1
25.08.2021 01:07:46.240,1.35505,1.3548700000000002,1.6,1
25.08.2021 01:07:46.537,1.35504,1.3548600000000002,1.1,1
25.08.2021 01:07:46.638,1.3550200000000001,1.3548600000000002,1.1,1
25.08.2021 01:07:47.048,1.3550200000000001,1.3548600000000002,1,1
25.08.2021 01:07:47.149,1.35503,1.3548600000000002,1,1
25.08.2021 01:08:00.294,1.35504,1.3548600000000002,1.2,1
25.08.2021 01:08:05.620,1.35504,1.35485,1,1
25.08.2021 01:08:05.763,1.35504,1.3548600000000002,3.45,1
25.08.2021 01:08:06.908,1.35503,1.3548600000000002,1,1
25.08.2021 01:08:12.926,1.35504,1.3548600000000002,3.45,1
25.08.2021 01:08:13.934,1.35505,1.35489,2.07,1
25.08.2021 01:08:15.012,1.3550700000000002,1.35488,1.6,1
25.08.2021 01:08:16.898,1.35508,1.35489,2.85,1
25.08.2021 01:08:19.126,1.35508,1.3549,2.1,1
25.08.2021 01:08:19.177,1.35508,1.35491,2.1,1
25.08.2021 01:08:19.278,1.35508,1.3549200000000001,2.1,1
25.08.2021 01:08:20.186,1.35512,1.3549200000000001,3.5,1
25.08.2021 01:08:20.338,1.35512,1.35494,2.75,1
25.08.2021 01:08:20.389,1.35512,1.35495,2,1
25.08.2021 01:08:20.540,1.35511,1.3549700000000002,2,1
25.08.2021 01:08:20.591,1.35512,1.3549700000000002,1,1
25.08.2021 01:08:20.933,1.35513,1.35498,1.5,1
25.08.2021 01:08:21.896,1.3551600000000001,1.3549700000000002,2,1
25.08.2021 01:08:24.592,1.3551600000000001,1.355,2.62,1
25.08.2021 01:08:24.643,1.35518,1.35501,2,1
25.08.2021 01:08:24.749,1.35521,1.35504,2,1
25.08.2021 01:08:24.800,1.35521,1.35504,1.5,1
25.08.2021 01:08:24.850,1.35521,1.3550600000000002,1.5,1
25.08.2021 01:08:24.951,1.35522,1.3550600000000002,1.12,1
25.08.2021 01:08:25.052,1.35524,1.35508,1.87,1
25.08.2021 01:08:25.253,1.3552600000000001,1.3550900000000001,1.5,1
25.08.2021 01:08:25.354,1.35529,1.3551,2,1
25.08.2021 01:08:25.455,1.35529,1.35511,2.25,1
25.08.2021 01:08:26.118,1.35531,1.35511,1.87,1
25.08.2021 01:08:26.269,1.35531,1.35513,1.62,1
25.08.2021 01:08:28.131,1.35532,1.35512,1.12,1
25.08.2021 01:08:28.494,1.35532,1.35515,1.5,1
25.08.2021 01:08:31.096,1.35535,1.35515,2.37,1
25.08.2021 01:08:31.354,1.35534,1.3551700000000002,1.5,1
25.08.2021 01:08:31.556,1.3553600000000001,1.35518,2,1
25.08.2021 01:08:31.657,1.35538,1.3551900000000001,3.5,1
25.08.2021 01:08:31.758,1.35539,1.3551900000000001,2.37,1
25.08.2021 01:08:31.915,1.35539,1.3552,1.62,1
25.08.2021 01:08:32.329,1.35539,1.35522,1.62,1
25.08.2021 01:08:34.856,1.35543,1.35522,2.82,1
25.08.2021 01:08:36.411,1.35542,1.35523,1.5,1
25.08.2021 01:08:49.835,1.35543,1.35525,1.5,1
25.08.2021 01:08:50.402,1.35542,1.3552600000000001,1.12,1
25.08.2021 01:08:51.487,1.35544,1.3552700000000002,1.5,1
25.08.2021 01:08:54.306,1.35545,1.3552600000000001,1.12,1
25.08.2021 01:08:55.124,1.35544,1.3552600000000001,1,1
25.08.2021 01:08:56.125,1.35542,1.3552700000000002,1,1
25.08.2021 01:08:56.849,1.35543,1.35524,2.25,1
25.08.2021 01:08:57.214,1.35542,1.35524,1,1
25.08.2021 01:08:58.417,1.35541,1.35524,1,1
25.08.2021 01:09:00.515,1.35541,1.35525,1.5,1
25.08.2021 01:09:00.616,1.35539,1.35524,1,1
25.08.2021 01:09:01.037,1.3553700000000002,1.35521,1,1
25.08.2021 01:09:02.425,1.3553700000000002,1.3551900000000001,1,1
25.08.2021 01:09:02.526,1.35534,1.3551600000000001,1,1.12
25.08.2021 01:09:03.777,1.35531,1.35515,1,1
25.08.2021 01:09:36.668,1.35532,1.3551700000000002,1,1
25.08.2021 01:10:04.177,1.35535,1.3552,1,1
25.08.2021 01:10:04.379,1.3553600000000001,1.35521,1,1
25.08.2021 01:10:04.580,1.3553600000000001,1.3551900000000001,1,1.5
25.08.2021 01:10:04.632,1.3553700000000002,1.35522,1.5,1
25.08.2021 01:10:25.852,1.3553600000000001,1.35521,1,1
25.08.2021 01:10:47.724,1.3553700000000002,1.35522,1,1
25.08.2021 01:10:47.987,1.35535,1.35521,1,1
25.08.2021 01:10:48.138,1.35538,1.35521,1,1
25.08.2021 01:10:54.313,1.35535,1.35521,1,1.12
25.08.2021 01:10:54.464,1.3553600000000001,1.3551900000000001,1,1
25.08.2021 01:10:54.649,1.3553600000000001,1.3552,1,1
25.08.2021 01:10:56.255,1.35534,1.3552,1,1
25.08.2021 01:10:57.998,1.35531,1.35515,1,1
25.08.2021 01:10:58.586,1.35529,1.35515,1,1.5
25.08.2021 01:10:58.819,1.35531,1.35514,1,1.62
25.08.2021 01:11:00.777,1.35531,1.35514,1,1.62
25.08.2021 01:11:00.828,1.35532,1.3551600000000001,1,1.5
25.08.2021 01:11:00.946,1.35532,1.35515,1,1.5
25.08.2021 01:11:01.073,1.35532,1.35515,1,2.75
25.08.2021 01:11:01.375,1.35531,1.3551700000000002,1,1.5
25.08.2021 01:11:04.335,1.35531,1.3551700000000002,1,1.5
25.08.2021 01:11:11.965,1.35532,1.3551600000000001,1,1.62
25.08.2021 01:11:12.073,1.35532,1.3551600000000001,1,2
25.08.2021 01:11:13.965,1.35532,1.3551900000000001,1,1
25.08.2021 01:11:14.066,1.35532,1.35515,1,1
25.08.2021 01:11:14.117,1.35529,1.35515,1,1
25.08.2021 01:11:14.294,1.35529,1.35513,1,1.62
25.08.2021 01:11:26.848,1.35528,1.35513,1,1
25.08.2021 01:11:26.949,1.35525,1.3550900000000001,1,1
25.08.2021 01:11:27.051,1.35525,1.3550900000000001,1,1
25.08.2021 01:11:27.152,1.35525,1.3550900000000001,1,1
25.08.2021 01:11:27.253,1.35524,1.3551,1,1
25.08.2021 01:11:27.423,1.35525,1.3550900000000001,1,1
25.08.2021 01:11:28.027,1.35524,1.3551,1,1
25.08.2021 01:11:38.012,1.35522,1.35508,1,1
25.08.2021 01:11:38.981,1.35522,1.3550700000000002,1,1
25.08.2021 01:11:39.121,1.35521,1.35508,1,1
25.08.2021 01:11:49.134,1.35522,1.35504,1,3.22
25.08.2021 01:11:49.285,1.3551900000000001,1.35504,1,2.07
25.08.2021 01:11:49.336,1.3551900000000001,1.35504,1,2
25.08.2021 01:11:49.487,1.3551700000000002,1.3550200000000001,1,1
25.08.2021 01:11:50.637,1.35518,1.35503,1,1.5
25.08.2021 01:11:51.428,1.35518,1.3550200000000001,1,2.37
25.08.2021 01:11:52.389,1.35518,1.3550200000000001,1,2.37
25.08.2021 01:11:53.504,1.3551600000000001,1.3550200000000001,1,2.37
25.08.2021 01:11:53.554,1.3551600000000001,1.3550200000000001,1,1
25.08.2021 01:11:53.605,1.35514,1.355,1,1.62
25.08.2021 01:11:53.706,1.35515,1.3549600000000002,1,4.72
25.08.2021 01:11:54.008,1.35512,1.3549700000000002,1,1.62
25.08.2021 01:11:54.118,1.35513,1.3549600000000002,1,1.5
25.08.2021 01:11:55.198,1.35512,1.35495,1,1
25.08.2021 01:11:55.962,1.35511,1.35495,1,1
25.08.2021 01:12:00.416,1.35511,1.35493,1,1
25.08.2021 01:12:02.750,1.35508,1.35494,1,1.62
25.08.2021 01:12:02.901,1.3550900000000001,1.3549200000000001,1,1.7
25.08.2021 01:12:05.923,1.35508,1.35494,1,1
25.08.2021 01:12:07.291,1.35508,1.3549200000000001,1,1.6
25.08.2021 01:12:07.393,1.35505,1.35488,1,2
25.08.2021 01:12:07.494,1.35505,1.35485,1,3.6
25.08.2021 01:12:07.544,1.35501,1.35485,1,1.6
25.08.2021 01:12:07.595,1.3549900000000001,1.35484,1,1.5
25.08.2021 01:12:07.696,1.3549600000000002,1.35481,1,1.62
25.08.2021 01:12:07.746,1.3549700000000002,1.3548,1,1.12
25.08.2021 01:12:07.847,1.3549700000000002,1.35479,1,1
25.08.2021 01:12:07.948,1.35498,1.3547600000000002,1,1.6
25.08.2021 01:12:08.099,1.3549700000000002,1.35477,1,1.1
25.08.2021 01:12:08.241,1.35494,1.3547600000000002,1,1.5
25.08.2021 01:12:12.536,1.35494,1.3547600000000002,1,1.5
25.08.2021 01:12:19.647,1.3549600000000002,1.35477,1,1.6
25.08.2021 01:12:19.780,1.35495,1.35478,1,1.6
25.08.2021 01:12:20.034,1.3549600000000002,1.35477,1,1.6
25.08.2021 01:12:21.865,1.35494,1.3547600000000002,1,1.62
25.08.2021 01:12:21.966,1.35491,1.35477,1,1
25.08.2021 01:12:22.067,1.3549200000000001,1.3547600000000002,1,1
25.08.2021 01:12:22.168,1.35491,1.35477,1,1
25.08.2021 01:12:22.452,1.3549200000000001,1.3547600000000002,1,1
25.08.2021 01:12:23.514,1.35491,1.3547600000000002,1,1
25.08.2021 01:12:24.115,1.35491,1.3547600000000002,1,1
25.08.2021 01:12:24.306,1.3549200000000001,1.3547500000000001,1,1
25.08.2021 01:12:25.774,1.35491,1.3547600000000002,1,1
25.08.2021 01:12:28.897,1.35491,1.3547600000000002,1,1
25.08.2021 01:12:29.049,1.35489,1.35473,1,1
25.08.2021 01:12:29.275,1.35489,1.35474,1,1
25.08.2021 01:12:29.325,1.3549200000000001,1.35473,1,1
25.08.2021 01:12:29.426,1.3549200000000001,1.35473,1,1
25.08.2021 01:12:35.711,1.3549200000000001,1.35473,1,1
25.08.2021 01:12:36.869,1.3549,1.35474,1,1
25.08.2021 01:12:50.840,1.35491,1.35473,1,1
25.08.2021 01:12:50.941,1.35488,1.3547,1,1.81
25.08.2021 01:12:51.043,1.35488,1.3547,1,1.81
25.08.2021 01:12:51.446,1.3548700000000002,1.35474,1,1
25.08.2021 01:12:53.824,1.35489,1.35474,1,1
25.08.2021 01:12:53.925,1.35489,1.35473,1,1
25.08.2021 01:12:54.026,1.35489,1.35474,1,1
25.08.2021 01:12:55.270,1.3549,1.3547500000000001,1,1
25.08.2021 01:12:55.371,1.35491,1.3547600000000002,1,1
25.08.2021 01:12:55.478,1.35491,1.3547600000000002,1,1
25.08.2021 01:13:02.146,1.35493,1.3547500000000001,1,2.75
25.08.2021 01:13:02.247,1.3549700000000002,1.35481,1,1
25.08.2021 01:13:02.553,1.3549700000000002,1.3548200000000001,1,1
25.08.2021 01:13:19.928,1.3550200000000001,1.3548200000000001,2.32,1
25.08.2021 01:13:27.555,1.3550200000000001,1.35484,1,1
25.08.2021 01:13:34.147,1.3550200000000001,1.35485,3.07,1
25.08.2021 01:13:36.048,1.35501,1.35485,1,1
25.08.2021 01:13:36.844,1.35503,1.35484,3.82,1
25.08.2021 01:13:36.995,1.35503,1.35485,3.82,1
25.08.2021 01:13:38.416,1.3550200000000001,1.35485,1,1
25.08.2021 01:13:39.772,1.355,1.35484,1,1
25.08.2021 01:13:39.823,1.3549700000000002,1.3548,1,1.5
25.08.2021 01:13:41.764,1.3549700000000002,1.3548,1,1.62
25.08.2021 01:13:42.173,1.3549700000000002,1.35479,1,1.62
25.08.2021 01:13:42.282,1.35495,1.35479,1,1
25.08.2021 01:13:42.557,1.35494,1.3548,1,1
25.08.2021 01:13:42.658,1.35494,1.35479,1,1
25.08.2021 01:13:43.611,1.35494,1.35478,1,1.87
25.08.2021 01:13:45.511,1.3549200000000001,1.35478,1,1
25.08.2021 01:13:46.930,1.3549200000000001,1.35477,1,1.5
25.08.2021 01:15:07.470,1.35493,1.35477,1,1
25.08.2021 01:15:07.589,1.35494,1.35477,1,1
25.08.2021 01:15:07.693,1.35493,1.35479,1,1
25.08.2021 01:15:10.412,1.35494,1.35477,1,1
25.08.2021 01:15:16.436,1.35495,1.35477,1,1
25.08.2021 01:15:25.244,1.3549600000000002,1.35479,1,1
25.08.2021 01:15:33.255,1.3549700000000002,1.35479,1,1
25.08.2021 01:15:33.365,1.3549700000000002,1.3548200000000001,1,1
25.08.2021 01:15:36.256,1.35495,1.35481,1,1
25.08.2021 01:16:14.925,1.35495,1.3548,1,1
25.08.2021 01:17:02.840,1.3549700000000002,1.35481,1,1.5
25.08.2021 01:17:02.890,1.3549900000000001,1.3548200000000001,1.5,1.12
25.08.2021 01:17:03.046,1.35498,1.35483,1.5,1.5
25.08.2021 01:17:07.302,1.3549900000000001,1.35485,1,1
25.08.2021 01:17:07.403,1.35498,1.35489,1,1
25.08.2021 01:17:07.555,1.3549900000000001,1.35489,1,1
25.08.2021 01:17:07.656,1.35498,1.35489,1,1
25.08.2021 01:17:07.874,1.3549900000000001,1.3549,1,1
25.08.2021 01:17:09.827,1.35508,1.35491,1.5,1
25.08.2021 01:19:46.071,1.3550600000000002,1.3549,1,1
25.08.2021 01:20:00.072,1.35505,1.3549200000000001,1,1
25.08.2021 01:20:18.608,1.3550900000000001,1.3549200000000001,1,1
25.08.2021 01:20:18.659,1.3550900000000001,1.35495,1,1
25.08.2021 01:21:37.613,1.35508,1.35491,1,2
25.08.2021 01:21:37.714,1.35504,1.35488,1,1
25.08.2021 01:21:37.865,1.3550200000000001,1.3548700000000002,1,2.37
25.08.2021 01:21:38.066,1.35501,1.35484,1,1.62
25.08.2021 01:21:38.167,1.35501,1.35484,1,1.62
25.08.2021 01:21:38.605,1.35501,1.35484,1,1.5
25.08.2021 01:21:41.744,1.3549700000000002,1.35484,1,1
25.08.2021 01:21:41.795,1.3549700000000002,1.3548200000000001,1.87,1.5
25.08.2021 01:21:41.845,1.35494,1.35479,1.5,1.12
25.08.2021 01:21:41.896,1.35493,1.35478,1,1.12
25.08.2021 01:21:41.946,1.3549200000000001,1.3547600000000002,1,1
25.08.2021 01:21:42.047,1.35491,1.3547600000000002,1,1.87
25.08.2021 01:21:42.541,1.35489,1.3547500000000001,1,1
25.08.2021 01:21:43.063,1.35489,1.35474,1,1.5
25.08.2021 01:21:48.810,1.3549,1.35473,1,1.12
25.08.2021 01:21:53.740,1.35488,1.3547200000000001,1,1.12
25.08.2021 01:21:53.841,1.3548200000000001,1.35469,1,1
25.08.2021 01:21:53.891,1.35483,1.35469,1,1
25.08.2021 01:21:53.992,1.35484,1.3546799999999999,1,1
25.08.2021 01:21:54.144,1.35483,1.3546799999999999,1,1
25.08.2021 01:22:16.712,1.3548600000000002,1.35469,1,1
25.08.2021 01:22:39.025,1.3548,1.3546500000000001,1,1.5
25.08.2021 01:22:39.126,1.35479,1.35464,1,1.5
25.08.2021 01:22:39.177,1.3547600000000002,1.35461,1,1
25.08.2021 01:22:39.278,1.3547600000000002,1.3546,1,1
25.08.2021 01:22:40.189,1.3547600000000002,1.35457,1,1.95
25.08.2021 01:22:44.544,1.3547500000000001,1.35459,1,1
25.08.2021 01:22:54.174,1.3547600000000002,1.3546,1,1
25.08.2021 01:23:02.720,1.3547500000000001,1.35458,1,1.12
25.08.2021 01:23:02.841,1.35473,1.35457,1,3.95
25.08.2021 01:23:03.028,1.35473,1.35457,1,1
25.08.2021 01:23:03.078,1.35471,1.3545600000000002,1,1.5
25.08.2021 01:23:13.468,1.35469,1.3545200000000002,2.62,1
25.08.2021 01:23:13.570,1.35463,1.35448,1,1
25.08.2021 01:23:13.671,1.35463,1.35448,1,2.85
25.08.2021 01:23:13.822,1.35463,1.35448,1,1.12
25.08.2021 01:23:14.689,1.3546200000000002,1.35447,1,2.47
25.08.2021 01:23:16.395,1.3546200000000002,1.35451,1,1
25.08.2021 01:23:16.496,1.35463,1.35446,1,3.57
25.08.2021 01:23:18.640,1.35463,1.35446,1,3.2
25.08.2021 01:23:20.641,1.3546200000000002,1.35447,1,1.57
25.08.2021 01:23:23.153,1.3546200000000002,1.35448,1,1
25.08.2021 01:23:23.770,1.3546500000000001,1.35447,1,1.87
25.08.2021 01:23:24.860,1.3546200000000002,1.35448,1,1.12
25.08.2021 01:23:24.961,1.35463,1.35448,1,1.12
25.08.2021 01:23:26.644,1.35464,1.35447,1,1.5
25.08.2021 01:23:26.863,1.3546200000000002,1.35448,1,1.5
25.08.2021 01:23:26.970,1.35464,1.35447,1,1.5
25.08.2021 01:23:27.219,1.35463,1.35447,1,1.5
25.08.2021 01:23:27.645,1.3546200000000002,1.35448,1,1
25.08.2021 01:23:27.926,1.35463,1.35446,1,4.12
25.08.2021 01:23:28.329,1.35463,1.35447,1,1
25.08.2021 01:23:30.427,1.35464,1.35447,1,1
25.08.2021 01:23:30.603,1.35463,1.35447,1,1
25.08.2021 01:23:30.870,1.35463,1.35448,1,1
25.08.2021 01:23:31.085,1.3546200000000002,1.35448,1,1
25.08.2021 01:23:32.976,1.35463,1.35448,1,1
25.08.2021 01:23:33.136,1.3546200000000002,1.35448,1,1
25.08.2021 01:23:37.827,1.35464,1.35447,1,1.5
25.08.2021 01:23:38.632,1.3546200000000002,1.35448,1,1
25.08.2021 01:23:39.600,1.35463,1.35448,1,1
25.08.2021 01:23:40.597,1.35463,1.35449,1,1
25.08.2021 01:23:40.703,1.35464,1.35447,1,1.87
25.08.2021 01:23:42.157,1.35464,1.35448,1,1
25.08.2021 01:23:58.070,1.35463,1.35448,1,1.12
25.08.2021 01:23:58.372,1.35463,1.35447,1,1
25.08.2021 01:24:00.140,1.35463,1.35446,1,2.62
25.08.2021 01:24:04.179,1.35463,1.35447,1,1
25.08.2021 01:24:12.425,1.35464,1.35447,1,2.25
25.08.2021 01:24:12.526,1.35463,1.35449,1,1
25.08.2021 01:24:13.780,1.3546500000000001,1.35448,1,1
25.08.2021 01:24:15.920,1.35463,1.35448,1,1
25.08.2021 01:24:16.021,1.3546,1.35449,1,1
25.08.2021 01:24:16.071,1.3546,1.35447,1,1
25.08.2021 01:24:16.193,1.3546200000000002,1.35446,1,1
25.08.2021 01:24:18.129,1.3546200000000002,1.35447,1,1
25.08.2021 01:24:23.708,1.35463,1.35448,1,1.5
25.08.2021 01:24:26.738,1.35464,1.35448,1,1
25.08.2021 01:24:28.429,1.3546500000000001,1.35448,1,1.5
25.08.2021 01:24:28.576,1.3546600000000002,1.35448,1,1.5
25.08.2021 01:24:34.281,1.35467,1.3545,1,1
25.08.2021 01:26:34.289,1.3546799999999999,1.35453,1,1
25.08.2021 01:26:43.253,1.35467,1.3545200000000002,1,1
25.08.2021 01:26:50.797,1.35467,1.35451,1,1
25.08.2021 01:26:56.735,1.3546600000000002,1.35451,1,1
25.08.2021 01:27:04.562,1.3546799999999999,1.3545200000000002,1,1
25.08.2021 01:27:18.000,1.3546600000000002,1.35451,1,1.12
25.08.2021 01:27:18.101,1.3546600000000002,1.35449,1,1.5
25.08.2021 01:27:18.703,1.3546600000000002,1.35449,1,1
25.08.2021 01:27:57.307,1.35463,1.35448,1,1.87
25.08.2021 01:27:57.408,1.35464,1.3545,1,1
25.08.2021 01:27:57.509,1.35463,1.35447,1,1
25.08.2021 01:28:00.356,1.35464,1.35448,1,1
25.08.2021 01:28:00.407,1.3546799999999999,1.35451,1,1
25.08.2021 01:28:00.508,1.35467,1.3545200000000002,1.5,1
25.08.2021 01:28:00.609,1.3546799999999999,1.35451,1.5,1
25.08.2021 01:28:00.660,1.35467,1.3545200000000002,1.12,1
25.08.2021 01:28:01.227,1.35467,1.3545,1,1
25.08.2021 01:28:04.046,1.3546500000000001,1.35448,1,1.62
25.08.2021 01:28:04.096,1.3546600000000002,1.35451,1,1
25.08.2021 01:28:04.147,1.3546600000000002,1.35449,1,1.5
25.08.2021 01:28:08.649,1.35464,1.35448,1,1.57
25.08.2021 01:28:08.751,1.35463,1.35447,1,1
25.08.2021 01:28:09.365,1.3546200000000002,1.35447,1,1
25.08.2021 01:28:09.719,1.3546200000000002,1.3544500000000002,1,1
25.08.2021 01:28:14.972,1.3546200000000002,1.35444,1,1.5
25.08.2021 01:28:15.437,1.35461,1.35443,1,1.5
25.08.2021 01:28:15.886,1.35461,1.35443,1,1
25.08.2021 01:28:27.616,1.35459,1.35443,1,1.12
25.08.2021 01:28:28.880,1.35458,1.3544200000000002,1,1
25.08.2021 01:28:46.291,1.3546,1.3544100000000001,1,1
25.08.2021 01:28:46.392,1.3546,1.3544200000000002,1,1
25.08.2021 01:28:46.824,1.35459,1.3544200000000002,1,1
25.08.2021 01:29:23.510,1.35457,1.3544,1,1.5
25.08.2021 01:29:24.369,1.35458,1.3544100000000001,1,1.12
25.08.2021 01:29:30.803,1.35458,1.3544200000000002,1,1.12
25.08.2021 01:29:32.980,1.35458,1.3544200000000002,1,1.5
25.08.2021 01:29:34.196,1.35459,1.3544100000000001,1,1.5
25.08.2021 01:29:35.045,1.35458,1.3544200000000002,1,1.5
25.08.2021 01:29:48.036,1.35459,1.3544100000000001,1,1.5
25.08.2021 01:30:01.081,1.35457,1.3544100000000001,1,1
25.08.2021 01:30:03.125,1.3545600000000002,1.3544100000000001,1,1
25.08.2021 01:30:12.937,1.3545600000000002,1.35437,1,2
25.08.2021 01:30:13.088,1.3545500000000001,1.35438,1,2.07
25.08.2021 01:30:14.185,1.3545200000000002,1.35438,1,1.5
25.08.2021 01:30:14.287,1.3545,1.35438,1,1
25.08.2021 01:30:14.388,1.35451,1.3543500000000002,1,1.7
25.08.2021 01:30:14.489,1.3545,1.35436,1,1.1
25.08.2021 01:30:14.590,1.3545200000000002,1.35436,1,1.7
25.08.2021 01:30:14.864,1.3545200000000002,1.35436,1,2.82
25.08.2021 01:30:16.037,1.35453,1.35436,1,1
25.08.2021 01:30:22.966,1.35453,1.35438,1,1.5
25.08.2021 01:30:25.544,1.3545500000000001,1.3544,1,1.12
25.08.2021 01:30:44.344,1.35457,1.3544,1,1
25.08.2021 01:31:01.726,1.35459,1.35444,2.37,1
25.08.2021 01:31:01.877,1.35461,1.35444,1.5,1
25.08.2021 01:31:02.195,1.35461,1.35447,1.5,1
25.08.2021 01:31:02.246,1.3546200000000002,1.35446,1,1
25.08.2021 01:31:02.348,1.3546200000000002,1.35448,1,1
25.08.2021 01:31:02.694,1.35464,1.35449,2.07,1
25.08.2021 01:31:02.865,1.35464,1.3545,1.5,1
25.08.2021 01:31:03.200,1.3546600000000002,1.35449,1,1
25.08.2021 01:31:03.301,1.35467,1.3545,1.12,1
25.08.2021 01:31:03.352,1.35469,1.35453,1.5,1
25.08.2021 01:31:03.453,1.3546799999999999,1.35453,1.5,1
25.08.2021 01:31:03.554,1.35467,1.3545200000000002,1,1
25.08.2021 01:31:03.604,1.35469,1.35453,1.5,1
25.08.2021 01:31:12.515,1.35467,1.35451,1,1
25.08.2021 01:31:15.530,1.35467,1.3545,1.5,1
25.08.2021 01:31:16.161,1.35467,1.35451,1,1
25.08.2021 01:31:21.631,1.3546600000000002,1.35451,1.87,1
25.08.2021 01:33:00.361,1.35469,1.3545200000000002,2.37,1
25.08.2021 01:33:00.478,1.3546799999999999,1.35451,1.5,1
25.08.2021 01:33:18.592,1.3546500000000001,1.35449,1,1.12
25.08.2021 01:33:19.612,1.3546500000000001,1.35449,1,1
25.08.2021 01:33:19.893,1.35463,1.35448,1.5,1.12
25.08.2021 01:33:20.569,1.35464,1.35447,1.12,1.12
25.08.2021 01:33:21.575,1.35464,1.35447,1.5,1.12
25.08.2021 01:33:33.324,1.35461,1.35446,1,2
25.08.2021 01:33:33.648,1.35461,1.35446,1,1.12
25.08.2021 01:33:34.040,1.35461,1.35444,1,2.37
25.08.2021 01:33:54.513,1.35461,1.35444,1,1.12
25.08.2021 01:33:54.614,1.35458,1.35443,1,1.62
25.08.2021 01:33:55.020,1.35458,1.35443,1,1
25.08.2021 01:33:56.044,1.35457,1.3544,1,1
25.08.2021 01:33:56.145,1.3545500000000001,1.3544,1,1
25.08.2021 01:33:57.815,1.35454,1.35439,1,1
25.08.2021 01:34:23.920,1.3545,1.35437,1,1
25.08.2021 01:34:24.021,1.3545,1.3543500000000002,1,1.6
25.08.2021 01:34:24.404,1.3545,1.35433,1,1.1
25.08.2021 01:34:24.555,1.35449,1.35433,1,1.95
25.08.2021 01:34:24.985,1.35448,1.3543200000000002,1,1.1
25.08.2021 01:34:26.058,1.35448,1.3543,1,1.1
25.08.2021 01:34:26.214,1.35448,1.3543,1,1.1
25.08.2021 01:34:26.315,1.35446,1.35429,1,1.1
25.08.2021 01:34:26.466,1.3544500000000002,1.35429,1,1.1
25.08.2021 01:34:27.917,1.35444,1.35427,1,1.1
25.08.2021 01:34:27.968,1.35444,1.35426,1,1.1
25.08.2021 01:34:28.457,1.3544200000000002,1.35427,1,1.1
25.08.2021 01:34:41.058,1.35439,1.35423,1,1.72
25.08.2021 01:34:41.159,1.35438,1.3542200000000002,1,1.6
25.08.2021 01:34:41.210,1.35437,1.3542100000000001,1,1.1
25.08.2021 01:34:41.311,1.35436,1.3542100000000001,1,1.6
25.08.2021 01:34:41.419,1.35437,1.3542,1,1.1
25.08.2021 01:34:43.406,1.35438,1.3542,1,1.2
25.08.2021 01:34:43.507,1.35438,1.3542,1,1.6
25.08.2021 01:34:43.672,1.35437,1.35418,1,2.1
25.08.2021 01:34:43.840,1.35436,1.35419,1,2.1
25.08.2021 01:34:44.100,1.35436,1.35419,1,1.6
25.08.2021 01:34:44.739,1.35437,1.35418,1,1.6
25.08.2021 01:34:44.991,1.35437,1.35419,1,1.1
25.08.2021 01:34:45.430,1.35437,1.35418,1,2.47
25.08.2021 01:35:09.666,1.35436,1.3542,1,1.6
25.08.2021 01:35:10.215,1.35437,1.3542100000000001,1,1.22
25.08.2021 01:35:26.329,1.35437,1.3542500000000002,1,1
25.08.2021 01:35:26.380,1.3544,1.35424,1,1
25.08.2021 01:35:26.540,1.35443,1.3542500000000002,1,1.87
25.08.2021 01:35:27.334,1.3544200000000002,1.35428,1,1
25.08.2021 01:35:28.472,1.35444,1.35427,1,1.5
25.08.2021 01:35:29.489,1.35444,1.35428,1,1
25.08.2021 01:35:30.553,1.35444,1.35429,1,1.5
25.08.2021 01:36:02.698,1.35444,1.3543,1,1
25.08.2021 01:36:03.124,1.3544500000000002,1.3543,1,1
25.08.2021 01:36:04.834,1.35446,1.3543,1,1
25.08.2021 01:36:04.949,1.35446,1.3543100000000001,1,1.5
25.08.2021 01:36:06.591,1.35447,1.3543100000000001,1,1
25.08.2021 01:36:06.793,1.35448,1.3543100000000001,1,1.5
25.08.2021 01:36:06.894,1.35449,1.3543500000000002,1,1.5
25.08.2021 01:36:06.995,1.3545200000000002,1.3543500000000002,1,1.1
25.08.2021 01:36:07.402,1.3545600000000002,1.35439,1,1
25.08.2021 01:36:07.520,1.35457,1.3544,1,1
25.08.2021 01:36:07.621,1.35459,1.3544200000000002,1.12,1
25.08.2021 01:36:12.175,1.35461,1.35444,1,1
25.08.2021 01:36:12.276,1.3546200000000002,1.3544500000000002,1,1
25.08.2021 01:36:12.916,1.35464,1.35447,1,1
25.08.2021 01:36:13.032,1.3546500000000001,1.35448,1,1
25.08.2021 01:36:13.133,1.35467,1.3545200000000002,1,1.5
25.08.2021 01:36:13.234,1.3547,1.3545500000000001,1,1
25.08.2021 01:36:17.216,1.35471,1.3545600000000002,1,1
25.08.2021 01:36:28.379,1.35471,1.3545600000000002,1,1.5
25.08.2021 01:36:31.890,1.35474,1.35461,1,1
25.08.2021 01:36:31.940,1.3547600000000002,1.3546,1,1
25.08.2021 01:36:31.991,1.35479,1.35464,1,1
25.08.2021 01:36:32.092,1.3547600000000002,1.35461,1,2.62
25.08.2021 01:36:32.193,1.3547600000000002,1.3546,1,1
25.08.2021 01:36:32.294,1.3547500000000001,1.3546,1,1
25.08.2021 01:36:32.395,1.3547600000000002,1.3546200000000002,1,1.5
25.08.2021 01:36:32.702,1.3547600000000002,1.35459,1,1
25.08.2021 01:36:32.854,1.35478,1.35463,1.87,1
25.08.2021 01:36:32.955,1.3548,1.3546500000000001,1,1
25.08.2021 01:36:33.071,1.3548200000000001,1.35467,1.12,1
25.08.2021 01:36:33.172,1.35484,1.3547,1,1
25.08.2021 01:36:45.710,1.3548,1.35467,1,1
25.08.2021 01:36:46.807,1.35481,1.35464,1,1.1
25.08.2021 01:36:47.810,1.35481,1.35464,1,1.22
25.08.2021 01:36:47.961,1.3548200000000001,1.3546500000000001,1,1.2
25.08.2021 01:36:48.435,1.3548600000000002,1.35471,1,1.12
25.08.2021 01:36:48.536,1.35488,1.3547200000000001,1,2.45
25.08.2021 01:36:49.465,1.35489,1.3547200000000001,1,1.1
25.08.2021 01:36:50.423,1.35488,1.35473,1,1.1
25.08.2021 01:36:52.005,1.3549,1.35473,1,1.5
25.08.2021 01:36:56.527,1.3549,1.35473,1,1.12
25.08.2021 01:36:57.529,1.35489,1.35474,1,1.5
25.08.2021 01:37:03.549,1.35489,1.35474,1,1.5
25.08.2021 01:37:04.449,1.3549,1.35473,1,1.6
25.08.2021 01:37:09.026,1.3549200000000001,1.3547500000000001,1,1.5
25.08.2021 01:37:15.610,1.35491,1.3547600000000002,1,1.12
25.08.2021 01:37:44.843,1.3549200000000001,1.35477,1,1
25.08.2021 01:37:56.760,1.35493,1.3547600000000002,1.12,1.5
25.08.2021 01:37:57.909,1.35495,1.35478,1.5,1
25.08.2021 01:37:58.254,1.3549600000000002,1.35479,1.5,1
25.08.2021 01:37:58.355,1.3549700000000002,1.3548200000000001,1.12,1
25.08.2021 01:37:58.659,1.355,1.35483,3.2,1
25.08.2021 01:37:58.938,1.3549900000000001,1.35484,1.5,1
25.08.2021 01:37:59.039,1.3549900000000001,1.35485,1,1
25.08.2021 01:37:59.146,1.355,1.35485,1.12,1
25.08.2021 01:38:00.273,1.3550200000000001,1.3548700000000002,1.7,1
25.08.2021 01:38:01.239,1.3550200000000001,1.3548700000000002,1.12,1
25.08.2021 01:38:18.865,1.35504,1.3548700000000002,1.12,1
25.08.2021 01:38:20.391,1.3550700000000002,1.35495,2,1
25.08.2021 01:38:20.442,1.35511,1.35495,3.12,1
25.08.2021 01:38:20.593,1.35511,1.3549600000000002,1.5,1
25.08.2021 01:38:20.744,1.35513,1.3549700000000002,1,1
25.08.2021 01:38:21.895,1.35512,1.3549900000000001,1,1
25.08.2021 01:38:22.048,1.35514,1.3549900000000001,1,1
25.08.2021 01:38:35.632,1.35514,1.3549900000000001,1.5,1
25.08.2021 01:38:37.635,1.35514,1.3549900000000001,1.5,1
25.08.2021 01:38:43.647,1.35515,1.35498,1.5,1
25.08.2021 01:38:46.302,1.35514,1.3549700000000002,1.12,1.12
25.08.2021 01:38:46.653,1.35514,1.3549700000000002,1.5,1.12
25.08.2021 01:38:49.662,1.35514,1.3549700000000002,1.12,1.12
25.08.2021 01:38:52.771,1.35513,1.35498,1.5,1.12
25.08.2021 01:38:55.788,1.35514,1.3549700000000002,1.12,1.12
25.08.2021 01:38:57.806,1.35513,1.35498,1.5,1.12
25.08.2021 01:39:10.009,1.3551,1.3549600000000002,1,2
25.08.2021 01:39:10.850,1.3551,1.35495,1,1.62
25.08.2021 01:39:11.855,1.3551,1.35494,1,1
25.08.2021 01:39:31.934,1.3550900000000001,1.35493,1,1
25.08.2021 01:39:34.884,1.3550700000000002,1.35493,1,1
25.08.2021 01:39:34.935,1.35508,1.35491,1,2.62
25.08.2021 01:39:35.471,1.35505,1.3549,1,1.5
25.08.2021 01:39:35.643,1.35505,1.35488,1,3.12
25.08.2021 01:39:36.072,1.35504,1.35488,1,2.37
25.08.2021 01:39:36.805,1.35505,1.3548700000000002,1,1.87
25.08.2021 01:39:36.906,1.35504,1.3548700000000002,1,1.87
25.08.2021 01:39:39.955,1.35501,1.3548700000000002,1,2
25.08.2021 01:39:40.056,1.355,1.35488,1,1
25.08.2021 01:39:40.106,1.355,1.3548600000000002,1,1.12
25.08.2021 01:39:42.787,1.35501,1.35484,1,1
25.08.2021 01:39:43.771,1.355,1.35484,1,2
25.08.2021 01:39:44.772,1.355,1.35484,1,2
25.08.2021 01:39:48.071,1.3549900000000001,1.35483,1,1.5
25.08.2021 01:39:50.070,1.35498,1.35484,1,1.5
25.08.2021 01:39:52.221,1.3549900000000001,1.3548200000000001,1,1
25.08.2021 01:39:52.322,1.35498,1.3548200000000001,1,1
25.08.2021 01:39:52.540,1.35498,1.35481,1,1.25
25.08.2021 01:39:52.591,1.3549700000000002,1.35483,1,1
25.08.2021 01:39:54.659,1.35498,1.35483,1,1
25.08.2021 01:39:56.694,1.3549700000000002,1.3548200000000001,1,1
25.08.2021 01:39:56.744,1.3549700000000002,1.3548,1,1.62
25.08.2021 01:39:56.946,1.3549600000000002,1.35479,1,1.5
25.08.2021 01:39:57.046,1.35495,1.35478,1,1
25.08.2021 01:39:57.298,1.35493,1.35477,1,2
25.08.2021 01:39:57.806,1.35493,1.3547600000000002,1,1.5
25.08.2021 01:39:58.133,1.3549200000000001,1.35477,1,1.5
25.08.2021 01:40:00.844,1.35493,1.35479,1,1
25.08.2021 01:40:00.895,1.3549700000000002,1.35481,1,1.5
25.08.2021 01:40:00.996,1.3549700000000002,1.3548200000000001,1,2
25.08.2021 01:40:01.147,1.3549900000000001,1.35481,1,2
25.08.2021 01:40:01.248,1.3549900000000001,1.3548200000000001,1,2
25.08.2021 01:40:02.804,1.3549900000000001,1.35483,1,1.5
25.08.2021 01:40:12.152,1.3549900000000001,1.35483,1,2.94
25.08.2021 01:40:20.185,1.355,1.3548200000000001,1,2.94
25.08.2021 01:40:22.449,1.355,1.35484,1,1.5
25.08.2021 01:40:22.550,1.3550700000000002,1.3549200000000001,1.12,1.5
25.08.2021 01:40:22.651,1.3550700000000002,1.3549200000000001,1,2
25.08.2021 01:40:22.853,1.3550700000000002,1.3549200000000001,1,1.87
25.08.2021 01:40:23.168,1.35508,1.35491,1,1.25
25.08.2021 01:40:23.269,1.3550900000000001,1.35491,1,1.62
25.08.2021 01:40:36.464,1.35508,1.3549200000000001,1,1
25.08.2021 01:40:36.515,1.3551,1.35491,1,2
25.08.2021 01:40:36.917,1.3551,1.35491,1,2.62
25.08.2021 01:40:37.882,1.3551,1.35491,1,2.75
25.08.2021 01:40:39.523,1.3551,1.35491,1,2.75
25.08.2021 01:40:40.268,1.35508,1.35491,1,2
25.08.2021 01:40:40.869,1.3551,1.35491,1,2
25.08.2021 01:40:43.437,1.35508,1.35491,1,2
25.08.2021 01:40:43.938,1.3551,1.35491,1,2
25.08.2021 01:40:45.145,1.3550700000000002,1.3549200000000001,1,2
25.08.2021 01:40:45.195,1.35508,1.3549,1,2.25
25.08.2021 01:40:45.297,1.35505,1.35489,1,1.5
25.08.2021 01:40:45.348,1.35504,1.35488,1,2.62
25.08.2021 01:40:45.599,1.35503,1.35488,1,1
25.08.2021 01:40:47.563,1.35504,1.3548600000000002,1,1
25.08.2021 01:40:52.272,1.3550200000000001,1.3548600000000002,1,1
25.08.2021 01:40:52.530,1.3550200000000001,1.3548600000000002,1,1
25.08.2021 01:40:53.038,1.35501,1.35485,1,1.12
25.08.2021 01:40:55.093,1.3549900000000001,1.35483,1,1.5
25.08.2021 01:40:55.194,1.3549700000000002,1.35481,1,1.62
25.08.2021 01:40:55.295,1.3549600000000002,1.35481,1,1.12
25.08.2021 01:40:55.669,1.35495,1.35479,1,1
25.08.2021 01:40:55.770,1.3549600000000002,1.35477,1,1.5
25.08.2021 01:40:56.022,1.35494,1.3547600000000002,1,1
25.08.2021 01:40:58.170,1.3549200000000001,1.35474,1,4.44
25.08.2021 01:40:58.825,1.35491,1.3547500000000001,1,2.75
25.08.2021 01:41:01.901,1.35491,1.3547500000000001,1,2.62
25.08.2021 01:41:02.030,1.35491,1.35474,1,1.87
25.08.2021 01:41:02.131,1.35488,1.35471,1,1.5
25.08.2021 01:41:02.181,1.35488,1.35471,1,1
25.08.2021 01:41:02.282,1.3548700000000002,1.35471,1,1
25.08.2021 01:41:02.383,1.35485,1.35469,1,1
25.08.2021 01:41:02.484,1.35481,1.3546799999999999,1,1
25.08.2021 01:41:02.585,1.35481,1.3546500000000001,1,2.06
25.08.2021 01:41:02.736,1.3548,1.3546500000000001,1,1.25
25.08.2021 01:41:02.893,1.35479,1.3546200000000002,1,2
25.08.2021 01:41:03.059,1.35479,1.3546200000000002,1,3.75
25.08.2021 01:41:03.556,1.35479,1.35461,1,3
25.08.2021 01:41:03.657,1.35478,1.35461,1,2.25
25.08.2021 01:41:03.858,1.35478,1.35458,1,1
25.08.2021 01:41:05.381,1.3547600000000002,1.35459,1,2.44
25.08.2021 01:41:05.915,1.35477,1.35459,1,1
25.08.2021 01:41:13.952,1.3547600000000002,1.35459,1,1.69
25.08.2021 01:41:14.946,1.3547600000000002,1.35458,1.6,1
25.08.2021 01:41:22.356,1.3547200000000001,1.35453,1,2.2
25.08.2021 01:41:22.458,1.3546799999999999,1.35453,1,1
25.08.2021 01:41:22.609,1.3546799999999999,1.3545,1,1.5
25.08.2021 01:41:22.660,1.35467,1.35449,1,1
25.08.2021 01:41:22.811,1.35467,1.35448,1,1
25.08.2021 01:41:22.912,1.35464,1.35449,1,1
25.08.2021 01:41:23.013,1.35464,1.35449,1,1
25.08.2021 01:41:23.894,1.35463,1.35447,1,1
25.08.2021 01:41:23.995,1.3546200000000002,1.35447,1,1
25.08.2021 01:41:26.984,1.3546200000000002,1.35444,1,2.37
25.08.2021 01:41:28.302,1.35459,1.35443,1,1
25.08.2021 01:41:28.353,1.3546,1.35443,1,1
25.08.2021 01:41:28.455,1.35459,1.3544,1,1.62
25.08.2021 01:41:28.556,1.3545600000000002,1.35437,1,2.37
25.08.2021 01:41:28.708,1.35451,1.35437,1,1
25.08.2021 01:41:28.759,1.3545,1.3543500000000002,1,3.12
25.08.2021 01:41:28.860,1.35451,1.3543500000000002,1,1.5
25.08.2021 01:41:28.961,1.35454,1.3543500000000002,1.12,1
25.08.2021 01:41:29.113,1.3545200000000002,1.35434,1,1
25.08.2021 01:41:37.732,1.35453,1.35434,1,1
25.08.2021 01:41:38.431,1.3545500000000001,1.35437,1,1
25.08.2021 01:41:39.608,1.3545500000000001,1.35439,1,1
25.08.2021 01:42:00.350,1.3545500000000001,1.35438,1,3
25.08.2021 01:42:19.955,1.3545600000000002,1.35437,1,3.12
25.08.2021 01:42:28.905,1.35458,1.3544,1,1
25.08.2021 01:42:29.056,1.35458,1.3544200000000002,1,1.5
25.08.2021 01:42:29.207,1.35458,1.3544200000000002,1,2
25.08.2021 01:42:29.308,1.35461,1.35443,1.12,1
25.08.2021 01:42:31.079,1.3546,1.3544,1,1.62
25.08.2021 01:42:32.831,1.35459,1.3544,1,2.62
25.08.2021 01:42:40.900,1.35459,1.3544,1,2.75
25.08.2021 01:42:44.980,1.35461,1.3544200000000002,1,1
25.08.2021 01:42:45.081,1.35463,1.3544500000000002,1,1
25.08.2021 01:42:45.205,1.35464,1.35446,1,1
25.08.2021 01:42:47.022,1.3546500000000001,1.35447,1,1
25.08.2021 01:42:54.104,1.3546500000000001,1.35448,1,1
25.08.2021 01:42:54.341,1.3546500000000001,1.35449,1,1
25.08.2021 01:42:55.894,1.35467,1.35449,1,1.5
25.08.2021 01:43:04.084,1.3546799999999999,1.35449,1,1
25.08.2021 01:43:04.432,1.35467,1.35449,1,1.62
25.08.2021 01:43:16.399,1.3546799999999999,1.35448,1,2.75
25.08.2021 01:43:18.587,1.3546799999999999,1.3545,1,1.5
25.08.2021 01:43:18.738,1.3547,1.35451,1,1.5
25.08.2021 01:43:23.899,1.35469,1.3545200000000002,1,2
25.08.2021 01:43:28.096,1.35471,1.35451,1,1.5
25.08.2021 01:43:37.899,1.35471,1.35451,1,1.87
25.08.2021 01:43:38.707,1.35473,1.35451,1,2.62
25.08.2021 01:43:40.221,1.3547,1.3545200000000002,1,1.87
25.08.2021 01:43:40.432,1.35471,1.35454,1,1
25.08.2021 01:43:40.651,1.3547,1.3545200000000002,1,2.62
25.08.2021 01:43:40.752,1.3547,1.3545200000000002,1,1.97
25.08.2021 01:43:40.903,1.35471,1.35451,1,1.2
25.08.2021 01:43:41.230,1.3547,1.3545200000000002,1,2.35
25.08.2021 01:43:45.028,1.35471,1.35451,1,1.72
25.08.2021 01:43:49.015,1.35474,1.35454,1,2.35
25.08.2021 01:43:49.116,1.35474,1.35458,1,1
25.08.2021 01:43:49.217,1.35473,1.3545600000000002,1,4.22
25.08.2021 01:43:49.428,1.35473,1.3545600000000002,1,4.22
25.08.2021 01:43:49.862,1.3547600000000002,1.3545600000000002,1,1.1
25.08.2021 01:43:57.730,1.3547500000000001,1.35457,1,1.97
25.08.2021 01:44:00.742,1.35477,1.35457,1,1.22
25.08.2021 01:44:01.011,1.35477,1.35459,1,1.1
25.08.2021 01:44:01.218,1.35478,1.35458,1,1.1
25.08.2021 01:44:08.996,1.35478,1.3546,1,1.57
25.08.2021 01:44:09.628,1.35478,1.35461,1,1
25.08.2021 01:44:09.876,1.35479,1.35459,1,1.1
25.08.2021 01:44:11.491,1.35477,1.35459,1,1
25.08.2021 01:44:13.561,1.3547600000000002,1.35459,1,2.7
25.08.2021 01:44:24.570,1.35478,1.35459,1,1.2
25.08.2021 01:44:25.499,1.35479,1.35458,1,1.6
25.08.2021 01:44:28.019,1.3547600000000002,1.35459,1,1.6
25.08.2021 01:44:28.120,1.35477,1.35459,1,1.6
25.08.2021 01:44:28.518,1.35478,1.35458,1,1.2
25.08.2021 01:44:31.880,1.35478,1.35458,1,1.22
25.08.2021 01:44:35.609,1.35477,1.35457,1,2.47
25.08.2021 01:44:37.559,1.3547600000000002,1.35458,1,2.47
25.08.2021 01:44:43.422,1.3547600000000002,1.3546200000000002,1,1
25.08.2021 01:44:44.977,1.35478,1.35461,1,1
25.08.2021 01:44:45.078,1.35478,1.3546200000000002,1,1
25.08.2021 01:44:45.280,1.35478,1.3546,1,1.57
25.08.2021 01:44:51.079,1.3548,1.3546,1,1
25.08.2021 01:44:53.396,1.3548,1.35461,1,1
25.08.2021 01:44:56.845,1.3548,1.35461,1,1.5
25.08.2021 01:45:00.842,1.3548,1.35461,1,1.12
25.08.2021 01:45:14.436,1.35479,1.3546200000000002,1,1.5
25.08.2021 01:45:18.444,1.3548,1.35461,1,2
25.08.2021 01:45:19.457,1.35479,1.3546200000000002,1,2
25.08.2021 01:45:20.088,1.35479,1.35464,1,1
25.08.2021 01:45:20.433,1.35479,1.35464,1,1.5
25.08.2021 01:45:21.153,1.35479,1.35464,1,1.12
25.08.2021 01:45:30.700,1.35481,1.35463,1,1.12
25.08.2021 01:45:31.298,1.3548200000000001,1.35464,1,1
25.08.2021 01:45:49.973,1.35484,1.35464,1,1
25.08.2021 01:45:51.865,1.35483,1.35464,1,1.12
25.08.2021 01:45:52.193,1.3548200000000001,1.35463,1,1.12
25.08.2021 01:45:54.410,1.35484,1.3546600000000002,1,1
25.08.2021 01:45:59.999,1.3548600000000002,1.35473,1,1
25.08.2021 01:46:00.100,1.35485,1.3547200000000001,1.12,1
25.08.2021 01:46:00.205,1.35485,1.35471,1,1
25.08.2021 01:46:01.603,1.35484,1.35471,1,1
25.08.2021 01:46:02.076,1.35485,1.3547,1,1
25.08.2021 01:46:15.372,1.35484,1.35471,1,1
25.08.2021 01:46:15.742,1.3548600000000002,1.3547200000000001,1,1
25.08.2021 01:46:15.845,1.3548600000000002,1.35473,1,1
25.08.2021 01:46:16.147,1.35489,1.35474,1,1
25.08.2021 01:46:16.253,1.3549200000000001,1.35478,1,1
25.08.2021 01:46:16.354,1.3549200000000001,1.3548,1,1
25.08.2021 01:46:16.456,1.35494,1.35481,1,1
25.08.2021 01:46:16.557,1.3549700000000002,1.3548200000000001,1,1
25.08.2021 01:46:16.607,1.35498,1.3548200000000001,1,1
25.08.2021 01:46:16.708,1.3549700000000002,1.35485,1,1
25.08.2021 01:46:17.205,1.3549900000000001,1.35485,2.37,1
25.08.2021 01:46:17.500,1.355,1.3548200000000001,1.62,1
25.08.2021 01:46:18.432,1.3549900000000001,1.35483,1,1
25.08.2021 01:46:18.604,1.3550200000000001,1.35485,1.6,1
25.08.2021 01:46:19.520,1.3550200000000001,1.35483,1.1,1
25.08.2021 01:46:19.794,1.3550200000000001,1.35483,1.1,1
25.08.2021 01:46:21.875,1.3550200000000001,1.35483,1.6,1
25.08.2021 01:46:21.977,1.3550200000000001,1.35483,1.72,1
25.08.2021 01:46:22.104,1.355,1.35483,1.6,1
25.08.2021 01:46:23.231,1.3549900000000001,1.35483,2.82,1
25.08.2021 01:46:23.817,1.3549900000000001,1.3548200000000001,1.6,1
25.08.2021 01:46:30.819,1.3549900000000001,1.35484,3.6,1
25.08.2021 01:46:30.943,1.35498,1.35484,1.6,1
25.08.2021 01:46:31.045,1.3549900000000001,1.35483,1.6,1
25.08.2021 01:46:33.009,1.35498,1.35483,1,1
25.08.2021 01:46:34.189,1.3549700000000002,1.35484,1,1
25.08.2021 01:46:45.302,1.35498,1.35484,1.7,1
25.08.2021 01:46:46.142,1.35498,1.35483,1.1,1
25.08.2021 01:46:46.250,1.3549900000000001,1.35484,1,1
25.08.2021 01:47:01.432,1.3549700000000002,1.35484,1,1
25.08.2021 01:47:02.306,1.3549900000000001,1.35485,1.62,1
25.08.2021 01:47:11.573,1.3549900000000001,1.35485,2.25,1
25.08.2021 01:47:11.673,1.355,1.35483,2.25,1
25.08.2021 01:47:11.793,1.355,1.35485,2.25,1
25.08.2021 01:47:12.000,1.35501,1.3548600000000002,2.25,1
25.08.2021 01:47:12.152,1.35501,1.3548700000000002,1,1
25.08.2021 01:47:12.308,1.35503,1.35488,1.12,1
25.08.2021 01:47:12.409,1.35504,1.3549,1.12,1
25.08.2021 01:47:13.131,1.3550600000000002,1.3549,1,1
25.08.2021 01:47:15.881,1.3550600000000002,1.35489,1,1
25.08.2021 01:47:16.443,1.35505,1.35491,1,1
25.08.2021 01:47:24.899,1.35508,1.3549,2.07,1
25.08.2021 01:47:25.140,1.35508,1.3549,2.07,1
25.08.2021 01:47:26.090,1.3550700000000002,1.3549200000000001,1.6,1
25.08.2021 01:47:26.191,1.3551,1.3549600000000002,1.5,1
25.08.2021 01:47:26.342,1.35515,1.3549700000000002,2.1,1
25.08.2021 01:47:26.392,1.35514,1.35498,2.07,1
25.08.2021 01:47:26.549,1.35514,1.355,1.5,1
25.08.2021 01:47:26.600,1.35515,1.3549900000000001,1.12,1
25.08.2021 01:47:33.651,1.3551600000000001,1.3550200000000001,1.6,1
25.08.2021 01:47:33.752,1.3551600000000001,1.3550200000000001,2,1
25.08.2021 01:47:33.953,1.3551600000000001,1.35503,1.5,1
25.08.2021 01:47:36.474,1.3551600000000001,1.3550200000000001,1,1
25.08.2021 01:47:52.297,1.35518,1.3550200000000001,1.1,1
25.08.2021 01:47:52.348,1.3552,1.35504,3.6,1
25.08.2021 01:47:52.448,1.35521,1.35504,2.62,1
25.08.2021 01:47:52.499,1.3552,1.3550700000000002,2.62,1
25.08.2021 01:47:52.600,1.35521,1.3550700000000002,1.12,1
25.08.2021 01:47:52.751,1.35524,1.3550700000000002,1,1
25.08.2021 01:47:53.390,1.35524,1.35508,1,1
25.08.2021 01:47:54.112,1.3552600000000001,1.3550900000000001,2,1
25.08.2021 01:47:54.414,1.3552600000000001,1.3550900000000001,1,1
25.08.2021 01:47:54.575,1.3552600000000001,1.35512,1,1
25.08.2021 01:47:54.726,1.3553000000000002,1.3551600000000001,2.37,1
25.08.2021 01:47:54.776,1.35532,1.3551700000000002,4.32,1
25.08.2021 01:47:54.878,1.35532,1.3551600000000001,2,1
25.08.2021 01:47:55.029,1.35532,1.3551600000000001,2.82,1
25.08.2021 01:47:55.130,1.35533,1.35513,3.57,1
25.08.2021 01:47:56.320,1.35533,1.35515,2.82,1
25.08.2021 01:47:56.638,1.35533,1.35518,3.22,1
25.08.2021 01:47:57.774,1.35533,1.35518,1.2,1
25.08.2021 01:48:06.941,1.35535,1.3551900000000001,1.6,1
25.08.2021 01:48:07.899,1.35535,1.3551900000000001,1.6,1
25.08.2021 01:48:26.716,1.35538,1.3552,5.47,1
25.08.2021 01:48:26.976,1.35534,1.35521,1,1
25.08.2021 01:48:27.077,1.35534,1.35522,1,1
25.08.2021 01:48:27.263,1.35538,1.35521,1.87,1
25.08.2021 01:48:28.344,1.3553700000000002,1.3552,1,1
25.08.2021 01:48:28.394,1.35535,1.35518,1,1.87
25.08.2021 01:48:28.572,1.35535,1.3552,1,1
25.08.2021 01:48:33.833,1.3553700000000002,1.3552,1,1
25.08.2021 01:48:33.934,1.3554000000000002,1.35524,1.5,1
25.08.2021 01:48:34.085,1.3554000000000002,1.35525,1,1
25.08.2021 01:48:34.411,1.3554000000000002,1.35525,1,1.5
25.08.2021 01:48:52.092,1.35542,1.3552700000000002,1,1
25.08.2021 01:48:58.517,1.35541,1.35524,1,2
25.08.2021 01:48:58.637,1.35541,1.35524,1.12,1.5
25.08.2021 01:48:59.439,1.35538,1.35524,1,2
25.08.2021 01:48:59.591,1.35538,1.35521,1,2.25
25.08.2021 01:48:59.641,1.35535,1.35522,1,1.12
25.08.2021 01:49:00.197,1.3553600000000001,1.3551900000000001,1,1.12
25.08.2021 01:49:26.441,1.35534,1.35518,1,1.12
25.08.2021 01:49:27.105,1.35534,1.3551700000000002,1,2.25
25.08.2021 01:49:47.426,1.35534,1.3551700000000002,1,2
25.08.2021 01:49:47.737,1.35534,1.35518,1,1.5
25.08.2021 01:49:47.886,1.35534,1.35518,1,1.12
25.08.2021 01:49:50.092,1.35535,1.3552,1.5,1
25.08.2021 01:50:03.645,1.35535,1.35521,1,1
25.08.2021 01:50:04.395,1.35535,1.3552,1,1.5
25.08.2021 01:50:05.503,1.3553600000000001,1.3552,1,1
25.08.2021 01:50:05.625,1.35535,1.3552,1,1.5
25.08.2021 01:50:17.607,1.35535,1.35521,1,1
25.08.2021 01:50:26.012,1.3553700000000002,1.35521,1,1
25.08.2021 01:50:34.275,1.3553700000000002,1.35522,1,1
25.08.2021 01:50:34.426,1.3554000000000002,1.35523,1.5,1.5
25.08.2021 01:50:34.528,1.35543,1.35531,3.75,1
25.08.2021 01:50:34.629,1.35545,1.35531,1.5,1
25.08.2021 01:50:34.730,1.35549,1.35532,2.75,1
25.08.2021 01:50:34.831,1.35548,1.35535,1.5,1
25.08.2021 01:50:34.881,1.35551,1.35534,2.62,1
25.08.2021 01:50:34.982,1.35552,1.3553700000000002,1.62,1
25.08.2021 01:50:35.133,1.35553,1.35538,1,1
25.08.2021 01:50:36.114,1.35556,1.35539,1,1
25.08.2021 01:50:40.359,1.35556,1.35538,1,1.5
25.08.2021 01:50:40.587,1.35559,1.35541,1.57,1
25.08.2021 01:50:42.003,1.3555700000000002,1.35542,1,1
25.08.2021 01:50:42.314,1.35558,1.35542,4.2,1
25.08.2021 01:50:44.451,1.35558,1.35541,1,1
25.08.2021 01:50:47.646,1.35556,1.35542,1,1
25.08.2021 01:50:50.139,1.35558,1.35541,1,1
25.08.2021 01:50:50.284,1.35559,1.35541,3.2,1
25.08.2021 01:50:51.146,1.35558,1.35542,2.82,1
25.08.2021 01:51:08.541,1.3555700000000002,1.3554000000000002,2,1
25.08.2021 01:51:08.900,1.3555700000000002,1.35541,1,1
25.08.2021 01:51:08.950,1.3555700000000002,1.35543,1.5,1
