Gmt time,Ask,Bid,AskVolume,BidVolume
04.08.2021 00:00:08.905,1.3510600000000001,1.3509200000000001,1,1
04.08.2021 00:00:09.634,1.35108,1.3509200000000001,1,1
04.08.2021 00:00:16.664,1.35105,1.35091,1,1
04.08.2021 00:00:17.685,1.35108,1.3509200000000001,1,1
04.08.2021 00:00:30.042,1.35104,1.3509,1,1.12
04.08.2021 00:00:38.396,1.3510600000000001,1.3509,1,1
04.08.2021 00:00:39.662,1.3510700000000002,1.35091,1,1
04.08.2021 00:01:24.830,1.3510600000000001,1.3509,1,1
04.08.2021 00:01:24.932,1.3509900000000001,1.3508700000000002,1,1
04.08.2021 00:01:24.982,1.35098,1.3508200000000001,1,2.62
04.08.2021 00:01:25.084,1.351,1.35084,1,1
04.08.2021 00:01:27.339,1.3509700000000002,1.35083,1,1
04.08.2021 00:01:37.947,1.3509900000000001,1.35085,1,1
04.08.2021 00:02:42.448,1.35101,1.35085,1,1
04.08.2021 00:02:42.502,1.35102,1.3508700000000002,1,1
04.08.2021 00:02:42.552,1.35104,1.35089,1,1
04.08.2021 00:02:42.653,1.35105,1.35091,1,1
04.08.2021 00:02:42.855,1.35108,1.35093,1.12,1
04.08.2021 00:02:46.595,1.3510900000000001,1.35095,1,1
04.08.2021 00:02:46.696,1.35111,1.3509700000000002,1.12,1
04.08.2021 00:02:46.797,1.3511600000000001,1.35098,1,1
04.08.2021 00:02:47.116,1.3511600000000001,1.351,1,1
04.08.2021 00:02:48.561,1.35118,1.35101,1,1
04.08.2021 00:02:48.662,1.3511900000000001,1.35103,1,1
04.08.2021 00:02:48.950,1.3511600000000001,1.35102,1,1
04.08.2021 00:03:01.784,1.35115,1.3509900000000001,1,1
04.08.2021 00:03:07.788,1.35113,1.3509900000000001,1,1
04.08.2021 00:03:10.518,1.35112,1.3509600000000002,1,1
04.08.2021 00:03:14.125,1.35115,1.3509900000000001,1,1
04.08.2021 00:03:14.176,1.3511600000000001,1.35101,1.5,1
04.08.2021 00:03:14.227,1.3511900000000001,1.3510600000000001,1,1
04.08.2021 00:03:14.378,1.35122,1.35105,1.5,1
04.08.2021 00:03:16.058,1.35123,1.35108,1,1
04.08.2021 00:03:16.160,1.35125,1.3511,1,1
04.08.2021 00:03:34.704,1.35124,1.35108,1,1
04.08.2021 00:03:34.755,1.35125,1.3510900000000001,1,1
04.08.2021 00:03:35.048,1.3512600000000001,1.3511,1,1
04.08.2021 00:03:35.099,1.35129,1.35114,1.87,1
04.08.2021 00:04:03.706,1.35131,1.35115,1,1
04.08.2021 00:04:04.087,1.35132,1.35118,1.5,1
04.08.2021 00:04:04.194,1.35133,1.3511900000000001,1.12,1
04.08.2021 00:04:04.295,1.3513600000000001,1.35123,1,1
04.08.2021 00:04:04.397,1.35138,1.35122,1,1
04.08.2021 00:04:04.667,1.3514000000000002,1.35124,1.12,1
04.08.2021 00:04:04.768,1.35142,1.3512600000000001,1,1
04.08.2021 00:04:06.376,1.35141,1.35125,1,1
04.08.2021 00:04:06.489,1.35138,1.35124,1,1.12
04.08.2021 00:04:06.928,1.3513700000000002,1.35123,1,1
04.08.2021 00:04:18.831,1.35139,1.35123,1,1
04.08.2021 00:04:18.983,1.35143,1.35129,1,1
04.08.2021 00:04:19.185,1.35145,1.3513000000000002,1,1
04.08.2021 00:04:43.716,1.35145,1.35128,1,1
04.08.2021 00:04:46.180,1.35145,1.3513000000000002,1,1
04.08.2021 00:04:46.447,1.35148,1.35131,1,1
04.08.2021 00:04:53.196,1.35146,1.35131,1,1.12
04.08.2021 00:05:00.836,1.35148,1.3513000000000002,1,1.12
04.08.2021 00:05:01.410,1.3515000000000001,1.35135,1,1
04.08.2021 00:05:01.561,1.35153,1.3513600000000001,1,1
04.08.2021 00:05:01.763,1.35152,1.35135,1,1
04.08.2021 00:05:01.864,1.35156,1.35139,1,1
04.08.2021 00:05:02.065,1.35152,1.3513600000000001,1,1.22
04.08.2021 00:05:02.166,1.35152,1.35133,1,1.6
04.08.2021 00:05:02.490,1.35152,1.35133,1,1.6
04.08.2021 00:05:02.697,1.3515100000000002,1.35134,1,1.2
04.08.2021 00:05:02.798,1.35152,1.35133,1,1.6
04.08.2021 00:05:02.849,1.3515000000000001,1.35132,1,1.1
04.08.2021 00:05:03.057,1.3514700000000002,1.35133,1,1.1
04.08.2021 00:05:03.822,1.3514700000000002,1.35133,1,1.1
04.08.2021 00:05:04.563,1.35148,1.35131,1,1.72
04.08.2021 00:05:04.714,1.35148,1.3513000000000002,1,1.72
04.08.2021 00:05:05.123,1.3515000000000001,1.35132,1,1.62
04.08.2021 00:05:06.106,1.3515000000000001,1.35132,1,1.57
04.08.2021 00:05:06.206,1.35148,1.35131,1,1.57
04.08.2021 00:05:06.257,1.3515000000000001,1.35132,1,1
04.08.2021 00:05:06.358,1.35145,1.35132,1,1.5
04.08.2021 00:05:12.591,1.35146,1.3512700000000002,1,1.7
04.08.2021 00:05:12.692,1.35145,1.35128,1,1.2
04.08.2021 00:05:12.793,1.35142,1.3512700000000002,1,2.7
04.08.2021 00:05:13.243,1.35142,1.35125,1,1.5
04.08.2021 00:05:13.648,1.35141,1.35125,1,1
04.08.2021 00:05:14.735,1.35141,1.35124,1,1.12
04.08.2021 00:05:18.412,1.3514000000000002,1.35123,1,1
04.08.2021 00:05:20.381,1.3514000000000002,1.35122,1,1.12
04.08.2021 00:05:23.382,1.3513700000000002,1.35122,1,1.62
04.08.2021 00:05:23.483,1.3513600000000001,1.3512,1,2
04.08.2021 00:05:23.634,1.3513600000000001,1.3512,1,2
04.08.2021 00:05:23.767,1.3513600000000001,1.3512,1,2
04.08.2021 00:05:24.504,1.3513600000000001,1.3512,1,1.87
04.08.2021 00:05:24.670,1.35135,1.3511900000000001,1,1
04.08.2021 00:05:25.116,1.35135,1.35118,1,1.5
04.08.2021 00:05:25.564,1.35131,1.3511600000000001,1,1
04.08.2021 00:05:25.729,1.35129,1.35114,1,1.6
04.08.2021 00:05:26.039,1.3513000000000002,1.35113,1,1.6
04.08.2021 00:05:26.320,1.35131,1.35114,1,1.62
04.08.2021 00:05:26.582,1.35132,1.35115,1,1
04.08.2021 00:05:27.232,1.35132,1.35115,1,1.62
04.08.2021 00:05:27.336,1.35134,1.3511600000000001,1,1
04.08.2021 00:05:27.387,1.3513600000000001,1.35121,1,1
04.08.2021 00:05:27.488,1.35138,1.35123,1,1
04.08.2021 00:05:27.589,1.35139,1.35121,1,1
04.08.2021 00:05:27.815,1.35139,1.35121,1,1.12
04.08.2021 00:05:27.916,1.35139,1.35121,1,1.5
04.08.2021 00:05:28.345,1.35142,1.35124,1,1
04.08.2021 00:05:29.615,1.35142,1.3512700000000002,1,1
04.08.2021 00:05:31.728,1.3514000000000002,1.35125,1,1
04.08.2021 00:05:32.159,1.35139,1.35122,1,1.5
04.08.2021 00:05:33.897,1.35139,1.35122,1,1.5
04.08.2021 00:05:33.998,1.35141,1.35125,1,1
04.08.2021 00:05:34.368,1.35139,1.35124,1,1.12
04.08.2021 00:05:36.391,1.35141,1.35124,1,1
04.08.2021 00:05:39.974,1.35139,1.35124,1,1
04.08.2021 00:05:57.312,1.3513700000000002,1.35122,1,1.12
04.08.2021 00:06:04.736,1.3514000000000002,1.35123,1,1
04.08.2021 00:06:15.519,1.35141,1.35124,1,1
04.08.2021 00:06:15.797,1.35138,1.35124,1,1
04.08.2021 00:06:15.848,1.3514000000000002,1.35125,1,1
04.08.2021 00:06:16.049,1.35143,1.35128,1,1
04.08.2021 00:06:17.036,1.35141,1.3512600000000001,1,1
04.08.2021 00:06:28.990,1.3514000000000002,1.35124,1,2.25
04.08.2021 00:06:29.518,1.35141,1.3512600000000001,1,1
04.08.2021 00:06:38.812,1.35143,1.35128,1,1
04.08.2021 00:06:40.012,1.35144,1.35129,1,1
04.08.2021 00:06:40.696,1.3514700000000002,1.35129,1,1
04.08.2021 00:06:40.797,1.35144,1.35128,1,1.12
04.08.2021 00:06:44.202,1.35145,1.3512700000000002,1,1.6
04.08.2021 00:06:44.338,1.35145,1.3513000000000002,1,1
04.08.2021 00:06:47.155,1.35146,1.3513000000000002,1,1
04.08.2021 00:07:02.621,1.35146,1.35129,1,1
04.08.2021 00:07:03.178,1.35142,1.35131,1,1
04.08.2021 00:07:03.228,1.35143,1.3512600000000001,1,1.62
04.08.2021 00:07:03.329,1.35143,1.3512600000000001,1,1
04.08.2021 00:07:04.013,1.35141,1.35125,1,1.5
04.08.2021 00:07:08.669,1.3514000000000002,1.35125,1,1
04.08.2021 00:07:08.871,1.3513700000000002,1.35122,1,2.07
04.08.2021 00:07:08.972,1.3513700000000002,1.35123,1,1
04.08.2021 00:07:09.154,1.3513600000000001,1.35123,1,1
04.08.2021 00:07:09.256,1.3513700000000002,1.3512,1,1.5
04.08.2021 00:07:09.896,1.3513700000000002,1.3512,1,1.12
04.08.2021 00:07:11.571,1.35138,1.35123,1,1
04.08.2021 00:07:11.722,1.3513600000000001,1.35121,1,1.12
04.08.2021 00:07:13.039,1.35135,1.3512,1,1.62
04.08.2021 00:07:14.116,1.3513600000000001,1.3511900000000001,1,1.12
04.08.2021 00:07:22.189,1.35135,1.35121,1,1
04.08.2021 00:07:22.239,1.35138,1.35123,1,1
04.08.2021 00:07:22.741,1.35141,1.35123,1,1
04.08.2021 00:07:22.842,1.3514000000000002,1.35125,1,1
04.08.2021 00:07:23.284,1.35143,1.3512600000000001,1,1
04.08.2021 00:07:41.840,1.35141,1.35124,1,1
04.08.2021 00:07:41.991,1.35139,1.35124,1,1
04.08.2021 00:07:42.318,1.3513700000000002,1.35122,1,1.62
04.08.2021 00:07:42.419,1.3513700000000002,1.35122,1,1.5
04.08.2021 00:07:43.773,1.3514000000000002,1.35123,1,1
04.08.2021 00:07:43.874,1.35138,1.35121,1,1.5
04.08.2021 00:07:44.163,1.35139,1.35122,1,1
04.08.2021 00:07:44.214,1.35141,1.35122,1,1.5
04.08.2021 00:07:44.691,1.3514000000000002,1.35125,1,1
04.08.2021 00:07:45.640,1.35141,1.3512600000000001,1,1
04.08.2021 00:07:46.586,1.35144,1.3512700000000002,1,1
04.08.2021 00:07:46.788,1.35145,1.3513000000000002,1,1
04.08.2021 00:07:46.889,1.35146,1.35131,1,1
04.08.2021 00:08:17.460,1.35149,1.35132,1,1
04.08.2021 00:08:18.148,1.3515100000000002,1.35133,1,1.5
04.08.2021 00:08:18.199,1.35152,1.35135,1,1
04.08.2021 00:08:18.350,1.35153,1.35135,1,1
04.08.2021 00:08:18.451,1.35152,1.3513700000000002,1,1
04.08.2021 00:08:24.158,1.35156,1.35139,1,1
04.08.2021 00:08:24.364,1.35154,1.3513700000000002,1,1
04.08.2021 00:08:24.761,1.35154,1.35138,1,1
04.08.2021 00:08:26.096,1.35154,1.35139,1,1
04.08.2021 00:08:26.197,1.35156,1.35141,1,1
04.08.2021 00:08:26.298,1.35155,1.3514000000000002,1,1
04.08.2021 00:08:27.182,1.35158,1.35141,1,1
04.08.2021 00:08:27.283,1.3516000000000001,1.35145,1,1
04.08.2021 00:08:27.510,1.3516000000000001,1.35143,1,1
04.08.2021 00:08:27.611,1.35162,1.3514700000000002,1,1
04.08.2021 00:08:27.712,1.35164,1.35146,1,1
04.08.2021 00:08:28.252,1.35165,1.35146,1,1
04.08.2021 00:08:28.403,1.35169,1.3515000000000001,1,1
04.08.2021 00:08:28.504,1.35165,1.35149,1,1.2
04.08.2021 00:08:28.605,1.35168,1.3515000000000001,1,1
04.08.2021 00:08:28.937,1.35165,1.35148,1,1.2
04.08.2021 00:08:29.089,1.35166,1.3515000000000001,1,1
04.08.2021 00:08:32.472,1.3516700000000001,1.3515000000000001,1,1
04.08.2021 00:08:32.936,1.3516700000000001,1.35149,1,1.2
04.08.2021 00:08:33.935,1.35166,1.3515000000000001,1,1.6
04.08.2021 00:08:34.036,1.35168,1.3515100000000002,1,1
04.08.2021 00:08:34.187,1.35169,1.35154,1,1
04.08.2021 00:08:34.338,1.35172,1.35155,1,1
04.08.2021 00:08:34.439,1.3517000000000001,1.35153,1,1
04.08.2021 00:08:34.541,1.3517100000000002,1.35156,1,1
04.08.2021 00:08:39.886,1.3517100000000002,1.35156,1,1.5
04.08.2021 00:08:41.580,1.3517000000000001,1.35154,1,1.1
04.08.2021 00:08:41.630,1.3517000000000001,1.35152,1,1.62
04.08.2021 00:08:41.731,1.35168,1.35153,1,1.12
04.08.2021 00:08:41.832,1.35168,1.35152,1,1
04.08.2021 00:08:42.029,1.3516700000000001,1.35153,1,1
04.08.2021 00:08:43.871,1.3516700000000001,1.3515100000000002,1,1
04.08.2021 00:08:44.132,1.3516700000000001,1.35149,1,1.7
04.08.2021 00:08:44.526,1.3516700000000001,1.35149,1,1.7
04.08.2021 00:08:44.694,1.35168,1.35152,1,1
04.08.2021 00:08:47.368,1.35168,1.35149,1,2.45
04.08.2021 00:08:47.754,1.35168,1.35148,1,2.37
04.08.2021 00:08:47.804,1.3516299999999999,1.35149,1,1.62
04.08.2021 00:08:47.905,1.35164,1.35148,1,1.12
04.08.2021 00:08:48.409,1.35164,1.35146,1,1.1
04.08.2021 00:08:48.522,1.3516299999999999,1.3514700000000002,1,1.1
04.08.2021 00:08:48.807,1.35164,1.3514700000000002,1,1.1
04.08.2021 00:08:49.849,1.3516299999999999,1.3514700000000002,1,1.1
04.08.2021 00:08:50.565,1.35162,1.35145,1,1
04.08.2021 00:08:50.666,1.35162,1.35144,1,1
04.08.2021 00:08:50.817,1.35162,1.35144,1,1
04.08.2021 00:08:51.827,1.3516100000000002,1.35143,1,1
04.08.2021 00:08:52.268,1.35159,1.35144,1,1
04.08.2021 00:08:53.208,1.35158,1.35144,1,1
04.08.2021 00:08:55.320,1.35158,1.35142,1,1.87
04.08.2021 00:09:00.507,1.35156,1.3514000000000002,1,1.5
04.08.2021 00:09:00.658,1.35155,1.35139,1,1.62
04.08.2021 00:09:00.773,1.35156,1.35138,1,1.87
04.08.2021 00:09:00.974,1.35155,1.3514000000000002,1,1
04.08.2021 00:09:01.075,1.35154,1.35139,1,1
04.08.2021 00:09:01.190,1.35153,1.35138,1,1.5
04.08.2021 00:09:03.430,1.35154,1.3513600000000001,1,1.12
04.08.2021 00:09:03.480,1.3515000000000001,1.3513600000000001,1,1
04.08.2021 00:09:03.581,1.3515000000000001,1.3513600000000001,1,1
04.08.2021 00:09:03.732,1.3515000000000001,1.35134,1,1
04.08.2021 00:09:03.883,1.3515000000000001,1.35135,1,1
04.08.2021 00:09:03.984,1.35152,1.35135,1,1.12
04.08.2021 00:09:04.135,1.35153,1.35135,1,1.12
04.08.2021 00:09:04.504,1.35152,1.35134,1,1
04.08.2021 00:09:07.839,1.3515100000000002,1.35132,1,1
04.08.2021 00:09:07.890,1.3515000000000001,1.3513600000000001,1,1
04.08.2021 00:09:07.991,1.3515100000000002,1.3513600000000001,1,1
04.08.2021 00:09:08.233,1.3515100000000002,1.35133,1,1
04.08.2021 00:09:09.052,1.35149,1.35133,1,1
04.08.2021 00:09:10.377,1.35149,1.35133,1,1
04.08.2021 00:09:10.699,1.3514700000000002,1.35132,1,1
04.08.2021 00:09:10.800,1.35142,1.3512700000000002,1,1
04.08.2021 00:09:10.901,1.35141,1.35124,1,1.1
04.08.2021 00:09:11.002,1.35139,1.35123,1,1.1
04.08.2021 00:09:11.153,1.35139,1.35122,1,1
04.08.2021 00:09:11.480,1.35138,1.35122,1,1
04.08.2021 00:09:11.586,1.35138,1.3512,1,1.1
04.08.2021 00:09:11.663,1.35139,1.35122,1,1.5
04.08.2021 00:09:11.771,1.35139,1.35122,1,1.5
04.08.2021 00:09:12.204,1.35138,1.35121,1,1
04.08.2021 00:09:13.466,1.3514000000000002,1.35121,1,1
04.08.2021 00:09:14.102,1.3514000000000002,1.3512,1,1.95
04.08.2021 00:09:14.272,1.3514000000000002,1.3512,1,1.6
04.08.2021 00:09:15.047,1.35139,1.35122,1,1.5
04.08.2021 00:09:15.844,1.3514000000000002,1.35121,1,1.6
04.08.2021 00:09:17.311,1.35139,1.35122,1,1.6
04.08.2021 00:09:17.462,1.35139,1.35124,1,1
04.08.2021 00:09:18.627,1.35141,1.35125,1,1
04.08.2021 00:09:32.951,1.35141,1.35124,1,1
04.08.2021 00:09:33.655,1.35139,1.35121,1,1
04.08.2021 00:09:33.757,1.3514000000000002,1.35123,1,1
04.08.2021 00:09:38.393,1.35138,1.35121,1,1
04.08.2021 00:09:38.594,1.3513600000000001,1.35121,1,1.5
04.08.2021 00:09:55.316,1.35135,1.3511900000000001,1,1.5
04.08.2021 00:09:55.417,1.35133,1.35118,1,1.5
04.08.2021 00:09:55.518,1.35132,1.3511700000000002,1,1.5
04.08.2021 00:09:56.256,1.35133,1.35118,1,1
04.08.2021 00:09:59.253,1.35134,1.35115,1,1.12
04.08.2021 00:09:59.532,1.35134,1.35118,1,1
04.08.2021 00:10:02.111,1.35133,1.3511700000000002,1,1
04.08.2021 00:10:02.689,1.35132,1.35115,1,1
04.08.2021 00:10:03.057,1.35132,1.35115,1,1.87
04.08.2021 00:10:03.218,1.3513600000000001,1.3512,1.12,1
04.08.2021 00:10:05.875,1.3513600000000001,1.35118,1,1
04.08.2021 00:10:08.482,1.35135,1.3511600000000001,1,1.12
04.08.2021 00:10:08.532,1.3513600000000001,1.35118,1,1
04.08.2021 00:10:11.489,1.3513700000000002,1.3512,1,1
04.08.2021 00:10:15.383,1.35135,1.3512,1,1
04.08.2021 00:10:15.534,1.35133,1.35118,1,1
04.08.2021 00:10:33.183,1.35134,1.3511900000000001,1,1
04.08.2021 00:10:34.200,1.35135,1.3512,1,1
04.08.2021 00:10:35.781,1.35138,1.3512700000000002,1,1
04.08.2021 00:10:58.944,1.35138,1.35125,1,1
04.08.2021 00:10:58.995,1.35143,1.35124,2.82,1
04.08.2021 00:10:59.046,1.35141,1.35123,1.2,1
04.08.2021 00:10:59.354,1.35141,1.35122,1,1
04.08.2021 00:11:01.784,1.35139,1.35124,1.1,1
04.08.2021 00:11:01.885,1.35139,1.35123,3.22,1
04.08.2021 00:11:02.026,1.35139,1.35123,3.97,1
04.08.2021 00:11:02.203,1.35138,1.3511900000000001,1.6,1
04.08.2021 00:11:02.304,1.35134,1.3511700000000002,1,1.12
04.08.2021 00:11:02.405,1.3513600000000001,1.3511900000000001,2.35,1
04.08.2021 00:11:02.506,1.3513700000000002,1.3512,1.6,1
04.08.2021 00:11:02.557,1.35135,1.3511900000000001,1.1,1
04.08.2021 00:11:03.225,1.3513700000000002,1.3511900000000001,1.1,1
04.08.2021 00:11:04.167,1.3513700000000002,1.35122,1.5,1
04.08.2021 00:11:04.268,1.35139,1.35121,2.32,1
04.08.2021 00:11:04.934,1.35139,1.35122,3.45,1
04.08.2021 00:11:05.183,1.35139,1.35123,1.87,1
04.08.2021 00:11:07.887,1.35141,1.35122,3.82,1
04.08.2021 00:11:13.712,1.3514000000000002,1.35123,3.57,1
04.08.2021 00:11:13.813,1.35139,1.35123,1.1,1
04.08.2021 00:11:14.014,1.3513700000000002,1.35122,1,1
04.08.2021 00:11:14.328,1.3513600000000001,1.35121,1,1
04.08.2021 00:11:24.001,1.35138,1.35122,3.1,1
04.08.2021 00:11:24.102,1.35141,1.35124,2.1,1
04.08.2021 00:11:24.203,1.35141,1.35124,1.6,1
04.08.2021 00:11:24.304,1.35141,1.35124,1.57,1
04.08.2021 00:11:24.405,1.3514000000000002,1.3512600000000001,1.57,1
04.08.2021 00:11:25.117,1.35142,1.35125,3.07,1
04.08.2021 00:11:29.833,1.35141,1.35125,3.45,1
04.08.2021 00:11:35.345,1.35142,1.3512700000000002,1.72,1
04.08.2021 00:11:37.916,1.35142,1.3512700000000002,1,1
04.08.2021 00:11:39.386,1.35143,1.3512700000000002,1.5,1
04.08.2021 00:11:42.635,1.35143,1.35128,1,1
04.08.2021 00:11:42.736,1.35146,1.35131,1,1
04.08.2021 00:11:42.787,1.35149,1.35131,2.85,1
04.08.2021 00:11:42.907,1.35148,1.35132,2.7,1
04.08.2021 00:11:43.110,1.35149,1.35132,1.95,1
04.08.2021 00:11:43.443,1.3515000000000001,1.35134,1,1
04.08.2021 00:11:43.544,1.35152,1.3513600000000001,1.22,1
04.08.2021 00:11:43.695,1.35152,1.3513600000000001,3.45,1
04.08.2021 00:11:43.746,1.3515100000000002,1.35132,1,1
04.08.2021 00:11:43.913,1.35153,1.35134,1.1,1
04.08.2021 00:11:44.014,1.35153,1.35135,1.1,1
04.08.2021 00:11:54.260,1.35152,1.35134,1.1,1
04.08.2021 00:12:02.181,1.3515100000000002,1.3513600000000001,1.5,1
04.08.2021 00:12:02.332,1.35152,1.35133,2.85,1
04.08.2021 00:12:03.177,1.3515100000000002,1.35133,1.6,1
04.08.2021 00:12:05.247,1.3515000000000001,1.35135,2.82,1
04.08.2021 00:12:05.961,1.3515000000000001,1.35135,1.87,1
04.08.2021 00:12:06.112,1.3515100000000002,1.3513700000000002,1,1
04.08.2021 00:12:06.213,1.35153,1.3513700000000002,2.47,1
04.08.2021 00:12:06.847,1.3515100000000002,1.35134,1,1
04.08.2021 00:12:06.948,1.3515000000000001,1.3513600000000001,1,1
04.08.2021 00:12:07.254,1.3515100000000002,1.35134,1.7,1
04.08.2021 00:12:16.431,1.35148,1.35135,1.1,1
04.08.2021 00:12:16.697,1.35149,1.35135,1.1,1
04.08.2021 00:12:16.748,1.35148,1.35133,1.1,1
04.08.2021 00:12:17.014,1.3514700000000002,1.35132,1,1
04.08.2021 00:12:17.177,1.35146,1.35132,1,1
04.08.2021 00:12:17.985,1.35149,1.35131,2.85,1
04.08.2021 00:12:18.178,1.35149,1.35132,2.1,1
04.08.2021 00:12:20.821,1.35148,1.35133,2.1,1
04.08.2021 00:12:20.872,1.35148,1.35131,2.85,1
04.08.2021 00:12:21.156,1.35149,1.3513000000000002,2.85,1
04.08.2021 00:12:21.693,1.35144,1.35128,1,1
04.08.2021 00:12:24.432,1.35144,1.3512700000000002,1.1,1
04.08.2021 00:12:26.760,1.35145,1.35128,2.1,1
04.08.2021 00:12:27.493,1.35144,1.3512600000000001,1.95,1
04.08.2021 00:12:27.594,1.35144,1.3512600000000001,2.16,1
04.08.2021 00:12:30.392,1.35144,1.35128,1.95,1
04.08.2021 00:12:30.862,1.35144,1.35129,1.95,1
04.08.2021 00:12:31.871,1.35144,1.35128,1.87,1
04.08.2021 00:12:33.887,1.35144,1.35128,2.07,1
04.08.2021 00:12:34.343,1.35144,1.35129,2.07,1
04.08.2021 00:12:34.393,1.35145,1.35129,1.1,1
04.08.2021 00:12:34.444,1.35148,1.3513000000000002,1.6,1
04.08.2021 00:12:34.557,1.35148,1.35132,1.6,1
04.08.2021 00:12:35.551,1.35149,1.35133,2.07,1
04.08.2021 00:12:41.387,1.3515100000000002,1.35132,2.07,1
04.08.2021 00:12:41.682,1.3515100000000002,1.35134,1.6,1
04.08.2021 00:12:46.226,1.3515000000000001,1.35133,1.6,1
04.08.2021 00:12:46.554,1.3515000000000001,1.35132,1.22,1
04.08.2021 00:12:46.604,1.35149,1.35135,1.97,1
04.08.2021 00:12:46.940,1.35149,1.35133,1.41,1
04.08.2021 00:12:47.100,1.3515000000000001,1.35132,1.12,1
04.08.2021 00:12:47.907,1.35148,1.35132,1.12,1
04.08.2021 00:12:48.008,1.3514700000000002,1.35131,1.2,1
04.08.2021 00:12:48.109,1.3514700000000002,1.35131,2.07,1
04.08.2021 00:12:48.211,1.35146,1.35129,1.5,1
04.08.2021 00:12:48.432,1.3514700000000002,1.35131,2.82,1
04.08.2021 00:12:48.717,1.35148,1.35131,1.6,1
04.08.2021 00:12:48.768,1.3514700000000002,1.3513000000000002,1.72,1
04.08.2021 00:12:49.387,1.3514700000000002,1.3513000000000002,1.72,1
04.08.2021 00:12:53.326,1.35146,1.35129,1.6,1
04.08.2021 00:12:57.387,1.3514700000000002,1.35128,1.6,1
04.08.2021 00:12:58.181,1.35146,1.3513000000000002,2.07,1
04.08.2021 00:12:59.038,1.35145,1.35129,1.5,1
04.08.2021 00:13:01.348,1.35146,1.3512600000000001,2.1,1
04.08.2021 00:13:01.449,1.35143,1.35125,1,1
04.08.2021 00:13:02.321,1.35144,1.3512600000000001,1.1,1
04.08.2021 00:13:06.693,1.35145,1.35128,2.85,1
04.08.2021 00:13:06.794,1.35146,1.35131,1.72,1
04.08.2021 00:13:06.844,1.3514700000000002,1.35131,2.32,1
04.08.2021 00:13:07.577,1.3514700000000002,1.35131,2.85,1
04.08.2021 00:13:14.792,1.3514700000000002,1.35128,2.7,1
04.08.2021 00:13:14.843,1.35145,1.35129,1.1,1
04.08.2021 00:13:14.997,1.35146,1.35128,1.6,1
04.08.2021 00:13:15.112,1.35145,1.3512700000000002,1.6,1
04.08.2021 00:13:15.668,1.35144,1.3512600000000001,1.22,1
04.08.2021 00:13:15.819,1.35142,1.35123,1.2,1
04.08.2021 00:13:15.920,1.35142,1.35123,1.22,1
04.08.2021 00:13:16.021,1.35141,1.35125,1.22,1
04.08.2021 00:13:18.675,1.35139,1.35123,1.1,1
04.08.2021 00:13:19.444,1.35139,1.35123,1.6,1
04.08.2021 00:13:19.545,1.35139,1.3512,1.57,1
04.08.2021 00:13:20.387,1.35138,1.35121,2.07,1
04.08.2021 00:13:20.694,1.3513600000000001,1.3512,1,1
04.08.2021 00:13:20.796,1.3513600000000001,1.3511900000000001,1,1
04.08.2021 00:13:20.897,1.3513600000000001,1.35118,2,1
04.08.2021 00:13:20.998,1.35133,1.3511700000000002,1,1
04.08.2021 00:13:22.036,1.35134,1.3511600000000001,1.5,1
04.08.2021 00:13:23.083,1.35134,1.35118,1.57,1
04.08.2021 00:13:24.752,1.35134,1.3511600000000001,1.1,1
04.08.2021 00:13:24.853,1.35133,1.3511700000000002,1.6,1
04.08.2021 00:13:25.414,1.35134,1.35115,1.6,1
04.08.2021 00:13:28.387,1.35132,1.3511600000000001,1,1
04.08.2021 00:13:31.001,1.35133,1.3511600000000001,1,1
04.08.2021 00:13:31.102,1.35134,1.3511900000000001,4.62,1
04.08.2021 00:13:32.073,1.35134,1.3511900000000001,1,1
04.08.2021 00:13:40.252,1.35134,1.35118,1.5,1
04.08.2021 00:13:40.478,1.35135,1.3511600000000001,1.5,1
04.08.2021 00:13:40.579,1.35134,1.3511700000000002,3.12,1
04.08.2021 00:13:40.977,1.35133,1.35115,1.87,1
04.08.2021 00:13:41.674,1.3513000000000002,1.35114,1,1
04.08.2021 00:13:41.775,1.3513000000000002,1.35114,1.5,1
04.08.2021 00:13:42.278,1.35129,1.35112,1.12,1
04.08.2021 00:13:43.887,1.3513000000000002,1.35111,2.75,1
04.08.2021 00:14:02.846,1.35129,1.35114,1.62,1
04.08.2021 00:14:05.811,1.35131,1.35115,3,1
04.08.2021 00:14:05.912,1.35134,1.35118,2,1
04.08.2021 00:14:06.013,1.35133,1.35118,2,1
04.08.2021 00:14:07.387,1.35134,1.35118,3.12,1
04.08.2021 00:14:07.912,1.35133,1.3511700000000002,1.5,1
04.08.2021 00:14:08.030,1.35132,1.3511600000000001,1,1
04.08.2021 00:14:08.181,1.35133,1.3511700000000002,3,1
04.08.2021 00:14:10.773,1.35133,1.35118,2.25,1
04.08.2021 00:14:11.508,1.35134,1.3511600000000001,3,1
04.08.2021 00:14:11.609,1.35133,1.3511900000000001,2.25,1
04.08.2021 00:14:12.363,1.35134,1.3511600000000001,3,1
04.08.2021 00:14:15.387,1.35133,1.3511700000000002,3.12,1
04.08.2021 00:14:20.650,1.35133,1.35118,1,1
04.08.2021 00:14:22.887,1.35134,1.3511700000000002,1,1
04.08.2021 00:14:26.732,1.35134,1.3511600000000001,1.5,1
04.08.2021 00:14:27.989,1.35134,1.3511600000000001,1.62,1
04.08.2021 00:14:30.090,1.35133,1.35118,1,1
04.08.2021 00:14:31.536,1.35133,1.3511600000000001,1,1
04.08.2021 00:14:32.488,1.35133,1.3511600000000001,1.62,1
04.08.2021 00:14:34.471,1.35132,1.35118,1,1
04.08.2021 00:14:37.967,1.35131,1.3511600000000001,1,1
04.08.2021 00:14:44.362,1.3512700000000002,1.35113,1,1.5
04.08.2021 00:14:46.722,1.3512600000000001,1.35112,1,1
04.08.2021 00:14:46.823,1.35125,1.35111,1,1
04.08.2021 00:15:20.578,1.35125,1.3510900000000001,1,1.12
04.08.2021 00:15:25.532,1.35122,1.35108,1,1.12
04.08.2021 00:15:27.043,1.35124,1.35108,1,1
04.08.2021 00:15:57.033,1.35125,1.3510900000000001,1,1
04.08.2021 00:15:57.134,1.3512700000000002,1.35112,1,1
04.08.2021 00:15:57.236,1.3512700000000002,1.35114,1,1
04.08.2021 00:15:57.387,1.35129,1.35115,1,1
04.08.2021 00:16:28.765,1.35128,1.35112,1,1
04.08.2021 00:16:48.832,1.3512600000000001,1.35112,1,1
04.08.2021 00:16:58.270,1.35124,1.3511,1,1.12
04.08.2021 00:16:58.546,1.35124,1.35108,1,1.5
04.08.2021 00:16:58.653,1.35123,1.3510900000000001,1,1.12
04.08.2021 00:17:07.844,1.35122,1.3510600000000001,1,1
04.08.2021 00:17:07.945,1.3511600000000001,1.35102,1,1.62
04.08.2021 00:17:08.046,1.35114,1.35098,1,1.62
04.08.2021 00:17:08.150,1.35113,1.3509900000000001,1,1.5
04.08.2021 00:17:08.358,1.35112,1.3509600000000002,1,1.87
04.08.2021 00:17:08.737,1.3511,1.3509600000000002,1,1.5
04.08.2021 00:17:08.894,1.3511,1.3509600000000002,1,1
04.08.2021 00:17:10.150,1.35112,1.3509700000000002,1.5,1
04.08.2021 00:17:10.240,1.3511700000000002,1.3509900000000001,2,1
04.08.2021 00:17:14.027,1.35114,1.3509900000000001,1,1
04.08.2021 00:17:15.428,1.35115,1.3509700000000002,1.5,1
04.08.2021 00:17:22.422,1.35115,1.3509700000000002,2,1
04.08.2021 00:17:27.485,1.35113,1.35098,1,1
04.08.2021 00:17:29.785,1.35113,1.3509600000000002,1.12,1
04.08.2021 00:17:35.465,1.35111,1.3509600000000002,1,1
04.08.2021 00:17:47.782,1.35113,1.3509600000000002,1,1
04.08.2021 00:17:47.883,1.3511,1.3509700000000002,1,1
04.08.2021 00:17:47.984,1.35111,1.35098,1,1
04.08.2021 00:17:48.138,1.35115,1.35098,1.12,1
04.08.2021 00:17:48.239,1.3511700000000002,1.3509900000000001,2.75,1
04.08.2021 00:17:48.585,1.3511600000000001,1.351,1.5,1
04.08.2021 00:17:49.518,1.3511700000000002,1.3509900000000001,2.75,1
04.08.2021 00:17:49.619,1.35114,1.3509900000000001,1.12,1
04.08.2021 00:17:50.617,1.35114,1.3509900000000001,2,1
04.08.2021 00:17:51.788,1.35114,1.3509700000000002,1.12,1
04.08.2021 00:17:59.006,1.35114,1.3509700000000002,4.62,1
04.08.2021 00:17:59.057,1.3511,1.35093,1,1
04.08.2021 00:18:07.000,1.3510700000000002,1.3509200000000001,1,1
04.08.2021 00:18:23.667,1.3510700000000002,1.3509,1.12,1
04.08.2021 00:18:23.948,1.35105,1.3509,1,1
04.08.2021 00:18:35.092,1.3510700000000002,1.3509,2,1
04.08.2021 00:18:46.114,1.3510600000000001,1.3509,1.5,1
04.08.2021 00:18:55.887,1.3510700000000002,1.35089,1.12,1
04.08.2021 00:19:03.273,1.3510600000000001,1.35091,1.12,1
04.08.2021 00:19:05.742,1.3510900000000001,1.3509200000000001,1.5,1
04.08.2021 00:19:05.843,1.35111,1.3509900000000001,1.5,1
04.08.2021 00:19:05.893,1.3511,1.351,1,1
04.08.2021 00:19:06.045,1.3511,1.3509900000000001,1,1
04.08.2021 00:19:11.950,1.35114,1.3509900000000001,1.87,1
04.08.2021 00:19:20.712,1.3511700000000002,1.351,1.62,1
04.08.2021 00:19:20.814,1.3512,1.351,3.5,1
04.08.2021 00:19:20.915,1.3512,1.35101,2,1
04.08.2021 00:19:21.168,1.35121,1.3510700000000002,2.37,1
04.08.2021 00:19:21.370,1.35122,1.3510600000000001,1,1
04.08.2021 00:19:21.572,1.35123,1.3510600000000001,1.62,1
04.08.2021 00:19:22.562,1.35122,1.3510700000000002,1.12,1
04.08.2021 00:19:23.342,1.35124,1.3510700000000002,1,1
04.08.2021 00:19:25.466,1.35122,1.3510700000000002,1.87,1
04.08.2021 00:19:34.091,1.35122,1.3510600000000001,1.87,1
04.08.2021 00:19:34.590,1.35123,1.35105,3.87,1
04.08.2021 00:19:34.713,1.3512,1.35105,1,1
04.08.2021 00:19:38.042,1.3511900000000001,1.35104,1,1
04.08.2021 00:19:38.291,1.3511900000000001,1.35104,2,1
04.08.2021 00:19:38.342,1.3511900000000001,1.35101,1.12,1
04.08.2021 00:19:38.526,1.35118,1.35101,1,1
04.08.2021 00:19:43.079,1.35121,1.35104,2.37,1
04.08.2021 00:19:43.130,1.3512,1.35105,2.37,1
04.08.2021 00:19:45.679,1.35122,1.3510600000000001,2.37,1
04.08.2021 00:19:49.070,1.35122,1.3510600000000001,2.25,1
04.08.2021 00:19:49.947,1.35123,1.35108,1,1
04.08.2021 00:19:50.314,1.35121,1.3510600000000001,1,1
04.08.2021 00:19:52.888,1.3512,1.35105,1,1
04.08.2021 00:19:55.414,1.3511900000000001,1.35102,1,1
04.08.2021 00:19:55.515,1.3511700000000002,1.35102,1,1
04.08.2021 00:19:58.416,1.35118,1.35101,1.5,1
04.08.2021 00:20:02.567,1.3511900000000001,1.35103,3.87,1
04.08.2021 00:20:02.618,1.3512,1.35102,1.62,1
04.08.2021 00:20:11.495,1.35118,1.35101,1.5,1
04.08.2021 00:20:12.292,1.35115,1.351,1,1
04.08.2021 00:20:12.548,1.3511600000000001,1.3509900000000001,2.37,1
04.08.2021 00:20:12.649,1.35115,1.35098,1.5,1
04.08.2021 00:20:13.953,1.35113,1.3509900000000001,1.62,1
04.08.2021 00:20:14.004,1.35114,1.3509600000000002,2.37,1
04.08.2021 00:20:14.055,1.35113,1.3509900000000001,1.62,1
04.08.2021 00:20:14.639,1.35112,1.3509700000000002,1.5,1
04.08.2021 00:20:21.887,1.35113,1.3509600000000002,1.12,1
04.08.2021 00:20:45.432,1.35113,1.3509600000000002,1.5,1
04.08.2021 00:20:49.735,1.35112,1.3509900000000001,1,1
04.08.2021 00:20:49.836,1.35113,1.3509900000000001,1,1
04.08.2021 00:20:51.190,1.35113,1.3509900000000001,1,1
04.08.2021 00:20:51.291,1.3511700000000002,1.35101,1.5,1
04.08.2021 00:20:51.392,1.3511700000000002,1.35102,1.5,1
04.08.2021 00:21:00.887,1.35118,1.35101,1.12,1
04.08.2021 00:21:08.231,1.3511600000000001,1.3509900000000001,1.12,1
04.08.2021 00:21:08.332,1.35114,1.3509700000000002,1,1
04.08.2021 00:21:12.958,1.35114,1.3509700000000002,1.62,1
04.08.2021 00:21:14.583,1.35114,1.35098,1,1
04.08.2021 00:21:16.387,1.35114,1.35098,1,1
04.08.2021 00:21:16.572,1.35114,1.3509700000000002,1.5,1
04.08.2021 00:21:20.475,1.35112,1.3509700000000002,1,1
04.08.2021 00:21:20.712,1.35114,1.3509700000000002,1.5,1
04.08.2021 00:21:21.229,1.35114,1.35098,1,1
04.08.2021 00:21:22.498,1.35111,1.35094,1,1
04.08.2021 00:21:25.763,1.35108,1.35094,1,1.12
04.08.2021 00:21:35.879,1.35111,1.35095,1,1
04.08.2021 00:21:35.980,1.35112,1.3509600000000002,1,1
04.08.2021 00:21:36.351,1.35111,1.3509700000000002,1,1.62
04.08.2021 00:21:38.053,1.35114,1.35098,1,1
04.08.2021 00:21:39.015,1.35113,1.3509900000000001,1,1.5
04.08.2021 00:22:17.338,1.35115,1.35101,1,1
04.08.2021 00:22:17.867,1.35115,1.35101,1,1.62
04.08.2021 00:22:18.935,1.35114,1.35101,1,1
04.08.2021 00:22:19.071,1.35115,1.3509900000000001,1,2.75
04.08.2021 00:22:32.020,1.3511600000000001,1.35102,1,1
04.08.2021 00:22:32.121,1.35118,1.35102,1,1
04.08.2021 00:22:32.171,1.3511900000000001,1.35105,1,1
04.08.2021 00:22:32.650,1.35122,1.3510600000000001,1,1
04.08.2021 00:22:58.192,1.35123,1.3510700000000002,1,1.12
04.08.2021 00:23:00.364,1.35125,1.3510900000000001,1,1
04.08.2021 00:23:06.020,1.35125,1.3510900000000001,1,1.5
04.08.2021 00:23:06.121,1.3512600000000001,1.35112,1,1
04.08.2021 00:23:06.222,1.35129,1.35113,1,1
04.08.2021 00:23:06.323,1.35128,1.35111,1,1
04.08.2021 00:23:23.592,1.3512700000000002,1.35111,1,1
04.08.2021 00:23:23.894,1.35125,1.3511,1,1.62
04.08.2021 00:23:24.187,1.35125,1.3511,1,1
04.08.2021 00:23:30.444,1.35125,1.3511,1,1.5
04.08.2021 00:23:37.264,1.3512600000000001,1.3510900000000001,1,1
04.08.2021 00:23:44.696,1.3512600000000001,1.3510900000000001,1,1.5
04.08.2021 00:23:57.622,1.35125,1.3511,1,1.12
04.08.2021 00:24:05.149,1.35123,1.3510900000000001,1,1.12
04.08.2021 00:24:05.456,1.35121,1.3510700000000002,1,1.62
04.08.2021 00:24:05.699,1.35122,1.3510600000000001,1,1
04.08.2021 00:24:06.339,1.3512,1.3510600000000001,1,1.12
04.08.2021 00:24:11.323,1.3511900000000001,1.35104,1,1
04.08.2021 00:24:11.525,1.3511600000000001,1.35104,1,1
04.08.2021 00:24:11.677,1.3511700000000002,1.35101,1,1.12
04.08.2021 00:24:11.928,1.35114,1.3509900000000001,1,1.62
04.08.2021 00:24:12.192,1.35114,1.35098,1,1
04.08.2021 00:24:12.736,1.35114,1.351,1,1.12
04.08.2021 00:24:28.958,1.35115,1.3509900000000001,1,1.5
04.08.2021 00:24:31.263,1.35115,1.3509900000000001,1,1.5
04.08.2021 00:24:32.399,1.35113,1.3509900000000001,1,1
04.08.2021 00:24:32.501,1.35115,1.3509900000000001,1,1.5
04.08.2021 00:24:33.355,1.35115,1.3509900000000001,1,1.12
04.08.2021 00:24:59.797,1.35113,1.3509700000000002,1,1.62
04.08.2021 00:24:59.948,1.3510900000000001,1.3509700000000002,1,1
04.08.2021 00:25:00.099,1.3511,1.35094,1,1.12
04.08.2021 00:25:00.200,1.35111,1.35095,1,1
04.08.2021 00:25:01.179,1.35112,1.3509600000000002,1,1
04.08.2021 00:25:02.711,1.3511,1.35094,1,1.12
04.08.2021 00:25:03.056,1.35111,1.3509600000000002,1,1
04.08.2021 00:25:20.190,1.3511,1.3509600000000002,1,1
04.08.2021 00:25:20.634,1.35108,1.35094,1,1
04.08.2021 00:25:21.805,1.35108,1.3509200000000001,1,1
04.08.2021 00:25:22.231,1.3511,1.35094,1,1
04.08.2021 00:25:33.081,1.3510700000000002,1.3509200000000001,1,1.12
04.08.2021 00:25:33.131,1.3510900000000001,1.35093,1.5,1
04.08.2021 00:25:33.182,1.35111,1.3509700000000002,1.1,1
04.08.2021 00:25:33.283,1.35112,1.351,2.25,1
04.08.2021 00:25:33.384,1.35113,1.35098,1,1
04.08.2021 00:25:34.472,1.3511600000000001,1.35098,3.22,1
04.08.2021 00:25:34.623,1.35114,1.35098,2.1,1
04.08.2021 00:25:39.388,1.35114,1.3509700000000002,1.22,1
04.08.2021 00:25:39.489,1.35113,1.35095,1.6,1
04.08.2021 00:25:39.591,1.35111,1.35095,1.6,1
04.08.2021 00:25:39.692,1.35112,1.35094,2.72,1
04.08.2021 00:25:40.528,1.3511,1.3509200000000001,1.1,1
04.08.2021 00:25:40.629,1.3510900000000001,1.35091,1.1,1
04.08.2021 00:25:40.861,1.35108,1.3509200000000001,2.85,1
04.08.2021 00:25:41.012,1.35108,1.3509,1.6,1
04.08.2021 00:25:42.664,1.3510700000000002,1.35091,1.1,1
04.08.2021 00:25:42.766,1.3511,1.35093,1.5,1
04.08.2021 00:25:42.868,1.3511,1.35095,1,1
04.08.2021 00:25:45.032,1.35111,1.35095,1.6,1
04.08.2021 00:25:45.083,1.35111,1.35095,1.1,1
04.08.2021 00:25:45.720,1.35113,1.35098,1.5,1
04.08.2021 00:25:46.025,1.35113,1.3509900000000001,1,1
04.08.2021 00:25:46.324,1.35114,1.3509900000000001,1.57,1
04.08.2021 00:25:50.609,1.3511600000000001,1.351,1.62,1
04.08.2021 00:25:52.432,1.3511600000000001,1.351,1,1
04.08.2021 00:25:52.671,1.35115,1.3509900000000001,1,1
04.08.2021 00:26:00.468,1.3511600000000001,1.351,1,1
04.08.2021 00:26:06.080,1.35115,1.35102,1,1
04.08.2021 00:26:06.182,1.3511700000000002,1.35103,1,1
04.08.2021 00:26:06.283,1.35122,1.35108,1.5,1
04.08.2021 00:26:06.334,1.35122,1.3510900000000001,1.12,1
04.08.2021 00:26:06.435,1.3512600000000001,1.3511,1.75,1
04.08.2021 00:26:06.486,1.3512700000000002,1.3511,3.12,1
04.08.2021 00:26:06.655,1.3512700000000002,1.35108,2,1
04.08.2021 00:26:06.965,1.3512600000000001,1.3511,1.5,1
04.08.2021 00:26:08.827,1.3512600000000001,1.35108,1.5,1
04.08.2021 00:26:15.472,1.3512700000000002,1.3510900000000001,1.87,1
04.08.2021 00:26:15.573,1.3512700000000002,1.3511,1.12,1
04.08.2021 00:26:15.623,1.3512700000000002,1.35113,1.5,1
04.08.2021 00:26:20.388,1.3513000000000002,1.35113,2.19,1
04.08.2021 00:26:21.078,1.3513000000000002,1.35115,2.37,1
04.08.2021 00:26:21.230,1.35131,1.35112,3.12,1
04.08.2021 00:26:21.280,1.35131,1.35114,2.37,1
04.08.2021 00:26:21.532,1.3513000000000002,1.35114,3.12,1
04.08.2021 00:26:22.199,1.3513000000000002,1.35113,1.5,1
04.08.2021 00:26:23.243,1.35129,1.35114,1.5,1
04.08.2021 00:26:28.714,1.35129,1.35112,2.75,1
04.08.2021 00:26:28.814,1.3513000000000002,1.35111,2.75,1
04.08.2021 00:26:29.509,1.3512700000000002,1.35111,1.5,1
04.08.2021 00:26:30.386,1.35123,1.3510700000000002,1,1
04.08.2021 00:26:31.237,1.3512600000000001,1.3510700000000002,1.12,1
04.08.2021 00:26:31.288,1.3512700000000002,1.35111,2.75,1
04.08.2021 00:26:36.523,1.3512700000000002,1.35111,2.75,1
04.08.2021 00:26:38.353,1.3512600000000001,1.3511,1.5,1
04.08.2021 00:26:40.853,1.35124,1.35108,1.12,1
04.08.2021 00:26:41.151,1.35123,1.3510700000000002,1,1
04.08.2021 00:26:41.202,1.35121,1.35105,1,1
04.08.2021 00:26:44.099,1.35122,1.35104,1.5,1
04.08.2021 00:26:44.208,1.35123,1.3510600000000001,1.5,1
04.08.2021 00:26:45.574,1.35124,1.3510600000000001,1.12,1
04.08.2021 00:26:46.570,1.35124,1.35108,1.5,1
04.08.2021 00:26:48.111,1.3512700000000002,1.3511,1,1
04.08.2021 00:26:48.212,1.35128,1.3511,3.37,1
04.08.2021 00:26:48.367,1.35128,1.3511,3.5,1
04.08.2021 00:26:48.475,1.3512700000000002,1.35108,1.5,1
04.08.2021 00:26:48.830,1.35125,1.3510700000000002,1.12,1
04.08.2021 00:26:50.357,1.35124,1.3510600000000001,1,1
04.08.2021 00:26:50.463,1.35122,1.3510600000000001,1,1
04.08.2021 00:26:52.113,1.35121,1.3510600000000001,1,1
04.08.2021 00:27:00.075,1.35122,1.35108,1.12,1
04.08.2021 00:27:00.289,1.35124,1.3510700000000002,1.5,1
04.08.2021 00:27:02.009,1.3512600000000001,1.3510900000000001,2.75,1
04.08.2021 00:27:02.113,1.3512600000000001,1.35108,2.75,1
04.08.2021 00:27:02.163,1.3512700000000002,1.35108,1.5,1
04.08.2021 00:27:02.214,1.3512700000000002,1.3511,1.5,1
04.08.2021 00:27:02.264,1.35128,1.35108,3.5,1
04.08.2021 00:27:02.315,1.35129,1.3511,1.5,1
04.08.2021 00:27:02.366,1.3513000000000002,1.3510700000000002,1.5,1
04.08.2021 00:27:03.329,1.35129,1.3511,1,1
04.08.2021 00:27:03.430,1.35131,1.3510900000000001,1.5,1
04.08.2021 00:27:04.271,1.35131,1.3511600000000001,3.5,1
04.08.2021 00:27:04.573,1.35131,1.35115,1.5,1
04.08.2021 00:27:04.624,1.35132,1.35115,1.5,1
04.08.2021 00:27:04.731,1.35131,1.35114,1.5,1
04.08.2021 00:27:05.080,1.35131,1.35114,1,1
04.08.2021 00:27:05.411,1.35132,1.3511700000000002,1,1
04.08.2021 00:27:05.512,1.35132,1.3511600000000001,1,1
04.08.2021 00:27:05.748,1.35134,1.3511600000000001,1.5,1
04.08.2021 00:27:06.006,1.35135,1.3511700000000002,2.75,1
04.08.2021 00:27:09.249,1.3513600000000001,1.3511900000000001,2,1
04.08.2021 00:27:30.136,1.3513600000000001,1.3511900000000001,1.5,1
04.08.2021 00:29:00.117,1.3513600000000001,1.3511600000000001,2,1
04.08.2021 00:29:10.592,1.3513700000000002,1.3511900000000001,1.12,1
04.08.2021 00:29:30.538,1.35141,1.35118,1,1
04.08.2021 00:29:35.388,1.35143,1.35118,3,1
04.08.2021 00:29:38.165,1.35142,1.35118,1,1
04.08.2021 00:29:38.467,1.35143,1.35118,3,1
04.08.2021 00:29:47.185,1.35143,1.3511700000000002,3,1
04.08.2021 00:29:47.336,1.35142,1.3511900000000001,1.5,1
04.08.2021 00:29:52.298,1.35142,1.35118,1,1
04.08.2021 00:29:53.344,1.3514000000000002,1.35118,1,1
04.08.2021 00:30:00.692,1.35139,1.3512,1,1
04.08.2021 00:30:01.153,1.35139,1.35123,1,1
04.08.2021 00:30:01.203,1.35141,1.35124,1,1
04.08.2021 00:30:01.304,1.35145,1.35123,1,1
04.08.2021 00:30:01.456,1.35143,1.35125,1,1
04.08.2021 00:30:01.507,1.35145,1.3512700000000002,1,1
04.08.2021 00:30:01.764,1.35146,1.35128,1,1
04.08.2021 00:30:02.858,1.35152,1.35128,1,1
04.08.2021 00:30:02.959,1.35153,1.35128,1,1
04.08.2021 00:30:03.060,1.3515000000000001,1.35129,1,1
04.08.2021 00:30:04.112,1.3515100000000002,1.3513000000000002,1,1
04.08.2021 00:30:04.273,1.3515100000000002,1.35131,1,1
04.08.2021 00:30:04.374,1.35149,1.35133,1,1
04.08.2021 00:30:04.424,1.3515100000000002,1.35133,1,1
04.08.2021 00:30:04.608,1.35154,1.35132,1,1
04.08.2021 00:30:04.976,1.35154,1.35133,1,1
04.08.2021 00:30:05.611,1.35154,1.35134,1,1
04.08.2021 00:30:05.913,1.35154,1.3513600000000001,1,1
04.08.2021 00:30:06.015,1.35155,1.3513600000000001,1,1
04.08.2021 00:30:06.260,1.35155,1.3513700000000002,1,1
04.08.2021 00:30:06.310,1.35158,1.3513700000000002,1,1
04.08.2021 00:30:06.782,1.3515700000000002,1.35139,1,1
04.08.2021 00:30:07.167,1.35159,1.35138,1,1
04.08.2021 00:30:14.388,1.35158,1.35139,1.5,1
04.08.2021 00:30:23.594,1.3516000000000001,1.3514000000000002,1.5,1
04.08.2021 00:30:24.797,1.35165,1.3514000000000002,2,1
04.08.2021 00:30:30.545,1.3516100000000002,1.35142,1.5,1
04.08.2021 00:30:40.266,1.35158,1.35142,1,1
04.08.2021 00:30:42.202,1.35162,1.35141,1.5,1
04.08.2021 00:30:50.272,1.35162,1.35141,2,1
04.08.2021 00:30:57.121,1.3516100000000002,1.3514000000000002,1.5,1
04.08.2021 00:32:00.015,1.3516100000000002,1.35141,1.5,1
04.08.2021 00:32:00.066,1.3516100000000002,1.35143,1.5,1
04.08.2021 00:32:00.706,1.3516000000000001,1.35142,1,1
04.08.2021 00:32:01.165,1.3516000000000001,1.35143,1,1
04.08.2021 00:32:01.266,1.35159,1.35146,1,1
04.08.2021 00:32:01.367,1.35164,1.35145,1.5,1
04.08.2021 00:32:01.522,1.3516299999999999,1.35146,1,1
04.08.2021 00:32:01.623,1.35164,1.35146,1.12,1
04.08.2021 00:32:01.724,1.3516100000000002,1.35144,1.5,1
04.08.2021 00:32:02.055,1.3516100000000002,1.35142,1.5,1
04.08.2021 00:32:02.256,1.35159,1.35142,2.37,1
04.08.2021 00:32:02.750,1.35158,1.35141,1.12,1
04.08.2021 00:32:03.916,1.35158,1.35141,3.87,1
04.08.2021 00:32:04.019,1.35156,1.35138,1,1
04.08.2021 00:32:04.120,1.35156,1.35141,2.75,1
04.08.2021 00:32:04.703,1.3515700000000002,1.35138,3.5,1
04.08.2021 00:32:05.484,1.35155,1.35138,2.25,1
04.08.2021 00:32:05.585,1.35155,1.3513700000000002,1.5,1
04.08.2021 00:32:07.222,1.35153,1.3513700000000002,1,1
04.08.2021 00:32:07.444,1.35153,1.35134,1,1.5
04.08.2021 00:32:07.495,1.35149,1.35134,2.25,1
04.08.2021 00:32:07.546,1.3514700000000002,1.35129,1,1
04.08.2021 00:32:07.748,1.35144,1.3513000000000002,1.5,1
04.08.2021 00:32:07.849,1.35144,1.35129,1.5,1
04.08.2021 00:32:08.217,1.35146,1.35128,1,1
04.08.2021 00:32:10.380,1.35139,1.35128,1,1
04.08.2021 00:32:10.430,1.35141,1.3512700000000002,1,1
04.08.2021 00:32:10.531,1.35143,1.3512700000000002,1.5,1
04.08.2021 00:32:10.582,1.35145,1.3513000000000002,1.62,1
04.08.2021 00:32:10.683,1.35145,1.35129,1.62,1
04.08.2021 00:32:10.733,1.35145,1.35129,1.62,1
04.08.2021 00:32:11.422,1.35145,1.35129,2.62,1
04.08.2021 00:32:11.523,1.35145,1.3513000000000002,1,1
04.08.2021 00:32:11.625,1.35148,1.35131,1,1
04.08.2021 00:32:11.776,1.3515000000000001,1.35135,1.5,1
04.08.2021 00:32:11.876,1.3515100000000002,1.35135,1.12,1
04.08.2021 00:32:12.467,1.3515100000000002,1.3513600000000001,1.5,1
04.08.2021 00:32:14.735,1.35153,1.3513700000000002,2.25,1
04.08.2021 00:32:17.131,1.35154,1.35139,3,1
04.08.2021 00:32:17.232,1.35155,1.3513700000000002,2.62,1
04.08.2021 00:32:27.048,1.35155,1.3514000000000002,1.5,1
04.08.2021 00:32:27.099,1.35154,1.3513700000000002,1,1
04.08.2021 00:32:27.200,1.35155,1.3514000000000002,1.5,1
04.08.2021 00:32:28.220,1.35155,1.3514000000000002,1.5,1
04.08.2021 00:32:34.363,1.35153,1.35138,1,1
04.08.2021 00:33:10.915,1.35152,1.35135,1,1
04.08.2021 00:33:11.016,1.35148,1.35133,1,1
04.08.2021 00:33:11.167,1.3515000000000001,1.35133,1,1.5
04.08.2021 00:33:11.268,1.35148,1.35133,1,1
04.08.2021 00:33:11.419,1.35148,1.35131,1,1
04.08.2021 00:33:11.857,1.35145,1.35128,1,1
04.08.2021 00:33:12.010,1.35144,1.3512700000000002,1,1
04.08.2021 00:33:12.111,1.35142,1.35125,1,1
04.08.2021 00:33:16.630,1.3514000000000002,1.35123,1,1
04.08.2021 00:33:29.349,1.35141,1.3512600000000001,1.87,1
04.08.2021 00:33:55.881,1.35139,1.35125,1,1
04.08.2021 00:34:19.484,1.35142,1.3512600000000001,1.12,1
04.08.2021 00:34:19.585,1.35143,1.3512700000000002,1.5,1
04.08.2021 00:34:19.686,1.35145,1.35131,2,1
04.08.2021 00:34:20.480,1.35143,1.35129,1.5,1
04.08.2021 00:34:20.689,1.35144,1.35128,1,1
04.08.2021 00:34:42.831,1.35146,1.35131,1.5,1
04.08.2021 00:34:43.958,1.35145,1.35129,1.12,1
04.08.2021 00:34:44.059,1.35146,1.3513000000000002,2,1
04.08.2021 00:34:45.430,1.35143,1.35129,1,1
04.08.2021 00:34:45.540,1.35143,1.3512700000000002,1,1
04.08.2021 00:35:02.804,1.35139,1.35125,1,1
04.08.2021 00:35:09.478,1.35138,1.35122,1,1
04.08.2021 00:35:09.579,1.35133,1.3511900000000001,1,1
04.08.2021 00:35:09.730,1.35132,1.3511600000000001,1,1
04.08.2021 00:35:10.588,1.35131,1.35115,1,1
04.08.2021 00:35:10.705,1.35129,1.35113,1,1
04.08.2021 00:35:20.725,1.35128,1.35112,1,1
04.08.2021 00:35:26.313,1.3513000000000002,1.35114,1.5,1
04.08.2021 00:35:26.988,1.35129,1.35114,1,1
04.08.2021 00:35:31.511,1.35129,1.3511600000000001,1,1
04.08.2021 00:35:35.205,1.35131,1.3511700000000002,1,1
04.08.2021 00:35:41.644,1.3513000000000002,1.35114,1,1
04.08.2021 00:35:44.507,1.35128,1.35114,1,1
04.08.2021 00:35:50.425,1.35129,1.35115,1,1
04.08.2021 00:35:51.593,1.3513000000000002,1.3511600000000001,1,1
04.08.2021 00:36:44.751,1.35129,1.35115,1,1
04.08.2021 00:36:48.777,1.3512700000000002,1.35113,1,1
04.08.2021 00:36:50.535,1.35125,1.35111,1,2.62
04.08.2021 00:36:50.636,1.35125,1.3510900000000001,1,1.5
04.08.2021 00:36:50.787,1.35125,1.3510900000000001,1,1
04.08.2021 00:36:50.924,1.3512700000000002,1.35111,1,1
04.08.2021 00:36:51.027,1.35125,1.3510900000000001,1,1
04.08.2021 00:37:01.190,1.35124,1.35108,1,1
04.08.2021 00:37:13.161,1.35125,1.3510900000000001,1,1
04.08.2021 00:37:26.280,1.35124,1.35108,1,1
04.08.2021 00:37:26.431,1.3512,1.3510600000000001,1,1
04.08.2021 00:37:36.414,1.35121,1.3510700000000002,1,1
04.08.2021 00:37:57.156,1.35122,1.35108,1,1
04.08.2021 00:37:57.666,1.35123,1.3510900000000001,1,1
04.08.2021 00:37:57.767,1.35125,1.35111,1.12,1
04.08.2021 00:37:57.868,1.35128,1.35112,1,1
04.08.2021 00:37:58.354,1.35129,1.35113,1,1
04.08.2021 00:38:03.757,1.35128,1.35111,1,1.1
04.08.2021 00:38:03.918,1.35129,1.35115,1,1
04.08.2021 00:38:06.211,1.3512700000000002,1.35113,1,1
04.08.2021 00:38:06.261,1.3513000000000002,1.35115,1,1
04.08.2021 00:38:16.867,1.35132,1.35115,1.5,1
04.08.2021 00:38:29.108,1.35132,1.3511700000000002,1,1
04.08.2021 00:38:30.209,1.35134,1.3511700000000002,1.12,1
04.08.2021 00:38:31.969,1.35134,1.3511700000000002,3.5,1
04.08.2021 00:38:50.721,1.3513000000000002,1.3511600000000001,1,1
04.08.2021 00:39:17.906,1.35129,1.35115,1,1
04.08.2021 00:39:18.018,1.35129,1.35113,1,1
04.08.2021 00:39:19.370,1.35125,1.35114,1,1
04.08.2021 00:40:19.905,1.3512600000000001,1.3511,1,1.5
04.08.2021 00:40:43.313,1.35124,1.3511,1,1
04.08.2021 00:41:04.669,1.35123,1.3510700000000002,1,1
04.08.2021 00:41:04.801,1.35121,1.3510700000000002,1,1
04.08.2021 00:41:05.244,1.3512,1.35104,1,2.25
04.08.2021 00:41:10.225,1.35121,1.35105,1.12,1
04.08.2021 00:41:10.326,1.35125,1.3511,2,1
04.08.2021 00:41:10.426,1.3512700000000002,1.3511,1.87,1
04.08.2021 00:42:56.657,1.35129,1.35112,1,1
04.08.2021 00:42:59.016,1.3513000000000002,1.35115,2.75,1
04.08.2021 00:42:59.117,1.35133,1.35115,1.87,1
04.08.2021 00:42:59.167,1.35133,1.35118,1.62,1
04.08.2021 00:42:59.319,1.35133,1.35118,1,1
04.08.2021 00:42:59.470,1.35132,1.3511600000000001,1,1
04.08.2021 00:43:00.384,1.35132,1.35118,1,1
04.08.2021 00:43:00.586,1.3513600000000001,1.3512,1,1.5
04.08.2021 00:43:00.693,1.35138,1.35122,1.5,1
04.08.2021 00:43:00.844,1.3513700000000002,1.35123,1,1
04.08.2021 00:43:05.384,1.3514000000000002,1.35125,2.25,1
04.08.2021 00:43:06.922,1.35141,1.3512600000000001,1,1
04.08.2021 00:43:08.354,1.35139,1.35125,1,1
04.08.2021 00:43:14.034,1.35141,1.3512700000000002,1,1
04.08.2021 00:43:15.668,1.35141,1.3512700000000002,1.5,1
04.08.2021 00:43:19.635,1.35142,1.3512600000000001,1.5,1
04.08.2021 00:43:21.041,1.35139,1.35125,1,1
04.08.2021 00:43:21.092,1.35135,1.3511900000000001,1,2.37
04.08.2021 00:43:21.143,1.35132,1.3511900000000001,1,1
04.08.2021 00:43:21.245,1.35133,1.3511700000000002,1,1
04.08.2021 00:43:21.295,1.35131,1.35115,1,1
04.08.2021 00:43:21.497,1.35128,1.35114,1,1
04.08.2021 00:43:21.980,1.35125,1.3510900000000001,1,1
04.08.2021 00:43:22.299,1.35125,1.35111,1,1
04.08.2021 00:43:22.420,1.35124,1.35108,1,1
04.08.2021 00:43:27.600,1.35123,1.3510700000000002,1,1
04.08.2021 00:43:27.852,1.35121,1.35105,1,1
04.08.2021 00:43:40.122,1.35123,1.3510600000000001,1.12,1
04.08.2021 00:43:45.193,1.35121,1.35104,1,1
04.08.2021 00:43:45.244,1.35122,1.3510600000000001,1.12,1
04.08.2021 00:43:45.495,1.35123,1.35105,1.62,1
04.08.2021 00:43:45.632,1.35122,1.35104,1.12,1
04.08.2021 00:43:46.314,1.3512,1.35105,1,1
04.08.2021 00:43:49.019,1.35122,1.35104,1.87,1
04.08.2021 00:43:49.970,1.35122,1.35105,1,1
04.08.2021 00:43:50.508,1.35121,1.3510700000000002,1,1
04.08.2021 00:43:53.389,1.35123,1.3510700000000002,3.5,1
04.08.2021 00:44:04.407,1.35121,1.35105,1,1
04.08.2021 00:44:04.508,1.35122,1.35105,1,1
04.08.2021 00:44:04.865,1.35121,1.35104,1.5,1
04.08.2021 00:44:06.681,1.35121,1.3510600000000001,1,1
04.08.2021 00:44:06.784,1.35121,1.35105,1.5,1
04.08.2021 00:44:27.944,1.3512,1.35104,1,1
04.08.2021 00:44:28.884,1.35121,1.35103,1.5,1
04.08.2021 00:44:28.935,1.3511900000000001,1.35101,1.12,1
04.08.2021 00:44:29.202,1.3511900000000001,1.35101,2,1
04.08.2021 00:44:30.585,1.3511700000000002,1.35101,1.5,1
04.08.2021 00:44:30.686,1.35114,1.3509600000000002,1,1
04.08.2021 00:44:30.787,1.35115,1.3509700000000002,1,1
04.08.2021 00:44:31.247,1.3511700000000002,1.351,2.37,1
04.08.2021 00:44:31.348,1.3511900000000001,1.35103,2,1
04.08.2021 00:44:31.499,1.3511900000000001,1.3510700000000002,2,1
04.08.2021 00:44:31.550,1.3511900000000001,1.3510700000000002,1.5,1
04.08.2021 00:44:31.651,1.3511700000000002,1.35104,1,1
04.08.2021 00:44:31.702,1.35118,1.35105,1,1
04.08.2021 00:44:33.354,1.35122,1.3510600000000001,2,1
04.08.2021 00:44:33.973,1.35123,1.35104,2,1
04.08.2021 00:44:39.776,1.35122,1.3510700000000002,2.37,1
04.08.2021 00:44:48.389,1.35121,1.3510700000000002,1,1
04.08.2021 00:44:51.281,1.35121,1.35105,1.62,1
04.08.2021 00:44:51.382,1.3512,1.35102,1,1
04.08.2021 00:44:52.606,1.3511900000000001,1.35103,1.5,1
04.08.2021 00:44:52.707,1.3511600000000001,1.351,1.5,1
04.08.2021 00:44:52.758,1.35115,1.3509700000000002,1,1
04.08.2021 00:44:52.941,1.35114,1.3509700000000002,1,1
04.08.2021 00:44:59.840,1.35114,1.35098,1,1
04.08.2021 00:45:00.270,1.35113,1.35098,1,1
04.08.2021 00:45:02.310,1.35118,1.351,1,1
04.08.2021 00:45:02.411,1.35118,1.35103,1.5,1
04.08.2021 00:45:02.516,1.3511900000000001,1.35105,1.5,1
04.08.2021 00:45:02.617,1.35121,1.35105,2.94,1
04.08.2021 00:45:02.819,1.35122,1.35104,1.12,1
04.08.2021 00:45:02.920,1.35123,1.35103,3.87,1
04.08.2021 00:45:03.257,1.35123,1.35105,2.37,1
04.08.2021 00:45:03.380,1.35123,1.3510600000000001,1,1
04.08.2021 00:45:03.559,1.35122,1.35105,1,1
04.08.2021 00:45:12.133,1.35124,1.35104,1.5,1
04.08.2021 00:45:12.184,1.35123,1.3510700000000002,1,1
04.08.2021 00:45:12.577,1.35124,1.3510700000000002,1,1
04.08.2021 00:45:27.389,1.35124,1.35108,1.62,1
04.08.2021 00:45:27.548,1.35124,1.3510700000000002,2.37,1
04.08.2021 00:45:32.196,1.35124,1.35108,1,1
04.08.2021 00:45:32.297,1.35125,1.3510900000000001,2.37,1
04.08.2021 00:45:32.943,1.35125,1.3510900000000001,2.25,1
04.08.2021 00:45:33.907,1.35124,1.3510900000000001,1,1
04.08.2021 00:45:34.347,1.35125,1.3510700000000002,1,1
04.08.2021 00:45:34.936,1.35125,1.3510700000000002,1.5,1
04.08.2021 00:45:42.888,1.35125,1.35108,1.5,1
04.08.2021 00:45:46.986,1.3512600000000001,1.35108,2.25,1
04.08.2021 00:45:47.087,1.3512600000000001,1.3510900000000001,1,1
04.08.2021 00:45:47.289,1.3512600000000001,1.3510900000000001,1,1
04.08.2021 00:45:48.256,1.3512600000000001,1.3510900000000001,1,1
04.08.2021 00:46:02.218,1.3512700000000002,1.35112,1,1
04.08.2021 00:46:02.319,1.3512600000000001,1.35113,1,1
04.08.2021 00:46:02.421,1.3513000000000002,1.35114,3.5,1
04.08.2021 00:46:02.522,1.35131,1.3511700000000002,1.5,1
04.08.2021 00:46:02.573,1.35131,1.3511700000000002,1.12,1
04.08.2021 00:46:02.775,1.35133,1.3511600000000001,2.37,1
04.08.2021 00:46:03.135,1.35134,1.35114,2.37,1
04.08.2021 00:46:03.514,1.3513600000000001,1.35121,1.5,1
04.08.2021 00:46:03.565,1.3513700000000002,1.35121,1,1
04.08.2021 00:46:03.666,1.3514000000000002,1.3512,3.12,1
04.08.2021 00:46:06.433,1.35139,1.3512,1.5,1
04.08.2021 00:46:06.875,1.3513700000000002,1.3512,2.62,1
04.08.2021 00:46:06.925,1.35135,1.35118,1.5,1
04.08.2021 00:46:13.889,1.35135,1.3511700000000002,1.5,1
04.08.2021 00:46:16.111,1.35134,1.35118,1,1
04.08.2021 00:46:16.212,1.3513600000000001,1.35118,1.12,1
04.08.2021 00:46:20.255,1.35132,1.3511700000000002,1,1
04.08.2021 00:46:20.356,1.35133,1.35114,2.62,1
04.08.2021 00:46:20.407,1.3513000000000002,1.3511900000000001,1,1
04.08.2021 00:46:20.508,1.35134,1.3511600000000001,1.75,1
04.08.2021 00:46:21.443,1.35133,1.3511700000000002,1,1
04.08.2021 00:46:21.889,1.35134,1.3511600000000001,1.5,1
04.08.2021 00:46:48.008,1.3513600000000001,1.35118,1,1
04.08.2021 00:46:48.109,1.35135,1.35121,1,1
04.08.2021 00:46:48.210,1.35135,1.35121,1,1
04.08.2021 00:46:51.545,1.3513700000000002,1.35118,2.75,1
04.08.2021 00:46:52.967,1.35135,1.3511900000000001,1.5,1
04.08.2021 00:47:02.856,1.3513700000000002,1.35118,1.12,1
04.08.2021 00:47:02.907,1.35138,1.35123,2.37,1
04.08.2021 00:47:03.065,1.35138,1.35123,1.87,1
04.08.2021 00:47:03.166,1.3514000000000002,1.3513000000000002,1,1
04.08.2021 00:47:03.216,1.35143,1.3513000000000002,1.12,1
04.08.2021 00:47:03.267,1.35143,1.35132,1.12,1
04.08.2021 00:47:03.368,1.35146,1.35131,1.5,1
04.08.2021 00:47:03.468,1.35146,1.3513000000000002,1.62,1
04.08.2021 00:47:04.465,1.35149,1.3513000000000002,1.75,1
04.08.2021 00:47:04.880,1.3515000000000001,1.35131,3.87,1
04.08.2021 00:47:05.133,1.35149,1.35133,1.62,1
04.08.2021 00:47:06.404,1.35148,1.35132,1.5,1
04.08.2021 00:47:06.656,1.3514700000000002,1.35131,1.12,1
04.08.2021 00:47:06.757,1.35145,1.3512700000000002,1.12,1
04.08.2021 00:47:08.425,1.35144,1.35128,2.75,1
04.08.2021 00:47:10.394,1.35143,1.3512700000000002,1,1
04.08.2021 00:47:10.596,1.35139,1.35122,1,1
04.08.2021 00:47:10.697,1.35139,1.35121,1,1
04.08.2021 00:47:10.848,1.35138,1.3512,1.5,1
04.08.2021 00:47:11.101,1.3513700000000002,1.3512,1,1
04.08.2021 00:47:11.152,1.3513700000000002,1.35124,1.12,1
04.08.2021 00:47:11.202,1.3513700000000002,1.3512,1.87,1
04.08.2021 00:47:11.253,1.3513700000000002,1.3512,2.37,1
04.08.2021 00:47:11.697,1.3513600000000001,1.3511700000000002,1.87,1
04.08.2021 00:47:12.650,1.35135,1.3511700000000002,1,1
04.08.2021 00:47:12.954,1.35135,1.3511700000000002,1.5,1
04.08.2021 00:47:31.206,1.35132,1.3511700000000002,1,1
04.08.2021 00:47:35.082,1.35134,1.3511600000000001,2.62,1
04.08.2021 00:47:39.139,1.35131,1.3511700000000002,1,1
04.08.2021 00:47:39.240,1.35131,1.3511700000000002,1,1
04.08.2021 00:47:40.540,1.35134,1.3511700000000002,1.87,1
04.08.2021 00:47:49.655,1.35134,1.3511600000000001,2.62,1
04.08.2021 00:47:51.212,1.35132,1.35115,1,1
04.08.2021 00:47:54.975,1.35133,1.35115,1,1
04.08.2021 00:47:55.127,1.35134,1.3511700000000002,1.12,1
04.08.2021 00:47:59.027,1.35132,1.3511700000000002,1,1
04.08.2021 00:48:00.021,1.3513000000000002,1.35115,1,1
04.08.2021 00:48:07.383,1.3513000000000002,1.35113,1,1
04.08.2021 00:48:21.276,1.35132,1.35114,1.5,1
04.08.2021 00:48:21.427,1.35131,1.3511600000000001,1,1
04.08.2021 00:48:29.071,1.35131,1.35114,1,1
04.08.2021 00:48:32.879,1.3513000000000002,1.35113,1,1
04.08.2021 00:48:33.589,1.35128,1.35111,1,1.87
04.08.2021 00:48:33.690,1.3512600000000001,1.35111,1,1
04.08.2021 00:48:34.065,1.35128,1.35111,1.5,1
04.08.2021 00:48:35.104,1.3512600000000001,1.3511,1.12,1
04.08.2021 00:48:39.020,1.3512700000000002,1.35112,1.5,1
04.08.2021 00:48:40.903,1.35128,1.35111,1,1
04.08.2021 00:48:46.167,1.35125,1.35111,1,1
04.08.2021 00:48:57.463,1.35123,1.3510900000000001,1,1
04.08.2021 00:49:04.243,1.3511900000000001,1.35103,1,1.12
04.08.2021 00:49:04.344,1.35118,1.35102,1,1.62
04.08.2021 00:49:04.445,1.35118,1.35102,1,1
04.08.2021 00:49:04.667,1.3511700000000002,1.35101,1,1
04.08.2021 00:49:05.169,1.35114,1.351,1,1.87
04.08.2021 00:49:05.321,1.3511700000000002,1.35101,1.5,1
04.08.2021 00:49:05.371,1.3512,1.35103,1.12,1
04.08.2021 00:49:08.043,1.35121,1.35105,1.5,1
04.08.2021 00:49:08.144,1.35121,1.3510600000000001,1.87,1
04.08.2021 00:49:08.460,1.35121,1.3510700000000002,1,1
04.08.2021 00:49:08.713,1.35123,1.3510600000000001,2.62,1
04.08.2021 00:49:32.061,1.35121,1.3510700000000002,1,1
04.08.2021 00:49:32.291,1.35122,1.3510700000000002,1.12,1
04.08.2021 00:49:34.491,1.3512,1.35105,1,1
04.08.2021 00:49:47.511,1.3512,1.35103,1,1
04.08.2021 00:49:47.813,1.3511900000000001,1.35104,2.75,1
04.08.2021 00:49:47.972,1.3511600000000001,1.35101,1,1
04.08.2021 00:49:48.722,1.3511600000000001,1.3509900000000001,1,1
04.08.2021 00:50:02.571,1.35118,1.35101,1,1
04.08.2021 00:50:17.318,1.35115,1.351,1,1
04.08.2021 00:50:25.660,1.3511600000000001,1.3509900000000001,1.62,1
04.08.2021 00:50:26.014,1.3511600000000001,1.3509900000000001,1.12,1
04.08.2021 00:50:26.115,1.3511700000000002,1.35103,1.5,1
04.08.2021 00:50:26.216,1.3511700000000002,1.35103,1,1
04.08.2021 00:50:32.405,1.3511600000000001,1.3510600000000001,1,1
04.08.2021 00:50:35.712,1.35122,1.35105,1,1
04.08.2021 00:50:35.931,1.3512,1.35105,1,1
04.08.2021 00:50:38.557,1.35121,1.3510600000000001,1,1
04.08.2021 00:51:13.931,1.35121,1.3510700000000002,1,1
04.08.2021 00:51:14.495,1.35121,1.35108,1,1
04.08.2021 00:51:17.842,1.3512600000000001,1.35108,1.12,1
04.08.2021 00:51:40.263,1.3512600000000001,1.35112,1.5,1
04.08.2021 00:51:40.683,1.3512600000000001,1.35112,1.12,1
04.08.2021 00:51:41.686,1.3512700000000002,1.35111,1.5,1
04.08.2021 00:51:51.663,1.3512600000000001,1.3510900000000001,1.12,1
04.08.2021 00:51:51.764,1.35124,1.3510900000000001,1,1
04.08.2021 00:51:53.316,1.35124,1.3510700000000002,1,1
04.08.2021 00:51:53.838,1.35121,1.3510600000000001,1,1
04.08.2021 00:51:54.190,1.3511900000000001,1.35104,1,1
04.08.2021 00:52:20.707,1.3511600000000001,1.35102,1,1
04.08.2021 00:52:21.220,1.35115,1.35101,1,1
04.08.2021 00:52:25.746,1.35113,1.3509900000000001,1,1
04.08.2021 00:52:30.588,1.35115,1.35101,1,1
04.08.2021 00:52:38.057,1.3511700000000002,1.35101,1,1
04.08.2021 00:52:43.651,1.35115,1.35101,1,1.12
04.08.2021 00:52:47.976,1.35113,1.3509900000000001,1,1.5
04.08.2021 00:52:48.081,1.35111,1.3509600000000002,1,1
04.08.2021 00:52:48.182,1.35111,1.35094,1,1.5
04.08.2021 00:52:51.601,1.35112,1.3509600000000002,1,1
04.08.2021 00:53:17.993,1.35111,1.35094,1,1.87
04.08.2021 00:53:40.666,1.35112,1.3509600000000002,1,1
04.08.2021 00:53:41.528,1.35111,1.3509700000000002,1.5,1
04.08.2021 00:53:46.691,1.35111,1.3509700000000002,1,1
04.08.2021 00:54:14.750,1.35113,1.3509900000000001,1.5,1
04.08.2021 00:54:15.232,1.35114,1.351,1.62,1
04.08.2021 00:54:15.481,1.3511600000000001,1.351,2.37,1
04.08.2021 00:54:15.532,1.3511700000000002,1.35102,1.62,1
04.08.2021 00:54:15.582,1.3511900000000001,1.35102,1.12,1
04.08.2021 00:54:15.633,1.3512,1.35105,2,1
04.08.2021 00:54:15.734,1.35122,1.3510700000000002,1,1
04.08.2021 00:54:15.785,1.35123,1.3510900000000001,2.25,1
04.08.2021 00:54:16.296,1.3512600000000001,1.35108,2.75,1
04.08.2021 00:54:16.498,1.3512600000000001,1.35108,1,1
04.08.2021 00:54:16.957,1.3512700000000002,1.35111,1,1
04.08.2021 00:54:17.058,1.35128,1.35111,1,1
04.08.2021 00:54:24.990,1.3511900000000001,1.35108,1,1
04.08.2021 00:54:25.040,1.3511600000000001,1.35101,1.5,2.75
04.08.2021 00:54:25.091,1.35115,1.351,1,1.5
04.08.2021 00:54:25.141,1.3511700000000002,1.351,2.44,1.5
04.08.2021 00:54:25.242,1.35115,1.35101,1.12,1
04.08.2021 00:54:25.343,1.3511600000000001,1.3509900000000001,1.87,1
04.08.2021 00:54:25.494,1.35114,1.351,1,1
04.08.2021 00:54:26.119,1.3511600000000001,1.3509900000000001,1.87,1
04.08.2021 00:54:31.029,1.3511600000000001,1.3509900000000001,2.75,1
04.08.2021 00:54:35.015,1.35112,1.35095,1,1
04.08.2021 00:54:35.116,1.35111,1.3509700000000002,1,1
04.08.2021 00:54:35.424,1.35112,1.3509700000000002,1.35,1
04.08.2021 00:54:35.475,1.35108,1.35093,1.5,1
04.08.2021 00:54:35.526,1.3510600000000001,1.3509,1.1,1
04.08.2021 00:54:35.577,1.3510700000000002,1.35091,1,1
04.08.2021 00:54:35.678,1.3510700000000002,1.3509,1.1,1
04.08.2021 00:54:35.779,1.35108,1.35093,2.1,1
04.08.2021 00:54:36.180,1.3510900000000001,1.3509200000000001,1.1,1
04.08.2021 00:54:36.281,1.3510900000000001,1.35093,1,1
04.08.2021 00:54:36.382,1.35112,1.35093,3.97,1
04.08.2021 00:54:36.571,1.35111,1.35095,1.1,1
04.08.2021 00:54:36.672,1.35112,1.35095,2.85,1
04.08.2021 00:54:37.639,1.35113,1.35094,3.85,1
04.08.2021 00:54:37.791,1.35113,1.35098,1.22,1
04.08.2021 00:54:37.987,1.35113,1.35098,1.1,1
04.08.2021 00:54:40.266,1.35113,1.3509900000000001,1.1,1
04.08.2021 00:54:40.367,1.3511600000000001,1.35101,1.1,1
04.08.2021 00:54:40.469,1.3511700000000002,1.35103,1.1,1
04.08.2021 00:54:40.575,1.3511900000000001,1.35102,3.47,1
04.08.2021 00:54:41.118,1.3511900000000001,1.35102,1.95,1
04.08.2021 00:54:41.650,1.35118,1.35102,1,1
04.08.2021 00:54:41.788,1.3511900000000001,1.35102,1.1,1
04.08.2021 00:54:44.109,1.35115,1.351,1,1
04.08.2021 00:54:44.210,1.3511600000000001,1.351,1,1
04.08.2021 00:54:44.376,1.3511700000000002,1.351,1,1
04.08.2021 00:54:44.477,1.3511600000000001,1.35101,1.1,1
04.08.2021 00:54:45.609,1.35118,1.35104,1,1
04.08.2021 00:54:45.710,1.35124,1.3511,3.85,1
04.08.2021 00:54:45.861,1.35123,1.3511,1.1,1
04.08.2021 00:54:45.962,1.35124,1.35111,2.07,1
04.08.2021 00:54:46.063,1.35124,1.3511,1.1,1
04.08.2021 00:54:46.164,1.3512700000000002,1.3510900000000001,4.97,1
04.08.2021 00:54:47.413,1.3512600000000001,1.35111,1.1,1
04.08.2021 00:54:48.531,1.3513000000000002,1.35115,1.6,1
04.08.2021 00:54:48.582,1.35132,1.35115,1.1,1
04.08.2021 00:54:48.632,1.35133,1.35118,3.77,1
04.08.2021 00:54:48.783,1.35132,1.35118,1.1,1
04.08.2021 00:54:48.884,1.35134,1.35118,1.97,1
04.08.2021 00:54:49.137,1.35134,1.35118,1.2,1
04.08.2021 00:54:49.609,1.3513700000000002,1.35118,2.85,1
04.08.2021 00:54:50.070,1.3513600000000001,1.3511900000000001,1.6,1
04.08.2021 00:54:50.368,1.3513700000000002,1.35118,1.57,1
04.08.2021 00:54:50.784,1.35135,1.3511900000000001,1,1
04.08.2021 00:54:51.212,1.35135,1.3511900000000001,1.1,1
04.08.2021 00:54:51.313,1.35135,1.3511900000000001,1.1,1
04.08.2021 00:54:52.411,1.3513600000000001,1.35118,1.6,1
04.08.2021 00:54:53.021,1.35135,1.3511600000000001,2.32,1
04.08.2021 00:54:53.122,1.35134,1.3511700000000002,2.35,1
04.08.2021 00:54:53.474,1.35135,1.35118,1.1,1
04.08.2021 00:54:56.780,1.35134,1.3511700000000002,3.85,1
04.08.2021 00:54:57.032,1.35133,1.35115,1.1,1
04.08.2021 00:54:57.470,1.35131,1.35114,1.5,1
04.08.2021 00:54:57.860,1.35131,1.35114,1.1,1
04.08.2021 00:54:58.061,1.35131,1.3511700000000002,3.1,1
04.08.2021 00:54:58.162,1.35131,1.3511700000000002,1.1,1
04.08.2021 00:54:58.263,1.35132,1.3511700000000002,1.6,1
04.08.2021 00:54:59.236,1.35133,1.35118,1.1,1
04.08.2021 00:54:59.337,1.35133,1.35118,1.57,1
04.08.2021 00:54:59.701,1.35133,1.35118,1.2,1
04.08.2021 00:55:00.104,1.35134,1.3511900000000001,1.22,1
04.08.2021 00:55:00.205,1.35134,1.35118,1.2,1
04.08.2021 00:55:00.306,1.35128,1.35115,1.25,1
04.08.2021 00:55:00.357,1.3512700000000002,1.35114,1.25,1
04.08.2021 00:55:00.458,1.3513000000000002,1.3511900000000001,1.1,1
04.08.2021 00:55:00.508,1.3513000000000002,1.35114,1.1,1
04.08.2021 00:55:00.559,1.35131,1.35118,1.22,1
04.08.2021 00:55:00.811,1.35133,1.3511700000000002,1.22,1
04.08.2021 00:55:00.912,1.35133,1.35115,1.22,1
04.08.2021 00:55:01.565,1.3513000000000002,1.3511600000000001,1,1
04.08.2021 00:55:01.741,1.3513000000000002,1.35115,1,1
04.08.2021 00:55:02.333,1.35125,1.35112,1,1
04.08.2021 00:55:02.434,1.35123,1.3510700000000002,1,1.12
04.08.2021 00:55:02.485,1.35122,1.3511,1,1
04.08.2021 00:55:09.655,1.35125,1.3510900000000001,1.12,1
04.08.2021 00:55:09.756,1.35125,1.3511,1,1
04.08.2021 00:55:10.418,1.3512600000000001,1.35111,1,1
04.08.2021 00:55:10.716,1.3512700000000002,1.35111,2,1
04.08.2021 00:55:12.640,1.35125,1.3511,1,1
04.08.2021 00:55:12.950,1.3512700000000002,1.35111,3.87,1
04.08.2021 00:55:19.744,1.3512600000000001,1.35111,1,1
04.08.2021 00:55:26.756,1.3512700000000002,1.3511,1,1
04.08.2021 00:55:27.760,1.3512600000000001,1.35111,1,1
04.08.2021 00:55:43.210,1.35125,1.3511,1,1
04.08.2021 00:55:45.111,1.3512700000000002,1.3511,1.12,1
04.08.2021 00:55:53.991,1.35128,1.35111,3.24,1
04.08.2021 00:55:54.042,1.35129,1.35115,1.99,1
04.08.2021 00:55:54.143,1.3513000000000002,1.3511600000000001,1.12,1
04.08.2021 00:55:54.245,1.3513000000000002,1.35118,1,1
04.08.2021 00:55:59.031,1.35129,1.3511600000000001,1,1
04.08.2021 00:56:03.472,1.35129,1.35118,1,1
04.08.2021 00:56:04.014,1.35134,1.3511900000000001,3.37,1
04.08.2021 00:56:04.065,1.3513000000000002,1.35121,1,1
04.08.2021 00:56:07.044,1.3513700000000002,1.3512,1,1
04.08.2021 00:56:07.095,1.3513700000000002,1.35125,1,1
04.08.2021 00:56:07.196,1.35142,1.3512600000000001,1.12,1
04.08.2021 00:56:07.348,1.35143,1.3512700000000002,1.87,1
04.08.2021 00:56:07.449,1.35142,1.3512600000000001,1.87,1
04.08.2021 00:56:07.500,1.35142,1.35128,1.87,1
04.08.2021 00:56:08.108,1.35142,1.35128,2,1
04.08.2021 00:56:12.033,1.35142,1.3512700000000002,2,1
04.08.2021 00:56:12.945,1.35143,1.35128,2,1
04.08.2021 00:56:12.996,1.35144,1.35129,1.5,1
04.08.2021 00:56:13.097,1.35146,1.35129,1,1
04.08.2021 00:56:23.526,1.3514700000000002,1.35129,1,1
04.08.2021 00:56:23.627,1.35148,1.35131,1.87,1
04.08.2021 00:56:24.388,1.3514700000000002,1.35131,1,1
04.08.2021 00:56:27.041,1.35146,1.35131,1,1
04.08.2021 00:56:31.207,1.35145,1.3513000000000002,1,1
04.08.2021 00:56:31.308,1.35141,1.3512700000000002,1,1
04.08.2021 00:56:31.359,1.35142,1.35124,1.5,1
04.08.2021 00:56:31.460,1.35141,1.35125,2,1
04.08.2021 00:56:37.890,1.3514000000000002,1.35125,1.1,1
04.08.2021 00:56:40.061,1.35141,1.35124,1.1,1
04.08.2021 00:57:01.390,1.35141,1.35124,2.47,1
04.08.2021 00:57:15.247,1.35141,1.3512600000000001,1.1,1
04.08.2021 00:57:15.349,1.3514000000000002,1.3512600000000001,1.1,1
04.08.2021 00:57:16.195,1.35139,1.35125,1,1
04.08.2021 00:57:28.162,1.35139,1.35123,1.12,1
04.08.2021 00:57:37.656,1.35138,1.3512600000000001,1,1
04.08.2021 00:57:37.757,1.35141,1.3512600000000001,1.87,1
04.08.2021 00:57:38.667,1.35142,1.3512600000000001,1.95,1
04.08.2021 00:57:57.906,1.35141,1.3512700000000002,1.7,1
04.08.2021 00:57:58.007,1.35141,1.35125,1.1,1
04.08.2021 00:57:58.435,1.35141,1.35123,1.72,1
04.08.2021 00:57:58.809,1.35138,1.35121,1.1,1
04.08.2021 00:57:59.079,1.35138,1.3512,1.57,1
04.08.2021 00:57:59.206,1.3513700000000002,1.35121,1.6,1
04.08.2021 00:57:59.341,1.35135,1.3512,1.87,1
04.08.2021 00:57:59.795,1.3513600000000001,1.35118,2.32,1
04.08.2021 00:58:05.071,1.3513600000000001,1.35118,1.97,1
04.08.2021 00:58:05.222,1.35133,1.3511700000000002,1.6,1
04.08.2021 00:58:08.745,1.35131,1.35115,1,1
04.08.2021 00:58:08.846,1.3513000000000002,1.35114,1,1
04.08.2021 00:58:10.274,1.35129,1.35112,1,1
04.08.2021 00:58:10.787,1.3512600000000001,1.35112,1,1
04.08.2021 00:58:16.190,1.35129,1.35111,1.12,1
04.08.2021 00:58:16.789,1.3513000000000002,1.35113,1.1,1
04.08.2021 00:58:34.480,1.35131,1.35115,1,1
04.08.2021 00:58:34.581,1.35135,1.3511600000000001,1.5,1
04.08.2021 00:58:35.771,1.35135,1.35118,1.12,1
04.08.2021 00:58:37.005,1.3513600000000001,1.35118,1.12,1
04.08.2021 00:58:37.105,1.35138,1.35118,1,1
04.08.2021 00:58:37.156,1.35138,1.3512,1,1
04.08.2021 00:58:38.391,1.35139,1.35121,1.12,1
04.08.2021 00:58:38.539,1.35138,1.35123,1.12,1
04.08.2021 00:59:06.701,1.3513700000000002,1.3512,1,1
04.08.2021 00:59:28.618,1.35138,1.35122,1,1
04.08.2021 00:59:30.366,1.35139,1.35123,1,1
04.08.2021 00:59:39.553,1.3513700000000002,1.35123,1,1.12
04.08.2021 00:59:45.541,1.3514000000000002,1.35124,1,1
04.08.2021 00:59:50.388,1.3513600000000001,1.35122,1,1.5
04.08.2021 00:59:50.795,1.3513600000000001,1.35122,1,1
04.08.2021 00:59:59.701,1.35135,1.3511900000000001,1,1
04.08.2021 01:00:00.126,1.35134,1.35118,1,1.12
04.08.2021 01:00:03.101,1.35133,1.3511700000000002,1,1
04.08.2021 01:00:05.272,1.3513000000000002,1.35115,1,2.25
04.08.2021 01:00:10.643,1.3513000000000002,1.35113,1,1.12
04.08.2021 01:00:16.420,1.3512700000000002,1.35112,1,1.5
04.08.2021 01:00:16.521,1.3512700000000002,1.35112,1,1.12
04.08.2021 01:00:28.373,1.3512700000000002,1.35113,1,1
04.08.2021 01:00:28.474,1.35129,1.35115,1,1
04.08.2021 01:00:39.443,1.3512700000000002,1.35113,1,1
04.08.2021 01:00:40.768,1.3513000000000002,1.35114,1.12,1
04.08.2021 01:00:40.869,1.35128,1.35114,1,1
04.08.2021 01:00:42.585,1.3512600000000001,1.35111,1,1.5
04.08.2021 01:00:42.946,1.35124,1.3510900000000001,1,1.12
04.08.2021 01:01:02.543,1.35124,1.35108,1,1
04.08.2021 01:01:04.108,1.35124,1.35105,1,1.1
04.08.2021 01:01:04.546,1.35123,1.35104,1,1.1
04.08.2021 01:01:06.555,1.35122,1.3510700000000002,1.12,1
04.08.2021 01:01:11.792,1.35123,1.3510700000000002,1.12,1
04.08.2021 01:01:20.573,1.35124,1.3511,1,1
04.08.2021 01:01:20.693,1.35123,1.3510900000000001,1.5,1
04.08.2021 01:01:38.783,1.35122,1.3510600000000001,1,1
04.08.2021 01:01:57.836,1.35124,1.35108,1.62,1
04.08.2021 01:01:57.938,1.35124,1.35108,1.5,1
04.08.2021 01:02:01.236,1.35123,1.3510900000000001,1.62,1
04.08.2021 01:02:01.287,1.35121,1.3510700000000002,1,1
04.08.2021 01:02:01.539,1.35121,1.3510600000000001,1,1
04.08.2021 01:02:14.718,1.3512,1.3510600000000001,1.5,1
04.08.2021 01:02:15.030,1.35118,1.35104,1,1
04.08.2021 01:02:15.593,1.35118,1.35104,1.5,1
04.08.2021 01:02:15.694,1.3511700000000002,1.35103,1.5,1
04.08.2021 01:02:15.845,1.35115,1.35101,1.12,1
04.08.2021 01:02:15.946,1.3511600000000001,1.351,1.5,1
04.08.2021 01:02:16.724,1.35113,1.3509900000000001,1.12,1
04.08.2021 01:02:16.848,1.35113,1.3509700000000002,1,1
04.08.2021 01:02:24.946,1.35113,1.35101,1,1
04.08.2021 01:02:25.098,1.35114,1.3509900000000001,1,1
04.08.2021 01:02:27.618,1.35114,1.351,1,1
04.08.2021 01:02:34.137,1.3511900000000001,1.35103,1.12,1
04.08.2021 01:02:34.238,1.35121,1.35104,1.87,1
04.08.2021 01:02:34.288,1.35122,1.3510600000000001,1.5,1
04.08.2021 01:02:34.339,1.35123,1.3510700000000002,1.5,1
04.08.2021 01:02:34.389,1.35124,1.3511,1.12,1
04.08.2021 01:02:34.490,1.3512600000000001,1.3511,1,1
04.08.2021 01:02:34.591,1.35128,1.35112,1,1
04.08.2021 01:02:34.799,1.35129,1.35115,1.12,1
04.08.2021 01:03:01.389,1.3512700000000002,1.35115,1,1
04.08.2021 01:03:10.210,1.3513000000000002,1.35114,1,1
04.08.2021 01:03:26.931,1.35128,1.35112,1,1.5
04.08.2021 01:03:28.059,1.3512600000000001,1.35113,1,1
04.08.2021 01:03:29.546,1.35128,1.35112,1,1
04.08.2021 01:03:30.202,1.3513000000000002,1.35114,1,1
04.08.2021 01:03:30.608,1.35131,1.35114,1,1
04.08.2021 01:03:30.709,1.35132,1.3511600000000001,1,1
04.08.2021 01:03:42.817,1.35131,1.35115,1,1
04.08.2021 01:03:44.091,1.35129,1.35115,1,1
04.08.2021 01:03:49.367,1.35131,1.35115,1,1
04.08.2021 01:03:51.664,1.35131,1.3511700000000002,1.12,1
04.08.2021 01:04:00.991,1.3513000000000002,1.3511600000000001,1,1
04.08.2021 01:04:01.107,1.3513000000000002,1.35114,1,1
04.08.2021 01:04:27.466,1.35129,1.35113,1,1
04.08.2021 01:04:27.802,1.35128,1.35112,1,1
04.08.2021 01:04:27.953,1.3512700000000002,1.35111,1,1
04.08.2021 01:04:28.309,1.3512600000000001,1.35111,1.5,1
04.08.2021 01:04:28.410,1.35124,1.35108,1,1
04.08.2021 01:04:30.214,1.35125,1.3510900000000001,1,1
04.08.2021 01:04:31.779,1.3512600000000001,1.35111,1,1
04.08.2021 01:04:33.688,1.35124,1.35108,1,1
04.08.2021 01:04:33.789,1.35123,1.3510700000000002,1,1
04.08.2021 01:04:37.337,1.35125,1.35111,1,1
04.08.2021 01:04:42.203,1.3512600000000001,1.35112,1,1
04.08.2021 01:04:52.153,1.35128,1.35114,1,1
04.08.2021 01:04:52.564,1.3513000000000002,1.3511600000000001,1,1
04.08.2021 01:04:54.577,1.35129,1.35113,1,1
04.08.2021 01:04:55.922,1.35131,1.35115,1,1
04.08.2021 01:05:36.485,1.35129,1.35113,1,1
04.08.2021 01:05:37.874,1.35131,1.35114,1.12,1
04.08.2021 01:05:39.760,1.3512600000000001,1.35111,1,1.12
04.08.2021 01:05:45.883,1.35125,1.35108,1,1.12
04.08.2021 01:05:46.085,1.35124,1.3510700000000002,1,1.5
04.08.2021 01:05:48.511,1.35124,1.3510700000000002,1,1.12
04.08.2021 01:06:01.693,1.35123,1.35108,1,1.5
04.08.2021 01:06:02.106,1.35124,1.3510900000000001,1,1.12
04.08.2021 01:06:03.519,1.35124,1.3510700000000002,1,1.5
04.08.2021 01:06:03.671,1.35123,1.35108,1,1.12
04.08.2021 01:06:10.497,1.35124,1.35108,1,1
04.08.2021 01:06:10.602,1.3512700000000002,1.35111,1,1
04.08.2021 01:06:10.652,1.3513000000000002,1.35113,1,1
04.08.2021 01:06:10.753,1.35129,1.35114,1,1.62
04.08.2021 01:06:10.854,1.35128,1.35111,1,1.5
04.08.2021 01:06:10.905,1.3512700000000002,1.35112,1,1.12
04.08.2021 01:06:11.167,1.35128,1.35111,1,2
04.08.2021 01:06:11.268,1.35129,1.35114,1,1.5
04.08.2021 01:06:11.419,1.35129,1.35114,1,1.62
04.08.2021 01:06:12.191,1.3513000000000002,1.35115,1,1.5
04.08.2021 01:06:12.373,1.3513000000000002,1.35115,1,1.5
04.08.2021 01:06:13.987,1.3513000000000002,1.35115,1,1.62
04.08.2021 01:06:25.763,1.3513000000000002,1.35114,1,1
04.08.2021 01:06:30.584,1.3513000000000002,1.35115,1,1.62
04.08.2021 01:06:43.536,1.3513000000000002,1.3511600000000001,1,1
04.08.2021 01:06:44.619,1.35132,1.35118,1,1
04.08.2021 01:07:02.423,1.35133,1.3511900000000001,1,1
04.08.2021 01:07:13.330,1.35135,1.3511900000000001,1,1
04.08.2021 01:07:13.431,1.35135,1.3512,1.12,1
04.08.2021 01:07:42.895,1.35135,1.3511900000000001,1,1
04.08.2021 01:07:42.997,1.35134,1.3511700000000002,1,1
04.08.2021 01:07:44.563,1.35135,1.35118,1.5,1
04.08.2021 01:07:47.535,1.3513700000000002,1.3512,2.82,1
04.08.2021 01:07:48.025,1.35135,1.3512,1.12,1
04.08.2021 01:07:58.307,1.35134,1.3512,1.12,1
04.08.2021 01:07:58.663,1.35134,1.3512,1.5,1
04.08.2021 01:08:01.080,1.35135,1.3512,1.5,1
04.08.2021 01:08:01.632,1.35135,1.3511900000000001,1.5,1
04.08.2021 01:08:01.733,1.35134,1.3512,1.12,1
04.08.2021 01:08:02.295,1.3513600000000001,1.35121,2.75,1
04.08.2021 01:08:02.516,1.3513700000000002,1.35121,1.5,1.5
04.08.2021 01:08:02.617,1.3514000000000002,1.3512700000000002,1.5,1
04.08.2021 01:08:02.667,1.35144,1.3512600000000001,1.12,1
04.08.2021 01:08:02.718,1.35145,1.35128,4.32,1
04.08.2021 01:08:02.819,1.35144,1.35129,3,1
04.08.2021 01:08:03.066,1.35146,1.35131,2.32,1
04.08.2021 01:08:03.167,1.35148,1.35131,2.75,1
04.08.2021 01:08:03.547,1.3514700000000002,1.35132,1,1
04.08.2021 01:08:05.869,1.35149,1.35133,1.12,1
04.08.2021 01:08:06.699,1.35148,1.35133,1,1
04.08.2021 01:08:07.976,1.3515000000000001,1.35132,1.1,1
04.08.2021 01:08:08.239,1.35148,1.35131,1,1
04.08.2021 01:08:23.598,1.35146,1.35131,1,1
04.08.2021 01:08:28.300,1.35146,1.35129,1,1
04.08.2021 01:09:05.301,1.35143,1.3512700000000002,1,1
04.08.2021 01:09:05.402,1.35142,1.3512600000000001,1,1
04.08.2021 01:09:19.320,1.35143,1.3512700000000002,1.12,1
04.08.2021 01:09:20.322,1.35141,1.3512700000000002,1,1
04.08.2021 01:09:33.757,1.3514000000000002,1.3512600000000001,1,1
04.08.2021 01:09:37.209,1.35139,1.35123,1,1
04.08.2021 01:09:52.296,1.3513600000000001,1.35122,1,1
04.08.2021 01:09:52.534,1.3513600000000001,1.3512,1,1
04.08.2021 01:10:01.811,1.35138,1.35121,1,1
04.08.2021 01:10:02.499,1.35138,1.35122,2.32,1
04.08.2021 01:10:08.270,1.35138,1.35124,1.1,1
04.08.2021 01:10:23.881,1.35139,1.35122,1.22,1
04.08.2021 01:10:24.058,1.35138,1.35122,1.6,1
04.08.2021 01:10:30.103,1.3513700000000002,1.35122,1.6,1
04.08.2021 01:10:32.708,1.35135,1.3512,1,1
04.08.2021 01:10:38.104,1.3513700000000002,1.3512,1,1
04.08.2021 01:10:59.428,1.35135,1.3512,1.12,1
04.08.2021 01:10:59.529,1.35134,1.3511700000000002,1,1
04.08.2021 01:11:00.542,1.35134,1.3511700000000002,1.5,1
04.08.2021 01:11:37.917,1.35135,1.3512,1.6,1
04.08.2021 01:11:38.821,1.3513600000000001,1.3511900000000001,1.6,1
04.08.2021 01:11:48.737,1.3513600000000001,1.3511900000000001,1.6,1
04.08.2021 01:12:31.861,1.3513700000000002,1.3512,1.62,1
04.08.2021 01:12:33.970,1.35134,1.3512,1.5,1
04.08.2021 01:12:57.986,1.35134,1.3512,1,1
04.08.2021 01:12:59.519,1.3513700000000002,1.3512,1.5,1
04.08.2021 01:12:59.991,1.3513700000000002,1.3512,1.12,1
04.08.2021 01:13:05.546,1.35135,1.3512,1,1
04.08.2021 01:14:01.410,1.3513600000000001,1.35121,1,1
04.08.2021 01:14:01.511,1.3513600000000001,1.35122,1,1
04.08.2021 01:14:01.561,1.3513600000000001,1.35124,1,1
04.08.2021 01:14:01.673,1.35139,1.35124,1.5,1
04.08.2021 01:14:01.774,1.35141,1.35124,1.12,1
04.08.2021 01:14:03.326,1.35142,1.3512700000000002,1.5,1
04.08.2021 01:14:03.427,1.35144,1.3512700000000002,1,1
04.08.2021 01:14:03.529,1.35146,1.35129,2,1
04.08.2021 01:14:03.727,1.35145,1.3513000000000002,1.5,1
04.08.2021 01:14:03.878,1.35146,1.35131,1,1
04.08.2021 01:14:04.033,1.35146,1.35128,1,1
04.08.2021 01:14:04.149,1.35145,1.3512700000000002,1.5,1
04.08.2021 01:14:04.594,1.35144,1.3512700000000002,1,1
04.08.2021 01:14:12.345,1.35142,1.35125,1,1
04.08.2021 01:14:26.869,1.35141,1.35125,1,1
04.08.2021 01:14:27.900,1.3514000000000002,1.35124,1,1
04.08.2021 01:14:28.590,1.35139,1.3512600000000001,1,1
04.08.2021 01:14:30.068,1.3514000000000002,1.3512600000000001,1,1
04.08.2021 01:14:31.546,1.35143,1.35128,1.5,1
04.08.2021 01:14:50.646,1.35145,1.3513000000000002,1.12,1
04.08.2021 01:14:50.828,1.35145,1.35128,1,1
04.08.2021 01:14:51.285,1.35143,1.35128,1,1
04.08.2021 01:14:58.040,1.35144,1.35129,1,1
04.08.2021 01:14:58.243,1.35144,1.3512700000000002,1,1
04.08.2021 01:14:58.344,1.35143,1.3512700000000002,1.12,1
04.08.2021 01:14:58.445,1.35144,1.3512700000000002,1.12,1
04.08.2021 01:14:58.596,1.3514000000000002,1.35125,1,1
04.08.2021 01:14:58.646,1.35143,1.3512600000000001,2.62,1
04.08.2021 01:14:58.886,1.35142,1.3512600000000001,1.5,1
04.08.2021 01:14:59.197,1.35143,1.35123,1.5,1
04.08.2021 01:15:01.775,1.35142,1.35123,1.5,1
04.08.2021 01:15:03.571,1.35139,1.3511900000000001,1,1
04.08.2021 01:15:03.672,1.35138,1.3511900000000001,1.5,1
04.08.2021 01:15:08.074,1.3513700000000002,1.3512,4.62,1
04.08.2021 01:15:09.109,1.3513700000000002,1.3512,3.75,1
04.08.2021 01:15:15.698,1.35138,1.3512,1.12,1
04.08.2021 01:15:22.128,1.35135,1.3512,1,1
04.08.2021 01:15:22.335,1.35135,1.3511900000000001,1,1
04.08.2021 01:15:23.257,1.3513600000000001,1.3511900000000001,2.44,1
04.08.2021 01:15:23.971,1.35135,1.3511900000000001,1.25,1
04.08.2021 01:15:34.777,1.35135,1.3512,1.5,1
04.08.2021 01:15:34.878,1.35134,1.3512,1,1
04.08.2021 01:15:35.156,1.35135,1.3512,1,1
04.08.2021 01:15:35.323,1.35134,1.3512,1,1
04.08.2021 01:15:37.778,1.3513600000000001,1.3511900000000001,1,1
04.08.2021 01:15:46.720,1.35135,1.3511900000000001,1.25,1
04.08.2021 01:15:51.353,1.35134,1.3511900000000001,1,1
04.08.2021 01:15:51.634,1.35133,1.3511900000000001,1,1
04.08.2021 01:15:51.735,1.35124,1.35113,1,1
04.08.2021 01:15:51.786,1.35124,1.35111,1,1
04.08.2021 01:15:51.836,1.35122,1.3510900000000001,1,1.12
04.08.2021 01:15:51.937,1.35124,1.3510700000000002,1.6,1
04.08.2021 01:15:51.987,1.35121,1.3510600000000001,1.1,1
04.08.2021 01:15:52.088,1.3512,1.35102,1,1
04.08.2021 01:15:52.239,1.35118,1.35102,1,1
04.08.2021 01:15:52.290,1.3511600000000001,1.35101,1.1,1
04.08.2021 01:15:52.391,1.35114,1.3509900000000001,1.25,1
04.08.2021 01:15:52.492,1.3511600000000001,1.35098,1.76,1
04.08.2021 01:15:52.593,1.35114,1.3509900000000001,1.1,1
04.08.2021 01:15:52.694,1.35112,1.3509600000000002,1.1,1
04.08.2021 01:15:52.795,1.35112,1.35095,1.1,1
04.08.2021 01:15:54.056,1.35113,1.35094,1.1,1
04.08.2021 01:15:54.412,1.35113,1.35095,1.1,1
04.08.2021 01:15:55.139,1.35111,1.35095,1,1
04.08.2021 01:15:56.665,1.35112,1.3509600000000002,1.1,1
04.08.2021 01:16:01.143,1.35114,1.35095,1,1
04.08.2021 01:16:01.363,1.35113,1.3509600000000002,1.6,1
04.08.2021 01:16:01.663,1.35113,1.35094,1.12,1
04.08.2021 01:16:01.764,1.3510900000000001,1.35093,1,1
04.08.2021 01:16:01.865,1.35113,1.35093,2.85,1
04.08.2021 01:16:04.373,1.3510900000000001,1.35093,1,1
04.08.2021 01:16:05.084,1.3511,1.3509200000000001,1.5,1
04.08.2021 01:16:05.335,1.3510600000000001,1.35091,1,1
04.08.2021 01:16:06.365,1.35108,1.3509200000000001,1.6,1
04.08.2021 01:16:06.487,1.3510900000000001,1.35093,1.2,1
04.08.2021 01:16:06.538,1.3510900000000001,1.35095,1.2,1
04.08.2021 01:16:06.639,1.35113,1.3509600000000002,1.57,1
04.08.2021 01:16:06.790,1.35113,1.3509700000000002,1.57,1
04.08.2021 01:16:07.249,1.35114,1.35098,1.2,1
04.08.2021 01:16:12.556,1.3511600000000001,1.3509900000000001,1,1
04.08.2021 01:16:13.442,1.35118,1.35101,1.6,1
04.08.2021 01:16:13.593,1.35122,1.35105,2.37,1
04.08.2021 01:16:13.750,1.35122,1.3510600000000001,1,1
04.08.2021 01:16:15.958,1.35123,1.3510600000000001,1.5,1
04.08.2021 01:16:18.704,1.35122,1.3510700000000002,1,1
04.08.2021 01:16:20.231,1.35123,1.35108,1,1
04.08.2021 01:16:20.282,1.35125,1.3511,1.5,1
04.08.2021 01:16:20.383,1.3512600000000001,1.35111,1,1
04.08.2021 01:16:20.534,1.35128,1.35111,1.62,1
04.08.2021 01:16:20.635,1.35128,1.3511,1.62,1
04.08.2021 01:16:21.999,1.35129,1.35112,2,1
04.08.2021 01:16:23.414,1.35129,1.35112,2,1
04.08.2021 01:16:23.515,1.3513000000000002,1.35112,2,1
04.08.2021 01:16:23.616,1.35131,1.35114,1.5,1
04.08.2021 01:16:25.486,1.35132,1.3511600000000001,1,1
04.08.2021 01:16:25.587,1.35129,1.3511600000000001,1,1
04.08.2021 01:16:26.044,1.35132,1.3511700000000002,1,1
04.08.2021 01:16:26.168,1.35133,1.3511700000000002,1.5,1
04.08.2021 01:16:26.777,1.35134,1.3511600000000001,1.12,1
04.08.2021 01:16:29.322,1.35133,1.3511600000000001,1,1
04.08.2021 01:16:38.103,1.35133,1.35114,3.12,1
04.08.2021 01:16:38.649,1.35128,1.35115,1,1
04.08.2021 01:16:39.043,1.35129,1.35113,1,1
04.08.2021 01:16:43.637,1.35128,1.3511600000000001,1,1
04.08.2021 01:16:46.512,1.35129,1.3511600000000001,1,1
04.08.2021 01:16:59.600,1.35129,1.35115,1,1
04.08.2021 01:17:10.997,1.35135,1.3511700000000002,2.75,1
04.08.2021 01:17:11.098,1.3513600000000001,1.3511900000000001,1.5,1
04.08.2021 01:17:11.199,1.3513600000000001,1.35122,1,1
04.08.2021 01:17:11.300,1.35138,1.35121,1,1
04.08.2021 01:17:11.418,1.3514000000000002,1.35121,2.37,1
04.08.2021 01:17:13.553,1.3514000000000002,1.35121,1,1
04.08.2021 01:17:13.797,1.35142,1.35122,2,1
04.08.2021 01:17:13.901,1.35142,1.35123,1.5,1
04.08.2021 01:17:39.019,1.35142,1.35124,1,1
04.08.2021 01:17:39.070,1.35145,1.3512700000000002,2,1
04.08.2021 01:17:39.221,1.3514700000000002,1.35129,1.12,1
04.08.2021 01:17:39.372,1.3514700000000002,1.35129,2,1
04.08.2021 01:17:39.473,1.35145,1.35128,1,1
04.08.2021 01:17:39.574,1.35145,1.3512700000000002,1.5,1
04.08.2021 01:17:39.624,1.35143,1.3512600000000001,1.87,1
04.08.2021 01:17:41.393,1.35143,1.3512600000000001,1.5,1
04.08.2021 01:17:48.268,1.35142,1.35125,1.5,1
04.08.2021 01:17:48.420,1.35141,1.35122,1.5,1
04.08.2021 01:17:49.393,1.3514000000000002,1.35123,1.5,1
04.08.2021 01:18:03.545,1.3514000000000002,1.35122,2,1
04.08.2021 01:18:03.646,1.3513600000000001,1.3512,1,1
04.08.2021 01:18:04.004,1.35135,1.35118,1,1.12
04.08.2021 01:18:12.552,1.35135,1.3512,1,1
04.08.2021 01:18:14.146,1.3513600000000001,1.35118,1,1
04.08.2021 01:18:14.248,1.35134,1.35118,1,1
04.08.2021 01:18:14.349,1.35134,1.3511700000000002,1,1
04.08.2021 01:18:17.328,1.35132,1.35115,1,1
04.08.2021 01:18:17.430,1.35131,1.35114,1,1
04.08.2021 01:18:17.632,1.35128,1.35114,1,1
04.08.2021 01:18:18.052,1.35128,1.35111,1,1
04.08.2021 01:18:19.676,1.35125,1.35111,1,1
04.08.2021 01:18:47.958,1.35125,1.35108,1,1.5
04.08.2021 01:18:48.061,1.35124,1.3510900000000001,1,1
04.08.2021 01:19:01.338,1.35124,1.35108,1,1
04.08.2021 01:19:02.288,1.35123,1.3510900000000001,1.5,1
04.08.2021 01:19:02.943,1.35123,1.3510700000000002,1.12,1
04.08.2021 01:19:45.446,1.35123,1.3510700000000002,1.5,1
04.08.2021 01:20:05.512,1.35122,1.35108,1.12,1
04.08.2021 01:20:09.523,1.35122,1.35108,1.5,1
04.08.2021 01:20:25.106,1.35121,1.3510700000000002,1.12,1.12
04.08.2021 01:20:25.579,1.3511900000000001,1.35105,1,2
04.08.2021 01:20:25.680,1.35115,1.3509900000000001,1,3.12
04.08.2021 01:20:25.731,1.35115,1.3509900000000001,1,1.12
04.08.2021 01:20:25.782,1.35112,1.3509700000000002,1,1
04.08.2021 01:20:25.833,1.35112,1.3509600000000002,1,1
04.08.2021 01:20:25.934,1.35112,1.35095,1,2.25
04.08.2021 01:20:25.984,1.3510900000000001,1.35095,1,1
04.08.2021 01:20:26.035,1.3510700000000002,1.3509200000000001,1,2.25
04.08.2021 01:20:26.337,1.35105,1.35088,1,1.62
04.08.2021 01:20:26.539,1.35105,1.35088,1,1.12
04.08.2021 01:20:26.832,1.35104,1.3508700000000002,1,1.12
04.08.2021 01:20:27.113,1.35102,1.3508700000000002,1,1.12
04.08.2021 01:20:27.314,1.35101,1.35084,1,1.5
04.08.2021 01:20:27.415,1.351,1.35083,1,1.5
04.08.2021 01:20:27.516,1.35098,1.35081,1,1
04.08.2021 01:20:27.617,1.3509700000000002,1.35079,1,1.5
04.08.2021 01:20:27.937,1.3509600000000002,1.3508,1,1
04.08.2021 01:20:29.227,1.35095,1.35079,1,1
04.08.2021 01:20:29.857,1.35094,1.35079,1,1
04.08.2021 01:20:29.980,1.35094,1.3507700000000002,1,1.5
04.08.2021 01:20:30.208,1.3509200000000001,1.3507500000000001,1,1
04.08.2021 01:20:30.409,1.3509,1.35073,1,1
04.08.2021 01:20:30.561,1.35089,1.3507200000000001,1,1.12
04.08.2021 01:20:43.374,1.35089,1.3507200000000001,1,1.5
04.08.2021 01:20:44.986,1.35089,1.35074,1,1.12
04.08.2021 01:20:45.087,1.3509200000000001,1.3507500000000001,1,1.5
04.08.2021 01:20:45.188,1.3509200000000001,1.3507700000000002,1,1.5
04.08.2021 01:20:45.289,1.35093,1.35078,1,1.5
04.08.2021 01:20:45.517,1.35093,1.35078,1,1.62
04.08.2021 01:20:45.568,1.3509600000000002,1.35078,1,1.5
04.08.2021 01:20:45.669,1.3509600000000002,1.35078,1,1.5
04.08.2021 01:20:45.770,1.35095,1.35079,1,1.5
04.08.2021 01:20:46.140,1.3509700000000002,1.3508,1,1.5
04.08.2021 01:20:46.486,1.3509700000000002,1.3508,1,1.5
04.08.2021 01:20:46.631,1.3509600000000002,1.35081,1,1.5
04.08.2021 01:20:52.951,1.35098,1.3508200000000001,1,1.5
04.08.2021 01:20:53.052,1.35098,1.35079,1,2.07
04.08.2021 01:20:54.254,1.3509700000000002,1.3508,1,1.7
04.08.2021 01:21:08.496,1.35095,1.3508,1,1.5
04.08.2021 01:21:09.020,1.3509600000000002,1.35079,1,1
04.08.2021 01:21:09.123,1.35094,1.3507700000000002,1,1.5
04.08.2021 01:21:09.232,1.35093,1.35079,1,1.12
04.08.2021 01:21:09.333,1.35093,1.35078,1,1.12
04.08.2021 01:21:09.434,1.3509,1.35079,1,1
04.08.2021 01:21:09.535,1.3509200000000001,1.35079,1,1.12
04.08.2021 01:21:09.585,1.3509,1.35079,1,1
04.08.2021 01:21:09.732,1.35091,1.3507600000000002,1,1.5
04.08.2021 01:21:10.348,1.3509200000000001,1.3507500000000001,1,1.5
04.08.2021 01:21:11.683,1.35094,1.3507600000000002,1,1.12
04.08.2021 01:21:11.784,1.35095,1.35078,1,1
04.08.2021 01:21:11.885,1.35093,1.35079,1,1
04.08.2021 01:21:14.797,1.35094,1.3507600000000002,1,1.5
04.08.2021 01:21:14.898,1.35095,1.3507700000000002,1,1.5
04.08.2021 01:21:15.050,1.35095,1.3507700000000002,1,2.07
04.08.2021 01:21:15.151,1.35095,1.3507700000000002,1,2.07
04.08.2021 01:21:15.252,1.35095,1.3507700000000002,1,2.07
04.08.2021 01:21:15.867,1.35095,1.3507700000000002,1,2.45
04.08.2021 01:21:21.631,1.3509700000000002,1.35081,1,1.5
04.08.2021 01:21:21.966,1.3509600000000002,1.3508200000000001,1,1.5
04.08.2021 01:21:45.323,1.3509700000000002,1.35083,1,1.12
04.08.2021 01:21:45.374,1.351,1.35084,1.12,1
04.08.2021 01:22:35.381,1.35101,1.3508700000000002,1.12,1
04.08.2021 01:22:35.482,1.35101,1.35085,1,1.5
04.08.2021 01:22:39.907,1.3509900000000001,1.35083,1,1.62
04.08.2021 01:22:40.008,1.35098,1.35084,1,1.62
04.08.2021 01:22:50.062,1.3509900000000001,1.35083,1,1.5
04.08.2021 01:22:50.927,1.3509900000000001,1.35083,1,1.5
04.08.2021 01:22:54.237,1.3509900000000001,1.35083,1,1.5
04.08.2021 01:22:54.740,1.35098,1.35084,1,1.12
04.08.2021 01:22:58.675,1.3509700000000002,1.35083,1,1.5
04.08.2021 01:22:58.974,1.35098,1.3508200000000001,1,1.5
04.08.2021 01:23:00.729,1.35095,1.35081,1,1
04.08.2021 01:23:00.847,1.35094,1.3508,1,1.5
04.08.2021 01:23:00.948,1.35093,1.35079,1,1.62
04.08.2021 01:23:00.999,1.3509200000000001,1.3507700000000002,1,1
04.08.2021 01:23:01.200,1.35094,1.35078,1,1
04.08.2021 01:23:03.272,1.35091,1.3507700000000002,1,1.12
04.08.2021 01:23:03.424,1.3509,1.35074,1,1.5
04.08.2021 01:23:04.369,1.35089,1.3507500000000001,1,1.12
04.08.2021 01:23:10.460,1.35091,1.3507500000000001,1,1
04.08.2021 01:23:18.381,1.3509,1.3507600000000002,1,1.5
04.08.2021 01:23:25.467,1.35088,1.35074,1,1.5
04.08.2021 01:23:25.870,1.35089,1.35073,1,1.5
04.08.2021 01:23:31.070,1.35088,1.35074,1.12,1.5
04.08.2021 01:23:31.221,1.35089,1.35073,1,1.5
04.08.2021 01:23:47.157,1.35088,1.35074,1,1.5
04.08.2021 01:23:48.044,1.3508600000000002,1.3507200000000001,1,2.75
04.08.2021 01:23:48.095,1.35088,1.3507200000000001,1.87,1.5
04.08.2021 01:23:48.195,1.35083,1.35069,1,1.12
04.08.2021 01:24:08.845,1.35088,1.3507,3.07,1
04.08.2021 01:24:12.003,1.35088,1.3507,1.1,1
04.08.2021 01:24:19.506,1.3508700000000002,1.35069,1.1,1
04.08.2021 01:24:19.557,1.35081,1.35069,1.5,1
04.08.2021 01:24:19.608,1.3508200000000001,1.3506500000000001,1.87,1
04.08.2021 01:24:19.709,1.35083,1.35067,1.1,1
04.08.2021 01:24:19.811,1.35083,1.3506500000000001,1.1,1
04.08.2021 01:24:20.537,1.35083,1.35063,1.1,1.12
04.08.2021 01:24:20.588,1.3508,1.3506600000000002,1,1
04.08.2021 01:24:20.638,1.35081,1.3506200000000002,1.1,1
04.08.2021 01:24:21.394,1.35081,1.35063,1.5,1
04.08.2021 01:24:21.545,1.35081,1.3506500000000001,1,1
04.08.2021 01:24:21.657,1.3508,1.3506500000000001,1,1
04.08.2021 01:24:24.978,1.3508,1.3506600000000002,1,1
04.08.2021 01:24:29.432,1.35083,1.3506500000000001,1.87,1
04.08.2021 01:24:39.475,1.35081,1.3506500000000001,1,1
04.08.2021 01:24:46.456,1.35083,1.3506600000000002,1.5,1
04.08.2021 01:24:46.557,1.35081,1.3506500000000001,1,1
04.08.2021 01:24:47.929,1.35079,1.3506500000000001,1,1
04.08.2021 01:24:48.031,1.35079,1.35063,1.5,1.12
04.08.2021 01:24:48.132,1.3507600000000002,1.3506200000000002,1,1.12
04.08.2021 01:24:59.119,1.3507600000000002,1.3506,1,1.5
04.08.2021 01:24:59.422,1.3507500000000001,1.35061,1,1
04.08.2021 01:25:14.752,1.35074,1.3506,1,1
04.08.2021 01:25:19.204,1.3507600000000002,1.3506,1,1
04.08.2021 01:25:24.833,1.35074,1.35059,1,1
04.08.2021 01:25:25.866,1.3507500000000001,1.35058,1.5,1
04.08.2021 01:25:25.977,1.3507200000000001,1.35057,1,1.5
04.08.2021 01:25:26.881,1.3507200000000001,1.35057,1.12,1
04.08.2021 01:25:28.782,1.3507,1.35057,1,1
04.08.2021 01:25:28.883,1.3507,1.3505600000000002,1,1
04.08.2021 01:25:28.933,1.35069,1.35054,1,1
04.08.2021 01:25:29.487,1.35073,1.3505500000000001,2.37,1
04.08.2021 01:25:29.633,1.3507200000000001,1.3505600000000002,2.62,1
04.08.2021 01:25:30.669,1.35074,1.3505600000000002,2,1
04.08.2021 01:25:30.770,1.35073,1.35057,1.12,1
04.08.2021 01:25:30.871,1.3507500000000001,1.35057,1,1
04.08.2021 01:25:31.073,1.3507700000000002,1.35059,1,1
04.08.2021 01:25:31.174,1.3507600000000002,1.3506200000000002,1,1
04.08.2021 01:25:31.275,1.3507700000000002,1.35061,1,1
04.08.2021 01:25:31.426,1.35078,1.35061,1.5,1
04.08.2021 01:25:32.720,1.35069,1.3506200000000002,1,1
04.08.2021 01:25:32.771,1.35071,1.35057,1,1
04.08.2021 01:25:32.822,1.35074,1.3506,1,1
04.08.2021 01:25:32.923,1.3507600000000002,1.35061,1.7,1
04.08.2021 01:25:33.116,1.3507700000000002,1.3506,1.7,1
04.08.2021 01:25:33.217,1.3507700000000002,1.3506,1.5,1
04.08.2021 01:25:35.607,1.3507600000000002,1.3506200000000002,1,1
04.08.2021 01:25:37.392,1.35079,1.35061,2.85,1
04.08.2021 01:25:38.955,1.35078,1.3506,1.12,1
04.08.2021 01:25:39.056,1.35078,1.3506,2.45,1
04.08.2021 01:25:39.381,1.35074,1.35057,1,1
04.08.2021 01:25:44.272,1.35073,1.35059,1,1
04.08.2021 01:25:44.490,1.3507600000000002,1.3506200000000002,1.12,1
04.08.2021 01:25:44.591,1.35078,1.3506500000000001,1.87,1
04.08.2021 01:25:44.692,1.3508200000000001,1.35067,1.6,1
04.08.2021 01:25:44.793,1.35083,1.3506600000000002,1.5,1
04.08.2021 01:25:48.811,1.3508200000000001,1.35064,1,1
04.08.2021 01:25:48.862,1.35078,1.35064,1,1
04.08.2021 01:25:48.963,1.3507700000000002,1.35063,1,1
04.08.2021 01:25:49.074,1.3507600000000002,1.35061,1,1
04.08.2021 01:25:51.272,1.3507500000000001,1.35059,1,1
04.08.2021 01:25:53.817,1.3507600000000002,1.35058,3.5,1
04.08.2021 01:25:54.514,1.35073,1.35058,1,1
04.08.2021 01:25:55.815,1.3507600000000002,1.35059,1.5,1
04.08.2021 01:25:55.992,1.3507600000000002,1.35059,1.12,1
04.08.2021 01:25:58.876,1.3507600000000002,1.35059,2.45,1
04.08.2021 01:26:03.930,1.3507500000000001,1.3506,1.62,1
04.08.2021 01:26:06.373,1.3507500000000001,1.3506,1.5,1
04.08.2021 01:26:11.617,1.35074,1.3506,1,1
04.08.2021 01:26:11.718,1.35073,1.35059,1,1
04.08.2021 01:26:16.373,1.35074,1.35059,1,1
04.08.2021 01:26:28.948,1.35073,1.35059,1.12,1
04.08.2021 01:26:36.180,1.3507500000000001,1.35059,1.5,1
04.08.2021 01:26:36.791,1.3507500000000001,1.35059,1.12,1
04.08.2021 01:27:03.982,1.35074,1.3506,1.6,1
04.08.2021 01:27:09.867,1.3507500000000001,1.35059,1.12,1
04.08.2021 01:27:17.591,1.35074,1.35059,1,1
04.08.2021 01:27:19.923,1.35074,1.35057,1.6,1
04.08.2021 01:27:19.974,1.35071,1.3505600000000002,1,1
04.08.2021 01:27:20.075,1.35068,1.35051,1,1
04.08.2021 01:27:20.715,1.35069,1.3505200000000002,1.12,1
04.08.2021 01:27:22.856,1.3506500000000001,1.35051,1,1
04.08.2021 01:27:32.001,1.3506500000000001,1.35049,1,1.12
04.08.2021 01:27:32.152,1.35063,1.35048,1,1
04.08.2021 01:27:32.202,1.3506200000000002,1.35047,1,1
04.08.2021 01:27:33.434,1.3506600000000002,1.3505,1.6,1
04.08.2021 01:27:36.261,1.3506600000000002,1.3505,1,1
04.08.2021 01:27:37.156,1.3506600000000002,1.35051,2.7,1
04.08.2021 01:27:39.143,1.35067,1.3505,3.22,1
04.08.2021 01:27:39.244,1.35064,1.35051,1,1
04.08.2021 01:27:39.295,1.3506500000000001,1.35047,1,1
04.08.2021 01:27:41.996,1.35064,1.35048,1.22,1
04.08.2021 01:27:42.097,1.3506200000000002,1.35047,1.1,1
04.08.2021 01:27:42.610,1.3506,1.35046,1,1
04.08.2021 01:27:43.206,1.35059,1.35046,1,1
04.08.2021 01:27:54.399,1.35063,1.3504500000000002,2.82,1
04.08.2021 01:27:57.895,1.3506200000000002,1.35046,2.7,1
04.08.2021 01:28:11.547,1.3506200000000002,1.35046,1.22,1
04.08.2021 01:28:12.049,1.35063,1.35047,1.22,1
04.08.2021 01:28:12.150,1.3506200000000002,1.35048,1.2,1
04.08.2021 01:28:29.690,1.3506,1.35046,1,1
04.08.2021 01:28:56.302,1.3506,1.3504500000000002,1,1
04.08.2021 01:28:56.408,1.35058,1.35043,1,1
04.08.2021 01:28:57.401,1.35058,1.3504,1,2
04.08.2021 01:28:59.601,1.35058,1.3504,1,1.12
04.08.2021 01:29:00.777,1.3505200000000002,1.3503500000000002,1,1.9
04.08.2021 01:29:00.828,1.3505,1.3503500000000002,1,1.9
04.08.2021 01:29:00.979,1.35049,1.35034,1,1.72
04.08.2021 01:29:01.130,1.35048,1.3503100000000001,1,3.22
04.08.2021 01:29:01.230,1.35046,1.3503100000000001,1,4.62
04.08.2021 01:29:01.331,1.35047,1.3503,1,1
04.08.2021 01:29:01.822,1.35047,1.35028,1,2.75
04.08.2021 01:29:02.113,1.3504500000000002,1.3503,1,1.12
04.08.2021 01:29:02.366,1.35053,1.35036,1.57,1
04.08.2021 01:29:02.706,1.35053,1.35037,1.5,1
04.08.2021 01:29:03.707,1.3505200000000002,1.35036,1.12,1
04.08.2021 01:29:03.808,1.35053,1.3503500000000002,2.45,1
04.08.2021 01:29:03.909,1.35053,1.35038,1,1
04.08.2021 01:29:04.060,1.3505200000000002,1.35039,1.5,1
04.08.2021 01:29:06.317,1.35053,1.35036,1.5,1
04.08.2021 01:29:06.367,1.3505200000000002,1.3504,1.62,1
04.08.2021 01:29:06.418,1.35051,1.3503500000000002,1,1
04.08.2021 01:29:06.468,1.35051,1.35037,1,1
04.08.2021 01:29:06.601,1.35053,1.35037,1.5,1
04.08.2021 01:29:07.895,1.3505200000000002,1.35038,1.12,1
04.08.2021 01:29:08.415,1.3505200000000002,1.35037,1,1
04.08.2021 01:29:08.621,1.35053,1.35033,1.87,1.62
04.08.2021 01:29:08.672,1.35048,1.35033,1,1
04.08.2021 01:29:08.773,1.3505,1.35033,3.2,1
04.08.2021 01:29:08.823,1.35051,1.35036,1.12,1
04.08.2021 01:29:08.874,1.35053,1.35036,1.12,1
04.08.2021 01:29:08.976,1.3505200000000002,1.35039,1.12,1
04.08.2021 01:29:11.117,1.3505200000000002,1.35036,1.87,1
04.08.2021 01:29:11.167,1.35047,1.35036,1,1
04.08.2021 01:29:11.268,1.35048,1.3503200000000002,1.1,1
04.08.2021 01:29:14.979,1.35048,1.3503100000000001,1.1,1
04.08.2021 01:29:15.030,1.35047,1.3503200000000002,1.6,1
04.08.2021 01:29:16.439,1.35048,1.3503100000000001,1.2,1
04.08.2021 01:29:17.091,1.35047,1.35033,1.2,1
04.08.2021 01:29:17.201,1.35047,1.35033,1.7,1
04.08.2021 01:29:21.232,1.35048,1.3503200000000002,1,1
04.08.2021 01:29:21.283,1.3505,1.35034,4.35,1
04.08.2021 01:29:21.333,1.35051,1.35036,2.75,1
04.08.2021 01:29:21.434,1.3505200000000002,1.35037,1,1
04.08.2021 01:29:21.485,1.3505200000000002,1.35037,1,1
04.08.2021 01:29:23.267,1.35053,1.3503500000000002,1.5,1
04.08.2021 01:29:23.318,1.35048,1.3503500000000002,1,1
04.08.2021 01:29:23.368,1.35048,1.35033,1,1
04.08.2021 01:29:23.469,1.35047,1.35033,1,1
04.08.2021 01:29:23.599,1.35048,1.35033,1.57,1
04.08.2021 01:29:27.918,1.35048,1.3503200000000002,1,1
04.08.2021 01:29:28.239,1.3504500000000002,1.3503200000000002,1,1
04.08.2021 01:29:28.802,1.35046,1.3503100000000001,1.5,1
04.08.2021 01:29:30.699,1.35046,1.3503200000000002,1.1,1
04.08.2021 01:29:31.944,1.3504500000000002,1.3503200000000002,1,1
04.08.2021 01:29:38.333,1.35046,1.3503,1,1
04.08.2021 01:29:38.461,1.3504500000000002,1.3503,1,1
04.08.2021 01:29:46.753,1.35044,1.35029,1,1
04.08.2021 01:29:46.871,1.35046,1.35028,1.57,1
04.08.2021 01:29:47.670,1.35044,1.35029,1,1
04.08.2021 01:29:48.907,1.35044,1.35028,1.1,1
04.08.2021 01:29:48.958,1.35038,1.35028,1,1
04.08.2021 01:29:49.008,1.35041,1.35024,1,1
04.08.2021 01:29:49.110,1.35041,1.3503,1,1
04.08.2021 01:29:49.161,1.3504500000000002,1.3503,1.87,1
04.08.2021 01:29:49.312,1.3504500000000002,1.3503100000000001,1.12,1
04.08.2021 01:29:49.516,1.35047,1.3503100000000001,1,1
04.08.2021 01:29:49.617,1.35048,1.3503200000000002,2.1,1
04.08.2021 01:29:51.466,1.35048,1.35033,2.1,1
04.08.2021 01:29:53.417,1.35048,1.3503200000000002,2.07,1
04.08.2021 01:29:54.913,1.35049,1.3503100000000001,1.5,1
04.08.2021 01:29:56.011,1.35048,1.3503,1.5,1
04.08.2021 01:29:58.121,1.35051,1.3503200000000002,1.5,1
04.08.2021 01:29:58.222,1.3505,1.35038,1,1
04.08.2021 01:29:58.272,1.35053,1.35037,1.12,1
04.08.2021 01:30:03.196,1.35053,1.35039,1,1
04.08.2021 01:30:10.414,1.3505200000000002,1.35041,1,1
04.08.2021 01:30:31.355,1.3505200000000002,1.3504200000000002,1,1
04.08.2021 01:30:31.406,1.3505600000000002,1.35041,1,1
04.08.2021 01:30:31.456,1.35053,1.35041,1,1
04.08.2021 01:30:31.507,1.3505500000000001,1.3504200000000002,1,1
04.08.2021 01:30:40.434,1.3505500000000001,1.35044,1,1
04.08.2021 01:30:40.741,1.3505500000000001,1.35043,1,1
04.08.2021 01:30:40.895,1.3505500000000001,1.35044,1,1
04.08.2021 01:30:48.367,1.3505500000000001,1.35041,1,1
04.08.2021 01:30:51.056,1.35053,1.35041,1,1
04.08.2021 01:30:51.584,1.3505500000000001,1.35041,2.44,1
04.08.2021 01:30:51.685,1.3505500000000001,1.35043,1.5,1
04.08.2021 01:30:51.785,1.35054,1.35041,1.25,1
04.08.2021 01:30:52.058,1.3505200000000002,1.35041,1,1
04.08.2021 01:31:28.645,1.35053,1.3504200000000002,1,1
04.08.2021 01:31:32.096,1.35053,1.35043,1,1
04.08.2021 01:31:34.952,1.35054,1.35044,1,1
04.08.2021 01:31:35.053,1.35058,1.35044,3.12,1
04.08.2021 01:31:35.822,1.35059,1.35043,2.37,1
04.08.2021 01:31:51.945,1.35058,1.35044,1.5,1
04.08.2021 01:31:59.395,1.35059,1.35043,1.62,1
04.08.2021 01:31:59.934,1.35058,1.35043,1.62,1
04.08.2021 01:32:01.403,1.3505600000000002,1.35043,1,1
04.08.2021 01:32:13.995,1.35057,1.35043,1.12,1
04.08.2021 01:32:16.379,1.35057,1.35044,1.12,1
04.08.2021 01:32:32.536,1.35059,1.3504200000000002,2,1
04.08.2021 01:32:39.070,1.35058,1.35044,2,1
04.08.2021 01:32:54.425,1.35059,1.35044,2,1
04.08.2021 01:32:57.246,1.35059,1.3504500000000002,2,1
04.08.2021 01:32:57.452,1.35059,1.3504500000000002,1.87,1
04.08.2021 01:33:02.287,1.35059,1.35044,1.87,1
04.08.2021 01:33:02.427,1.35057,1.3504500000000002,1,1
04.08.2021 01:33:03.219,1.35057,1.35043,1,1
04.08.2021 01:33:23.883,1.35059,1.35041,2,1
04.08.2021 01:33:26.540,1.35059,1.3504200000000002,2,1
04.08.2021 01:33:39.772,1.35058,1.3504500000000002,2,1
04.08.2021 01:33:39.823,1.35061,1.35044,1.87,1
04.08.2021 01:33:39.873,1.35061,1.35046,1,1
04.08.2021 01:33:39.974,1.35064,1.35048,1.62,1
04.08.2021 01:33:40.024,1.35064,1.3505,1.5,1
04.08.2021 01:33:40.075,1.3506500000000001,1.35051,1,1
04.08.2021 01:33:40.226,1.3506600000000002,1.3505200000000002,1,1
04.08.2021 01:33:40.377,1.35069,1.35051,2.37,1
04.08.2021 01:33:41.284,1.35069,1.35051,2,1
04.08.2021 01:33:48.919,1.35068,1.35054,2,1
04.08.2021 01:34:18.421,1.35069,1.35051,1.5,1
04.08.2021 01:34:23.696,1.3506600000000002,1.35051,1,1
04.08.2021 01:34:23.797,1.35064,1.3505200000000002,1,1
04.08.2021 01:34:23.847,1.35068,1.35051,1,1
04.08.2021 01:34:24.432,1.35068,1.35051,1,1
04.08.2021 01:34:27.439,1.35068,1.35051,1,1
04.08.2021 01:34:28.807,1.35067,1.35053,1,1
04.08.2021 01:34:43.494,1.35069,1.3505200000000002,1.87,1
04.08.2021 01:34:49.019,1.35064,1.35053,1,1
04.08.2021 01:34:49.069,1.35068,1.3505200000000002,1,1
04.08.2021 01:34:49.317,1.35069,1.3505200000000002,1.87,1
04.08.2021 01:34:49.527,1.35068,1.35053,2,1
04.08.2021 01:34:58.217,1.35071,1.35054,1.87,1
04.08.2021 01:34:58.268,1.35071,1.3505600000000002,1,1
04.08.2021 01:34:58.319,1.35073,1.3505600000000002,1.12,1
04.08.2021 01:34:58.653,1.35074,1.35057,1.5,1
04.08.2021 01:34:58.980,1.35074,1.35057,1.12,1
04.08.2021 01:35:01.727,1.35074,1.3506,1,1
04.08.2021 01:35:01.778,1.35079,1.3506500000000001,1.62,1
04.08.2021 01:35:01.900,1.35079,1.3506500000000001,1.12,1
04.08.2021 01:35:02.001,1.35081,1.35064,1,1
04.08.2021 01:35:02.052,1.3508200000000001,1.3506600000000002,1.95,1.5
04.08.2021 01:35:02.102,1.35085,1.3507200000000001,1.6,1
04.08.2021 01:35:02.203,1.35085,1.3507,1,1
04.08.2021 01:35:02.305,1.35084,1.3506500000000001,1,1.5
04.08.2021 01:35:02.456,1.35081,1.3506600000000002,1,1
04.08.2021 01:35:02.507,1.35084,1.3506200000000002,1,1
04.08.2021 01:35:02.608,1.3508200000000001,1.35063,2,1
04.08.2021 01:35:02.759,1.35083,1.35067,1.5,1
04.08.2021 01:35:02.864,1.3508200000000001,1.35068,1,1
04.08.2021 01:35:02.967,1.3508200000000001,1.35067,1,1
04.08.2021 01:35:03.018,1.35079,1.35063,1,1
04.08.2021 01:35:03.456,1.35078,1.35063,1.12,1
04.08.2021 01:35:03.507,1.3507600000000002,1.3506200000000002,1,1
04.08.2021 01:35:03.608,1.35073,1.35059,1,1
04.08.2021 01:35:03.709,1.35073,1.35058,1.87,1
04.08.2021 01:35:04.000,1.35074,1.3505600000000002,2.62,1
04.08.2021 01:35:07.615,1.35071,1.35054,1,1.12
04.08.2021 01:35:07.666,1.3507200000000001,1.35053,1.4,1.12
04.08.2021 01:35:08.221,1.3507200000000001,1.3505200000000002,1.4,1
04.08.2021 01:35:13.087,1.35068,1.35051,1,1
04.08.2021 01:35:13.206,1.35068,1.3505,1,1.62
04.08.2021 01:35:19.019,1.35067,1.35051,1,1
04.08.2021 01:35:19.120,1.35064,1.35049,1,1.62
04.08.2021 01:35:19.221,1.35064,1.35048,1,1
04.08.2021 01:35:19.701,1.35064,1.35047,1,1
04.08.2021 01:35:20.561,1.3506600000000002,1.3505,1.62,1
04.08.2021 01:35:21.111,1.3506600000000002,1.3505,1.5,1
04.08.2021 01:35:21.212,1.3506600000000002,1.35048,1.5,1
04.08.2021 01:35:21.520,1.35064,1.35046,1,1.12
04.08.2021 01:35:29.746,1.3506500000000001,1.35047,1.5,1
04.08.2021 01:35:29.847,1.3506500000000001,1.3505,1.5,1
04.08.2021 01:35:30.858,1.3506500000000001,1.3505,1.12,1
04.08.2021 01:35:35.014,1.3506500000000001,1.3505,1.5,1
04.08.2021 01:35:36.018,1.3506500000000001,1.3505,1.5,1
04.08.2021 01:35:44.035,1.3506600000000002,1.35049,1.5,1
04.08.2021 01:35:46.412,1.35067,1.35051,1.5,1
04.08.2021 01:36:10.348,1.35067,1.3505200000000002,1.5,1
04.08.2021 01:36:10.449,1.35071,1.35057,1.62,1
04.08.2021 01:36:10.500,1.3507,1.35059,1.12,1
04.08.2021 01:36:10.601,1.3507500000000001,1.35058,1.5,1
04.08.2021 01:36:10.752,1.3507600000000002,1.35058,1,1
