Gmt time,Ask,Bid,AskVolume,BidVolume
27.08.2021 00:00:00.020,1.3541100000000001,1.3538000000000001,1.5,1
27.08.2021 00:00:00.121,1.35405,1.3538100000000002,1,1
27.08.2021 00:00:00.273,1.3540400000000001,1.3538200000000002,1,1
27.08.2021 00:00:01.177,1.35409,1.35384,1.75,1
27.08.2021 00:00:02.438,1.35407,1.35383,1.5,1
27.08.2021 00:00:05.961,1.3541,1.35384,1.5,1
27.08.2021 00:00:07.237,1.35407,1.35384,1,1
27.08.2021 00:00:10.056,1.35406,1.35384,1,1
27.08.2021 00:00:15.098,1.35408,1.35384,1.5,1
27.08.2021 00:00:15.149,1.35408,1.35385,1,1
27.08.2021 00:00:15.459,1.3541100000000001,1.3538200000000002,1.62,1.75
27.08.2021 00:00:15.560,1.35417,1.3540100000000002,1.5,1
27.08.2021 00:00:15.662,1.3542,1.3540200000000002,1.12,1
27.08.2021 00:00:15.763,1.35424,1.3540200000000002,2,1
27.08.2021 00:00:15.864,1.35424,1.35403,2,1
27.08.2021 00:00:15.965,1.3543,1.35405,2.56,1
27.08.2021 00:00:16.016,1.3543,1.35417,2.19,1
27.08.2021 00:00:16.117,1.35438,1.35418,2.75,1
27.08.2021 00:00:16.167,1.35438,1.35418,1,1
27.08.2021 00:00:16.268,1.3544200000000002,1.35424,1.5,1
27.08.2021 00:00:16.369,1.35446,1.35423,1.5,1
27.08.2021 00:00:16.594,1.35448,1.3542,1.75,1
27.08.2021 00:00:16.696,1.35449,1.35418,2.37,1
27.08.2021 00:00:16.847,1.35449,1.35417,1.5,1
27.08.2021 00:00:16.948,1.35449,1.3542,1.5,1
27.08.2021 00:00:17.049,1.35446,1.3542200000000002,1,1
27.08.2021 00:00:17.157,1.35448,1.3542,1.5,1
27.08.2021 00:00:17.258,1.35448,1.3542100000000001,1.5,1
27.08.2021 00:00:17.587,1.35449,1.35419,2,1
27.08.2021 00:00:17.720,1.35449,1.35419,2,1
27.08.2021 00:00:18.687,1.35448,1.3542,2,1
27.08.2021 00:00:19.691,1.35446,1.35419,2.75,1
27.08.2021 00:00:23.433,1.3544500000000002,1.35419,1,1
27.08.2021 00:00:28.628,1.35444,1.3542100000000001,1,1
27.08.2021 00:00:31.087,1.35448,1.3542100000000001,2.25,1
27.08.2021 00:00:31.188,1.35448,1.35424,1.75,1
27.08.2021 00:00:32.111,1.35449,1.3542500000000002,1.5,1
27.08.2021 00:00:32.414,1.3545,1.3542500000000002,1.5,1
27.08.2021 00:00:34.261,1.3545,1.35426,1.5,1
27.08.2021 00:00:34.312,1.3545200000000002,1.35426,1,1
27.08.2021 00:00:34.565,1.35453,1.35428,1.5,1
27.08.2021 00:00:37.933,1.3545500000000001,1.35428,1.75,1
27.08.2021 00:00:40.120,1.35454,1.35427,1.75,1
27.08.2021 00:00:44.689,1.35454,1.35427,1.75,1.5
27.08.2021 00:00:44.790,1.3545600000000002,1.35433,1.12,1
27.08.2021 00:00:44.891,1.35459,1.35433,1.5,1
27.08.2021 00:00:44.992,1.3546,1.3543200000000002,1.5,1.5
27.08.2021 00:00:45.356,1.3546200000000002,1.3543500000000002,1,1
27.08.2021 00:00:45.460,1.35461,1.35437,1,1
27.08.2021 00:00:46.896,1.35463,1.35437,1.81,1
27.08.2021 00:00:48.966,1.35463,1.35437,1,1
27.08.2021 00:00:51.970,1.35463,1.35437,1.25,1
27.08.2021 00:00:58.638,1.35463,1.35438,1.25,1
27.08.2021 00:00:58.934,1.35463,1.35438,1.25,1
27.08.2021 00:01:13.586,1.35459,1.35439,1.5,1
27.08.2021 00:01:50.768,1.35459,1.3544,1.5,1
27.08.2021 00:02:06.229,1.35461,1.3544500000000002,2.75,1
27.08.2021 00:02:06.279,1.3546500000000001,1.3544100000000001,1.5,1.12
27.08.2021 00:02:06.330,1.35464,1.3545,1.5,1
27.08.2021 00:02:06.481,1.3546799999999999,1.3545,2,1
27.08.2021 00:02:06.582,1.3546799999999999,1.35451,2,1
27.08.2021 00:02:06.838,1.3547200000000001,1.3545200000000002,1.81,1
27.08.2021 00:02:07.046,1.35473,1.35451,1,1
27.08.2021 00:02:08.049,1.35473,1.35453,1.5,1
27.08.2021 00:02:08.373,1.35474,1.35453,1.5,1
27.08.2021 00:02:09.840,1.35478,1.3545500000000001,1.5,1
27.08.2021 00:02:09.944,1.35478,1.35457,1.75,1
27.08.2021 00:02:10.045,1.35479,1.35458,1.75,1
27.08.2021 00:02:10.177,1.35481,1.35458,1.75,1.81
27.08.2021 00:02:10.278,1.3548200000000001,1.3546500000000001,1.12,1
27.08.2021 00:02:10.329,1.3548200000000001,1.3546200000000002,1.12,1.12
27.08.2021 00:02:10.480,1.3548200000000001,1.3546200000000002,1.5,1
27.08.2021 00:02:10.581,1.3548200000000001,1.35461,1.5,1
27.08.2021 00:02:11.144,1.35483,1.3546200000000002,1.5,1
27.08.2021 00:02:11.195,1.3548200000000001,1.35463,1.5,1
27.08.2021 00:02:13.530,1.3548200000000001,1.35464,1.5,1
27.08.2021 00:02:13.631,1.35484,1.3546600000000002,1.5,1
27.08.2021 00:02:14.036,1.35481,1.35461,1.12,1.5
27.08.2021 00:02:14.187,1.3548200000000001,1.3546,1.12,1.5
27.08.2021 00:02:17.215,1.35481,1.35461,1.12,1.5
27.08.2021 00:02:17.437,1.35483,1.3546200000000002,1,1.5
27.08.2021 00:02:17.676,1.35483,1.3546200000000002,1,1.5
27.08.2021 00:02:17.777,1.35485,1.3546200000000002,1.5,1.5
27.08.2021 00:02:17.928,1.35484,1.35463,1.5,1.5
27.08.2021 00:02:20.112,1.35485,1.3546200000000002,1.5,1.5
27.08.2021 00:02:20.178,1.35485,1.3546200000000002,1.5,1.5
27.08.2021 00:02:20.290,1.3548600000000002,1.3546799999999999,1.5,1
27.08.2021 00:02:21.295,1.3548600000000002,1.35467,1.5,1
27.08.2021 00:02:23.562,1.35485,1.3546799999999999,1.5,1
27.08.2021 00:02:28.669,1.3548600000000002,1.3546600000000002,1.5,1
27.08.2021 00:02:28.770,1.35485,1.3546600000000002,1.5,1
27.08.2021 00:02:31.055,1.3548600000000002,1.35464,1.5,1
27.08.2021 00:02:31.157,1.3548600000000002,1.35463,1.75,1
27.08.2021 00:02:31.258,1.3548600000000002,1.35463,1.75,1
27.08.2021 00:02:40.026,1.35485,1.35464,1.5,1
27.08.2021 00:02:40.076,1.3548600000000002,1.3546500000000001,1.5,1
27.08.2021 00:02:40.178,1.35489,1.3546600000000002,2.75,1
27.08.2021 00:02:40.228,1.35489,1.3546600000000002,2.75,1
27.08.2021 00:02:40.329,1.35488,1.3546799999999999,2,1
27.08.2021 00:02:40.430,1.35489,1.3546799999999999,2.75,1
27.08.2021 00:02:40.582,1.35488,1.35471,1.5,1
27.08.2021 00:02:44.379,1.35489,1.35471,1.5,1
27.08.2021 00:03:05.326,1.35488,1.3547,1,1
27.08.2021 00:03:05.437,1.3548700000000002,1.3547200000000001,1,1
27.08.2021 00:03:06.985,1.35488,1.3547200000000001,1,1
27.08.2021 00:03:07.896,1.35489,1.35471,1,1
27.08.2021 00:03:08.967,1.35488,1.35471,1,1
27.08.2021 00:03:14.042,1.35488,1.35469,1,1
27.08.2021 00:03:14.143,1.35488,1.35469,1,1
27.08.2021 00:03:14.244,1.35488,1.35469,1,1
27.08.2021 00:03:23.021,1.35488,1.3547,1,1
27.08.2021 00:03:30.098,1.3549200000000001,1.35469,1.5,1
27.08.2021 00:03:35.484,1.3549200000000001,1.3547,1.5,1
27.08.2021 00:03:46.659,1.35493,1.3547,1.5,1
27.08.2021 00:03:46.760,1.35495,1.35473,1.62,1
27.08.2021 00:03:47.012,1.3549600000000002,1.3547500000000001,1,1
27.08.2021 00:03:47.267,1.35498,1.3547500000000001,1.12,1
27.08.2021 00:03:47.368,1.3549900000000001,1.35477,1.5,1
27.08.2021 00:03:48.459,1.355,1.35477,1.5,1
27.08.2021 00:03:49.434,1.355,1.35477,1.5,1
27.08.2021 00:03:50.971,1.355,1.35479,1.5,1
27.08.2021 00:04:08.479,1.3550200000000001,1.3548,1.5,1
27.08.2021 00:04:11.299,1.35498,1.3548200000000001,1,1
27.08.2021 00:04:17.627,1.3549700000000002,1.3548200000000001,1,1
27.08.2021 00:04:23.938,1.3549600000000002,1.35481,1,1
27.08.2021 00:04:24.984,1.3549600000000002,1.35478,1,1.12
27.08.2021 00:04:25.035,1.3549600000000002,1.35481,1,1
27.08.2021 00:04:27.315,1.35495,1.3548,1,1
27.08.2021 00:04:27.416,1.35495,1.35477,1,1.5
27.08.2021 00:04:27.957,1.35495,1.35477,1,1.5
27.08.2021 00:04:28.325,1.35494,1.35478,1,1.5
27.08.2021 00:04:31.342,1.35494,1.35478,1,1.12
27.08.2021 00:04:35.786,1.35493,1.3547600000000002,1,1.62
27.08.2021 00:04:37.391,1.35494,1.3547500000000001,1,1.62
27.08.2021 00:04:38.208,1.35494,1.3547500000000001,1,1.5
27.08.2021 00:04:41.729,1.35491,1.35474,1,1.62
27.08.2021 00:04:41.830,1.3549200000000001,1.35473,1,1
27.08.2021 00:04:41.931,1.35491,1.35474,1,1
27.08.2021 00:04:42.286,1.3549,1.35474,1,1
27.08.2021 00:04:42.387,1.3549,1.35473,1,1
27.08.2021 00:04:42.538,1.35491,1.35471,1,1.62
27.08.2021 00:04:42.810,1.35489,1.3547200000000001,1,1
27.08.2021 00:04:43.004,1.3549,1.35471,1,1
27.08.2021 00:04:43.141,1.3549,1.35471,1,1
27.08.2021 00:04:43.592,1.3549,1.3547200000000001,1,1.62
27.08.2021 00:04:43.852,1.35491,1.35471,1,1.62
27.08.2021 00:04:44.133,1.3549,1.3547200000000001,1,1.5
27.08.2021 00:04:44.234,1.3549,1.35471,1,1.62
27.08.2021 00:04:44.359,1.3549,1.35471,1,1.62
27.08.2021 00:04:44.893,1.3549,1.35471,1,1.62
27.08.2021 00:04:44.994,1.35489,1.3547200000000001,1,1.62
27.08.2021 00:04:45.195,1.35489,1.3547200000000001,1,1.5
27.08.2021 00:04:46.975,1.3549,1.35471,1,1.5
27.08.2021 00:04:47.076,1.35489,1.3547200000000001,1,1.5
27.08.2021 00:04:47.460,1.35489,1.3547200000000001,1,1.12
27.08.2021 00:04:47.828,1.35489,1.3547200000000001,1,1.5
27.08.2021 00:04:48.245,1.35489,1.3547200000000001,1,1.5
27.08.2021 00:04:48.346,1.3549,1.35471,1,1.5
27.08.2021 00:04:48.685,1.35489,1.3547200000000001,1,1.12
27.08.2021 00:04:49.086,1.3549,1.35471,1,1.5
27.08.2021 00:04:49.220,1.35489,1.3547200000000001,1,1.12
27.08.2021 00:04:49.321,1.35489,1.3547200000000001,1,1.5
27.08.2021 00:04:49.519,1.3549,1.35471,1,1.5
27.08.2021 00:04:50.275,1.35489,1.3547200000000001,1,1.5
27.08.2021 00:04:50.670,1.3549,1.35471,1,1.12
27.08.2021 00:04:50.771,1.35489,1.3547200000000001,1,1.5
27.08.2021 00:04:51.435,1.35489,1.3547200000000001,1,1.5
27.08.2021 00:04:51.535,1.35489,1.3547200000000001,1,1.5
27.08.2021 00:04:51.636,1.35489,1.3547200000000001,1,1.5
27.08.2021 00:04:52.269,1.35489,1.35469,1,1.62
27.08.2021 00:04:52.721,1.35488,1.3547,1,1.5
27.08.2021 00:04:52.980,1.35488,1.3546799999999999,1,1.5
27.08.2021 00:04:53.081,1.3548600000000002,1.35467,1,1.5
27.08.2021 00:04:53.182,1.35485,1.3546500000000001,1,1.5
27.08.2021 00:04:53.236,1.35484,1.3546600000000002,1,1.5
27.08.2021 00:04:53.387,1.35483,1.3546600000000002,1,1.5
27.08.2021 00:04:53.639,1.3548200000000001,1.3546500000000001,1,1.62
27.08.2021 00:04:54.348,1.3548200000000001,1.3546500000000001,1,1.62
27.08.2021 00:04:55.784,1.35481,1.3546200000000002,1,1.5
27.08.2021 00:04:56.628,1.3548200000000001,1.35463,1,1.5
27.08.2021 00:04:58.919,1.3548200000000001,1.35463,1,1.5
27.08.2021 00:04:59.147,1.3548,1.35461,1,1.62
27.08.2021 00:05:00.970,1.35478,1.35461,1,1.62
27.08.2021 00:05:01.350,1.35479,1.3546,1,1.62
27.08.2021 00:05:05.253,1.3548,1.35461,1,1.5
27.08.2021 00:05:11.545,1.3548,1.35461,1,1.5
27.08.2021 00:05:11.646,1.35479,1.3546200000000002,1,1.5
27.08.2021 00:05:11.770,1.3548,1.35461,1,1.12
27.08.2021 00:05:16.171,1.35479,1.3546200000000002,1,1.5
27.08.2021 00:05:17.830,1.3548,1.35464,1,1
27.08.2021 00:06:03.270,1.35479,1.3546200000000002,1,1
27.08.2021 00:06:06.695,1.35477,1.3546200000000002,1,1
27.08.2021 00:06:06.796,1.35471,1.3545500000000001,1,3.12
27.08.2021 00:06:06.896,1.35471,1.35453,1,1
27.08.2021 00:06:06.947,1.35469,1.3545200000000002,1,1.12
27.08.2021 00:06:07.098,1.35469,1.35451,1,1
27.08.2021 00:06:12.804,1.3546600000000002,1.35451,1,1
27.08.2021 00:06:31.878,1.3546600000000002,1.35449,1,1
27.08.2021 00:06:32.029,1.35464,1.3545,1,1
27.08.2021 00:06:32.130,1.3546200000000002,1.35446,1,1
27.08.2021 00:06:32.230,1.3546,1.3544500000000002,1,1.12
27.08.2021 00:06:45.711,1.3546,1.3544500000000002,1,1.5
27.08.2021 00:06:45.828,1.3546,1.3544500000000002,1,1.12
27.08.2021 00:06:47.849,1.3546,1.3544500000000002,1,1.5
27.08.2021 00:06:47.950,1.35461,1.35444,1,1
27.08.2021 00:06:48.215,1.3546200000000002,1.35446,1,1
27.08.2021 00:06:54.589,1.3546200000000002,1.35447,1,1
27.08.2021 00:06:54.639,1.35461,1.3544500000000002,1,1
27.08.2021 00:06:55.273,1.3546,1.3544500000000002,1,1
27.08.2021 00:06:56.182,1.3546200000000002,1.3544500000000002,1,1
27.08.2021 00:06:57.032,1.35461,1.35444,1,1
27.08.2021 00:06:57.246,1.35459,1.35443,1,1
27.08.2021 00:06:57.297,1.3545600000000002,1.3544100000000001,1,1.5
27.08.2021 00:06:57.348,1.35454,1.35439,1,1
27.08.2021 00:06:57.449,1.35453,1.35439,1,1
27.08.2021 00:07:19.237,1.35454,1.35436,1,1.5
27.08.2021 00:07:19.288,1.3545500000000001,1.35437,1,1.5
27.08.2021 00:07:19.690,1.35457,1.3543500000000002,1,1
27.08.2021 00:07:20.112,1.35457,1.35438,1,1
27.08.2021 00:07:20.285,1.35458,1.35438,1,1
27.08.2021 00:07:20.370,1.35459,1.35437,1,1
27.08.2021 00:07:20.471,1.35459,1.35438,1,1
27.08.2021 00:07:20.855,1.3546,1.35437,1,1
27.08.2021 00:07:21.331,1.35459,1.35438,1,1
27.08.2021 00:07:21.432,1.35459,1.35438,1,1
27.08.2021 00:07:21.732,1.35459,1.35438,1,1.62
27.08.2021 00:07:21.833,1.3546,1.3544200000000002,1,1
27.08.2021 00:07:22.763,1.3546200000000002,1.3544100000000001,1,1
27.08.2021 00:07:23.383,1.35463,1.3544,1,1
27.08.2021 00:07:25.489,1.35463,1.3544,1,1.62
27.08.2021 00:07:33.232,1.35464,1.3544,1,2.56
27.08.2021 00:07:37.802,1.3546500000000001,1.35446,1,1.12
27.08.2021 00:07:37.903,1.35463,1.35446,1,1.72
27.08.2021 00:07:38.004,1.35464,1.35448,1,1.5
27.08.2021 00:07:38.054,1.3546600000000002,1.35449,1,1
27.08.2021 00:07:38.206,1.35467,1.35448,1,1.5
27.08.2021 00:07:38.504,1.35467,1.3545,1,1.5
27.08.2021 00:07:38.670,1.3546799999999999,1.35449,1,1.62
27.08.2021 00:07:40.231,1.35467,1.3545,1,1.62
27.08.2021 00:07:42.520,1.35469,1.35453,1,1
27.08.2021 00:07:42.621,1.3547200000000001,1.3545600000000002,1,1.87
27.08.2021 00:07:42.722,1.35478,1.35464,2,1
27.08.2021 00:07:42.879,1.35479,1.35463,1,1
27.08.2021 00:07:42.980,1.3548200000000001,1.3546600000000002,1,1
27.08.2021 00:07:43.081,1.3548200000000001,1.35467,1,1
27.08.2021 00:07:43.274,1.35483,1.3546799999999999,1,1
27.08.2021 00:07:45.201,1.35483,1.35467,1,1
27.08.2021 00:07:55.445,1.35483,1.3546600000000002,1,1
27.08.2021 00:08:12.129,1.3548200000000001,1.3546600000000002,1,1
27.08.2021 00:08:26.101,1.35484,1.3546600000000002,1,1
27.08.2021 00:08:30.746,1.35485,1.3546799999999999,1,1
27.08.2021 00:08:48.244,1.3548200000000001,1.35467,1,1
27.08.2021 00:09:05.543,1.35483,1.35467,1,1
27.08.2021 00:09:47.279,1.35478,1.3546200000000002,1,1
27.08.2021 00:09:47.430,1.3547600000000002,1.35461,1,1.5
27.08.2021 00:09:47.536,1.35477,1.35459,1,1.12
27.08.2021 00:09:47.637,1.3547500000000001,1.35459,1,3.12
27.08.2021 00:09:47.802,1.3547500000000001,1.35458,1,3.12
27.08.2021 00:09:47.953,1.3547500000000001,1.35458,1,1.12
27.08.2021 00:09:48.197,1.35473,1.3545500000000001,1,3
27.08.2021 00:09:48.735,1.3547,1.3545600000000002,1,1.5
27.08.2021 00:09:48.785,1.35469,1.35453,1,1.12
27.08.2021 00:09:48.886,1.35469,1.3545200000000002,1,1.12
27.08.2021 00:09:48.987,1.35467,1.35449,1,2.75
27.08.2021 00:09:49.138,1.3546600000000002,1.3545,1,1
27.08.2021 00:09:49.239,1.3546500000000001,1.35448,1,3.12
27.08.2021 00:09:49.647,1.35463,1.35447,1,1.5
27.08.2021 00:09:49.748,1.3546200000000002,1.35446,1,1
27.08.2021 00:09:50.130,1.3546200000000002,1.3544500000000002,1,1
27.08.2021 00:09:50.232,1.3546,1.35444,1,1.62
27.08.2021 00:09:50.283,1.3546,1.3544100000000001,1,2.75
27.08.2021 00:09:50.333,1.35457,1.3544200000000002,1,2
27.08.2021 00:09:50.434,1.3545,1.35437,1,2.19
27.08.2021 00:09:50.487,1.3545,1.35436,1,1.5
27.08.2021 00:09:50.538,1.35449,1.35433,1,1.5
27.08.2021 00:09:50.690,1.3545,1.3543200000000002,1,1
27.08.2021 00:09:51.337,1.3545200000000002,1.35433,1,1
27.08.2021 00:09:51.438,1.35451,1.3543500000000002,1,1
27.08.2021 00:09:51.543,1.35453,1.35434,1,1
27.08.2021 00:09:51.644,1.3545600000000002,1.35437,1,1.12
27.08.2021 00:09:53.726,1.3545500000000001,1.35439,1,1
27.08.2021 00:10:08.857,1.35458,1.3544,1,1
27.08.2021 00:10:11.510,1.35457,1.35438,1,1.12
27.08.2021 00:10:11.611,1.3545500000000001,1.35439,1,1.12
27.08.2021 00:10:17.628,1.3545500000000001,1.35436,1,1.12
27.08.2021 00:10:17.931,1.35453,1.35434,1,1.5
27.08.2021 00:10:18.846,1.35453,1.35434,1,1
27.08.2021 00:10:23.851,1.35454,1.35438,1,1
27.08.2021 00:10:46.171,1.35454,1.35439,1,1
27.08.2021 00:11:56.296,1.3545600000000002,1.35439,1,1
27.08.2021 00:11:59.026,1.35458,1.3544200000000002,1,1
27.08.2021 00:11:59.491,1.3546,1.3544200000000002,1.5,1
27.08.2021 00:12:06.543,1.35461,1.35444,1,1
27.08.2021 00:12:07.799,1.35463,1.35446,1,1
27.08.2021 00:12:10.800,1.35463,1.3544500000000002,1,1
27.08.2021 00:12:44.519,1.35463,1.35448,1.5,1
27.08.2021 00:12:44.569,1.3546600000000002,1.35448,1.12,1
27.08.2021 00:12:44.620,1.3546799999999999,1.3545200000000002,1.5,1
27.08.2021 00:12:44.771,1.35469,1.35453,2.25,1
27.08.2021 00:12:44.872,1.35469,1.3545600000000002,1.5,1
27.08.2021 00:12:44.973,1.3547600000000002,1.3546,1,1
27.08.2021 00:12:45.125,1.3547600000000002,1.3546200000000002,1,1
27.08.2021 00:12:45.226,1.3548,1.35461,2.37,1
27.08.2021 00:12:45.428,1.35479,1.3546200000000002,1,1
27.08.2021 00:12:52.648,1.3548200000000001,1.35463,1.62,1
27.08.2021 00:12:52.754,1.35481,1.35464,1,1
27.08.2021 00:12:53.654,1.3548200000000001,1.35463,1,1
27.08.2021 00:12:55.655,1.35481,1.35464,1.62,1
27.08.2021 00:13:00.808,1.35481,1.35464,1,1
27.08.2021 00:13:05.342,1.35481,1.3546500000000001,1,1
27.08.2021 00:13:10.434,1.35483,1.35464,1,1
27.08.2021 00:13:18.020,1.35485,1.3546600000000002,2,1
27.08.2021 00:13:20.524,1.35485,1.3546600000000002,1.12,1
27.08.2021 00:13:21.795,1.3548700000000002,1.3547,2.75,1
27.08.2021 00:13:21.896,1.35488,1.35473,2.62,1
27.08.2021 00:13:22.048,1.3549,1.35474,1,1
27.08.2021 00:13:22.150,1.35494,1.35473,1,1
27.08.2021 00:13:22.251,1.35494,1.35473,2.32,1
27.08.2021 00:13:22.453,1.35494,1.3547600000000002,1.5,1
27.08.2021 00:13:22.554,1.35495,1.35477,2.7,1
27.08.2021 00:13:27.934,1.3549600000000002,1.3547600000000002,1.1,1
27.08.2021 00:13:28.558,1.35498,1.35478,1.6,1
27.08.2021 00:13:28.996,1.35498,1.3547600000000002,1.1,1
27.08.2021 00:13:47.375,1.3549700000000002,1.35477,1.87,1
27.08.2021 00:13:47.724,1.35498,1.3548,1.62,1
27.08.2021 00:13:47.976,1.35498,1.35481,1,1
27.08.2021 00:13:49.775,1.355,1.35483,1.62,1
27.08.2021 00:13:52.934,1.355,1.35483,1.62,1
27.08.2021 00:13:56.958,1.3550200000000001,1.35483,1.87,1
27.08.2021 00:13:57.059,1.355,1.35484,1.5,1
27.08.2021 00:13:57.210,1.3550200000000001,1.35484,1,1
27.08.2021 00:13:57.311,1.35503,1.35484,1.62,1
27.08.2021 00:13:57.447,1.35503,1.35485,1.62,1
27.08.2021 00:13:57.598,1.35504,1.35484,1.12,1
27.08.2021 00:13:58.362,1.35503,1.35485,1.5,1
27.08.2021 00:13:59.124,1.3550200000000001,1.35484,1.5,1
27.08.2021 00:13:59.225,1.35503,1.35483,1.5,1
27.08.2021 00:13:59.326,1.35501,1.35483,1.5,1
27.08.2021 00:13:59.506,1.3550200000000001,1.3548200000000001,1.5,1
27.08.2021 00:13:59.984,1.3550200000000001,1.3548200000000001,1.5,1
27.08.2021 00:14:01.077,1.35503,1.35483,1.5,1
27.08.2021 00:14:02.296,1.35503,1.35484,2,1
27.08.2021 00:14:04.377,1.3550200000000001,1.35483,1.5,1
27.08.2021 00:14:05.698,1.3550200000000001,1.35483,2.75,1
27.08.2021 00:14:05.799,1.355,1.35483,1,1
27.08.2021 00:14:15.380,1.35498,1.35481,1,1
27.08.2021 00:14:15.481,1.3549700000000002,1.35483,1,1
27.08.2021 00:14:42.839,1.3549600000000002,1.3548200000000001,1,1
27.08.2021 00:14:53.048,1.35495,1.35481,1,1
27.08.2021 00:15:08.418,1.35493,1.35477,1,1
27.08.2021 00:15:08.469,1.35491,1.3547600000000002,1,1.5
27.08.2021 00:15:08.570,1.35491,1.35474,1,1
27.08.2021 00:15:08.671,1.3549,1.35473,1,1
27.08.2021 00:15:08.772,1.35489,1.3547200000000001,1,1
27.08.2021 00:15:08.943,1.35488,1.3547,1,1.5
27.08.2021 00:15:09.044,1.3548700000000002,1.3547,1,1
27.08.2021 00:15:09.095,1.3548600000000002,1.35469,1,1.12
27.08.2021 00:15:09.246,1.35485,1.35467,1,1.62
27.08.2021 00:15:09.448,1.35484,1.3546600000000002,1,2.62
27.08.2021 00:15:09.549,1.35481,1.3546600000000002,1,1.5
27.08.2021 00:15:09.650,1.3548200000000001,1.35463,1,1.5
27.08.2021 00:15:09.801,1.35481,1.35463,1,1
27.08.2021 00:15:10.421,1.3547600000000002,1.3546200000000002,1,1
27.08.2021 00:15:10.689,1.3547600000000002,1.3546,1,1
27.08.2021 00:15:10.934,1.3547500000000001,1.3546,1,1.5
27.08.2021 00:15:11.035,1.35477,1.35459,1,1.5
27.08.2021 00:15:20.560,1.35477,1.35461,1,2.25
27.08.2021 00:15:25.433,1.35478,1.3546,1,2.37
27.08.2021 00:15:39.443,1.35478,1.3546,1,1.5
27.08.2021 00:15:50.971,1.35478,1.35461,1,1
27.08.2021 00:15:51.072,1.35481,1.3546200000000002,1,1.5
27.08.2021 00:15:53.154,1.3548,1.35463,1,2.37
27.08.2021 00:15:53.265,1.35481,1.3546200000000002,1,2.25
27.08.2021 00:15:55.287,1.3548,1.35461,1,1.62
27.08.2021 00:16:01.995,1.35481,1.3546200000000002,1,1.87
27.08.2021 00:16:02.096,1.3548,1.3546500000000001,1,1
27.08.2021 00:16:02.197,1.3548,1.3546500000000001,1,1.5
27.08.2021 00:16:02.298,1.35483,1.3546600000000002,1,2.72
27.08.2021 00:16:02.348,1.35484,1.3546600000000002,1,1.6
27.08.2021 00:16:02.449,1.35484,1.3546799999999999,1,2.07
27.08.2021 00:16:02.600,1.35485,1.35469,1,1.6
27.08.2021 00:16:02.701,1.35485,1.35469,1,1.7
27.08.2021 00:16:07.933,1.35485,1.35469,1,1.62
27.08.2021 00:16:08.160,1.3548700000000002,1.3547,1,1
27.08.2021 00:16:13.522,1.3548700000000002,1.3547,1,1
27.08.2021 00:16:14.193,1.35488,1.3547200000000001,1,1
27.08.2021 00:16:17.119,1.3549,1.35471,1,2.25
27.08.2021 00:16:17.329,1.3549,1.35471,1,2.37
27.08.2021 00:16:17.430,1.35489,1.35473,1,1.62
27.08.2021 00:16:18.176,1.3549200000000001,1.3547200000000001,1,2.75
27.08.2021 00:16:18.683,1.3549200000000001,1.3547500000000001,1,1.25
27.08.2021 00:16:18.884,1.3549200000000001,1.3547600000000002,1,1.25
27.08.2021 00:16:22.085,1.35493,1.3547600000000002,1,1.12
27.08.2021 00:16:26.149,1.35495,1.35477,1,1
27.08.2021 00:16:26.443,1.35495,1.3547600000000002,1,1.12
27.08.2021 00:16:27.376,1.3549600000000002,1.3547600000000002,1,1.87
27.08.2021 00:16:29.681,1.35495,1.3547600000000002,1,1
27.08.2021 00:16:32.671,1.3549200000000001,1.3547600000000002,1,1
27.08.2021 00:16:32.772,1.3549200000000001,1.35474,1,1
27.08.2021 00:16:32.973,1.35491,1.3547200000000001,1,1.12
27.08.2021 00:16:35.877,1.3549,1.3547500000000001,1,1
27.08.2021 00:17:11.063,1.3549,1.3547600000000002,1,1
27.08.2021 00:17:30.659,1.35493,1.35477,1,1
27.08.2021 00:17:33.095,1.35493,1.35479,1,1
27.08.2021 00:18:10.609,1.3549200000000001,1.35478,1,1
27.08.2021 00:18:14.730,1.35494,1.35478,1,1.5
27.08.2021 00:18:14.832,1.3549700000000002,1.35483,1,1
27.08.2021 00:19:22.345,1.3549900000000001,1.35485,1,1
27.08.2021 00:19:23.083,1.3550200000000001,1.3548600000000002,1.87,1
27.08.2021 00:19:23.285,1.3550200000000001,1.3548600000000002,1,1.5
27.08.2021 00:19:24.273,1.35501,1.3548700000000002,1,1.12
27.08.2021 00:19:38.313,1.35501,1.3548700000000002,1,1.5
27.08.2021 00:20:23.287,1.3550600000000002,1.3549,2,1
27.08.2021 00:20:23.495,1.35505,1.35491,1.5,1
27.08.2021 00:20:27.156,1.35508,1.35491,1,1
27.08.2021 00:20:27.207,1.3551,1.3549600000000002,3.12,1
27.08.2021 00:20:27.308,1.35513,1.35498,1.62,1
27.08.2021 00:20:27.409,1.35513,1.35498,1,1
27.08.2021 00:20:27.459,1.3551600000000001,1.355,1.5,1
27.08.2021 00:20:27.560,1.3552,1.35501,2,1
27.08.2021 00:20:27.611,1.3551900000000001,1.3550200000000001,1.62,1
27.08.2021 00:20:27.712,1.3551900000000001,1.35503,1,1
27.08.2021 00:20:27.863,1.35521,1.35504,1,1
27.08.2021 00:20:28.717,1.35522,1.35504,1.12,1
27.08.2021 00:20:30.434,1.35522,1.35504,1,1
27.08.2021 00:20:36.980,1.35521,1.3550200000000001,1.5,1
27.08.2021 00:20:37.958,1.3552,1.35503,1.12,1
27.08.2021 00:20:44.939,1.35522,1.3550200000000001,1.12,1
27.08.2021 00:20:52.951,1.35522,1.3550200000000001,2,1
27.08.2021 00:20:54.772,1.35521,1.35505,1.5,1
27.08.2021 00:20:58.972,1.35522,1.35505,3.57,1
27.08.2021 00:21:28.460,1.35523,1.35505,2.07,1
27.08.2021 00:21:32.840,1.35522,1.35508,1.5,1
27.08.2021 00:21:34.474,1.35523,1.3550700000000002,1.12,1
27.08.2021 00:21:45.631,1.35522,1.3550600000000002,1.12,1
27.08.2021 00:21:48.934,1.35522,1.3550600000000002,2.07,1
27.08.2021 00:21:51.569,1.35522,1.35505,2.07,1
27.08.2021 00:21:51.670,1.35521,1.35504,1,1
27.08.2021 00:21:51.771,1.35521,1.35503,1,1
27.08.2021 00:21:51.894,1.35521,1.35504,1.12,1
27.08.2021 00:21:51.995,1.3552,1.35504,1,1
27.08.2021 00:21:54.281,1.3552,1.35504,1.6,1
27.08.2021 00:21:55.524,1.35518,1.35504,1,1
27.08.2021 00:22:01.467,1.3551700000000002,1.35504,1,1
27.08.2021 00:22:06.816,1.35518,1.3550200000000001,1,1
27.08.2021 00:22:07.390,1.35518,1.35501,1,1
27.08.2021 00:22:12.831,1.35518,1.35501,1.6,1
27.08.2021 00:22:14.281,1.3551700000000002,1.355,1.12,1
27.08.2021 00:22:15.780,1.3551600000000001,1.3549900000000001,1.5,1
27.08.2021 00:22:16.105,1.35512,1.35498,1,1
27.08.2021 00:22:16.156,1.3551,1.35494,1,1
27.08.2021 00:22:17.031,1.35513,1.3549600000000002,2.62,1
27.08.2021 00:22:17.132,1.35511,1.35495,1,1
27.08.2021 00:22:18.276,1.35511,1.35493,1,1
27.08.2021 00:22:24.552,1.35512,1.35495,1.12,1
27.08.2021 00:22:24.653,1.35514,1.35498,2.25,1
27.08.2021 00:22:24.754,1.3551600000000001,1.35503,4.25,1
27.08.2021 00:22:24.854,1.3552,1.35503,1.95,1
27.08.2021 00:22:24.905,1.35523,1.35505,2.85,1
27.08.2021 00:22:25.006,1.35525,1.3550600000000002,2.47,1
27.08.2021 00:22:25.056,1.35524,1.3550600000000002,1.6,1
27.08.2021 00:22:25.358,1.3552700000000002,1.3550700000000002,2.1,1
27.08.2021 00:22:25.409,1.3552600000000001,1.3550600000000002,1.12,1
27.08.2021 00:22:25.459,1.3552700000000002,1.3550900000000001,2,1
27.08.2021 00:22:25.560,1.3552700000000002,1.3550900000000001,1.5,1
27.08.2021 00:22:25.661,1.35529,1.3550900000000001,2.82,1
27.08.2021 00:22:25.762,1.3553000000000002,1.3551,2,1
27.08.2021 00:22:25.813,1.35529,1.35511,1.5,1
27.08.2021 00:22:25.914,1.35528,1.3551,1,1
27.08.2021 00:22:28.007,1.3553000000000002,1.35512,3.45,1
27.08.2021 00:22:28.116,1.35532,1.35512,1.6,1
27.08.2021 00:22:28.542,1.35529,1.35512,1,1
27.08.2021 00:22:30.017,1.3552700000000002,1.35511,1,1
27.08.2021 00:22:32.335,1.3552700000000002,1.35512,1,1
27.08.2021 00:22:32.436,1.35529,1.35513,1,1
27.08.2021 00:22:33.258,1.3552600000000001,1.3551,1,1
27.08.2021 00:22:34.244,1.35528,1.35512,1,1
27.08.2021 00:22:47.400,1.35525,1.35511,1,1
27.08.2021 00:22:52.193,1.35525,1.3550900000000001,1,1
27.08.2021 00:22:54.160,1.35525,1.35511,1,1
27.08.2021 00:22:55.283,1.3552600000000001,1.35512,1,1
27.08.2021 00:23:05.512,1.3553000000000002,1.3551600000000001,2.25,1
27.08.2021 00:23:08.077,1.35531,1.3551700000000002,1,1
27.08.2021 00:23:16.075,1.35529,1.35515,1,1
27.08.2021 00:23:16.126,1.35529,1.35513,1.5,1
27.08.2021 00:23:16.177,1.3552600000000001,1.35512,1,1
27.08.2021 00:23:49.138,1.3552600000000001,1.3551,1.87,1
27.08.2021 00:23:49.189,1.35523,1.3550700000000002,1,1
27.08.2021 00:23:49.240,1.35521,1.35504,1,1
27.08.2021 00:23:49.418,1.35518,1.35504,1,1
27.08.2021 00:23:50.211,1.35521,1.35504,1,1
27.08.2021 00:23:52.640,1.35522,1.35505,1,1
27.08.2021 00:23:54.121,1.35523,1.3550700000000002,1,1
27.08.2021 00:24:01.765,1.3552,1.3550600000000002,1,1
27.08.2021 00:24:30.397,1.3552,1.35504,1,1
27.08.2021 00:24:36.626,1.35518,1.35504,1,1
27.08.2021 00:24:36.728,1.3551700000000002,1.35501,1,1
27.08.2021 00:25:04.484,1.35514,1.355,1,1.12
27.08.2021 00:25:05.535,1.35515,1.35501,1,1
27.08.2021 00:25:07.638,1.35518,1.35505,1.5,1
27.08.2021 00:25:07.688,1.3552,1.35505,1.12,1
27.08.2021 00:25:08.432,1.3552,1.3550600000000002,1,1
27.08.2021 00:25:08.634,1.35522,1.35508,1,1
27.08.2021 00:25:14.151,1.35525,1.35508,1.5,1
27.08.2021 00:25:14.202,1.3552700000000002,1.35512,1,1
27.08.2021 00:25:14.253,1.35528,1.35512,1.5,1
27.08.2021 00:25:14.303,1.35529,1.35513,1,1
27.08.2021 00:25:14.405,1.35529,1.35514,1,1
27.08.2021 00:25:14.556,1.35531,1.35514,1,1
27.08.2021 00:25:14.607,1.35533,1.3551600000000001,2,1
27.08.2021 00:25:14.859,1.3553700000000002,1.3551700000000002,1.1,1
27.08.2021 00:25:15.060,1.35539,1.3551700000000002,3.2,1
27.08.2021 00:25:21.934,1.35539,1.3551700000000002,2.85,1
27.08.2021 00:25:24.715,1.3553700000000002,1.3552,1,1
27.08.2021 00:25:24.817,1.3554000000000002,1.35525,2.25,1
27.08.2021 00:25:24.918,1.35542,1.3552700000000002,1,1
27.08.2021 00:25:25.019,1.35543,1.35528,1,1
27.08.2021 00:25:25.171,1.35545,1.3552700000000002,1.6,1
27.08.2021 00:25:25.322,1.35546,1.3552600000000001,1,1
27.08.2021 00:25:26.068,1.35546,1.35528,1,1
27.08.2021 00:25:26.241,1.3554700000000002,1.35528,1,1
27.08.2021 00:25:30.104,1.35546,1.35528,1,1
27.08.2021 00:25:30.305,1.35544,1.3552600000000001,1,1
27.08.2021 00:25:30.406,1.35541,1.3552600000000001,1,1
27.08.2021 00:25:33.208,1.35544,1.35528,2.7,1
27.08.2021 00:25:33.259,1.35542,1.35529,1,1
27.08.2021 00:25:33.310,1.3554700000000002,1.35533,1,1
27.08.2021 00:25:33.411,1.35546,1.3553000000000002,1,1
27.08.2021 00:25:33.562,1.35545,1.35528,1,1
27.08.2021 00:25:34.169,1.35544,1.3552700000000002,1,1
27.08.2021 00:25:41.653,1.35545,1.35528,1,1
27.08.2021 00:25:42.645,1.3554700000000002,1.3553000000000002,1,1
27.08.2021 00:25:42.775,1.35548,1.35531,1.12,1
27.08.2021 00:25:42.876,1.35548,1.35534,1.5,1
27.08.2021 00:25:42.977,1.35548,1.35532,1.12,1
27.08.2021 00:25:43.636,1.35546,1.35533,1,1
27.08.2021 00:25:50.840,1.35546,1.35535,1,1
27.08.2021 00:25:50.941,1.35546,1.3553600000000001,1,1
27.08.2021 00:25:51.778,1.3555000000000001,1.3553600000000001,1,1
27.08.2021 00:25:53.731,1.35548,1.35534,1,1
27.08.2021 00:25:56.358,1.35551,1.35535,1,1
27.08.2021 00:26:01.461,1.35549,1.35535,1,1
27.08.2021 00:26:03.939,1.3554700000000002,1.35533,1,1
27.08.2021 00:26:05.566,1.35545,1.35531,1,1
27.08.2021 00:26:05.667,1.35543,1.3552700000000002,1,1
27.08.2021 00:26:07.073,1.35542,1.3552600000000001,1,1
27.08.2021 00:26:07.174,1.3554000000000002,1.35524,1,1
27.08.2021 00:26:17.600,1.35543,1.3552700000000002,1.5,1
27.08.2021 00:26:29.269,1.35544,1.3553000000000002,1.5,1
27.08.2021 00:26:46.868,1.35546,1.35532,1,1.5
27.08.2021 00:26:46.969,1.35552,1.35538,1.12,1
27.08.2021 00:26:47.172,1.35555,1.35539,1,1
27.08.2021 00:26:52.484,1.35562,1.35545,3.1,1
27.08.2021 00:26:52.586,1.35562,1.3554700000000002,1.5,1
27.08.2021 00:26:52.687,1.35564,1.3554700000000002,1.22,1
27.08.2021 00:26:52.788,1.35565,1.35548,2.47,1
27.08.2021 00:26:53.979,1.35566,1.3554700000000002,1.6,1
27.08.2021 00:26:54.732,1.35565,1.35545,2.1,1
27.08.2021 00:26:57.508,1.35563,1.35546,1.2,1
27.08.2021 00:27:00.211,1.35566,1.35552,1.5,1
27.08.2021 00:27:00.312,1.3556700000000002,1.35554,1.5,1
27.08.2021 00:27:00.413,1.35572,1.35559,1.5,1
27.08.2021 00:27:00.514,1.35573,1.3555700000000002,2,1
27.08.2021 00:27:00.615,1.35569,1.35553,1,1.5
27.08.2021 00:27:00.666,1.3556700000000002,1.35552,1,1
27.08.2021 00:27:03.239,1.3556700000000002,1.35549,1.5,1
27.08.2021 00:27:03.575,1.35566,1.3554700000000002,1.12,1
27.08.2021 00:27:05.328,1.35563,1.3554700000000002,1,1
27.08.2021 00:27:05.429,1.35562,1.3554700000000002,1,1
27.08.2021 00:27:05.580,1.3556000000000001,1.35545,1,1
27.08.2021 00:27:13.179,1.35559,1.35543,1,1
27.08.2021 00:27:13.280,1.35558,1.35542,1,1
27.08.2021 00:27:32.227,1.3555700000000002,1.35541,1,1
27.08.2021 00:28:08.546,1.35552,1.35538,1,2
27.08.2021 00:28:09.800,1.35553,1.3553700000000002,1,1.5
27.08.2021 00:28:29.681,1.35549,1.35533,1,1
27.08.2021 00:28:56.220,1.35551,1.3553700000000002,1.5,1
27.08.2021 00:28:56.321,1.35555,1.3554000000000002,1,1
27.08.2021 00:28:56.422,1.35556,1.3554000000000002,1,1
27.08.2021 00:28:56.523,1.35558,1.35543,1,1
27.08.2021 00:28:56.674,1.3555700000000002,1.35541,1,1
27.08.2021 00:29:56.069,1.35556,1.3554000000000002,1,1
27.08.2021 00:29:59.403,1.35553,1.35539,1,1.12
27.08.2021 00:29:59.504,1.35551,1.3553700000000002,1,1.5
27.08.2021 00:29:59.613,1.35551,1.3553700000000002,1,1
27.08.2021 00:29:59.714,1.35548,1.35534,1,1.62
27.08.2021 00:29:59.815,1.35548,1.35534,1,1.12
27.08.2021 00:30:09.264,1.35551,1.35535,1,1
27.08.2021 00:30:28.475,1.3554700000000002,1.35531,1,1.5
27.08.2021 00:30:28.581,1.35546,1.35532,1,1.12
27.08.2021 00:30:52.447,1.35548,1.35533,1,1
27.08.2021 00:30:52.549,1.35552,1.3553600000000001,1,1
27.08.2021 00:30:52.650,1.35553,1.35539,1,1
27.08.2021 00:30:52.751,1.35556,1.3554000000000002,1,1
27.08.2021 00:30:52.953,1.35559,1.35543,2.25,1
27.08.2021 00:30:53.206,1.35558,1.35542,1,1
27.08.2021 00:31:02.857,1.35559,1.35543,1,1
27.08.2021 00:31:10.000,1.3555700000000002,1.35543,1,1
27.08.2021 00:31:11.249,1.35555,1.35541,1,1.5
27.08.2021 00:31:12.248,1.35555,1.35541,1,1
27.08.2021 00:31:21.273,1.35555,1.35539,1,1.12
27.08.2021 00:31:21.374,1.35552,1.35535,1,2.25
27.08.2021 00:31:21.475,1.3554700000000002,1.35531,1,2
27.08.2021 00:31:21.576,1.35545,1.3553000000000002,1,3.12
27.08.2021 00:31:21.627,1.35543,1.3553000000000002,1,1
27.08.2021 00:31:21.728,1.35544,1.3552700000000002,1,1.5
27.08.2021 00:31:21.778,1.35543,1.35528,1,1
27.08.2021 00:31:22.044,1.35542,1.35525,1,1
27.08.2021 00:31:22.148,1.35541,1.35524,1,1
27.08.2021 00:31:22.603,1.3554000000000002,1.35522,1,1.12
27.08.2021 00:31:23.004,1.35538,1.35523,1,1
27.08.2021 00:31:27.755,1.35539,1.35521,1,1
27.08.2021 00:31:28.592,1.35538,1.35523,1,1
27.08.2021 00:31:28.892,1.35539,1.35521,1,1
27.08.2021 00:31:32.986,1.3553600000000001,1.35521,1,1
27.08.2021 00:31:33.087,1.35538,1.3551900000000001,1,1
27.08.2021 00:31:35.150,1.3553600000000001,1.3551700000000002,1,1.5
27.08.2021 00:31:49.309,1.35534,1.3551700000000002,1,1.5
27.08.2021 00:31:49.410,1.35533,1.35518,1,1
27.08.2021 00:31:51.800,1.35532,1.35515,1,1.5
27.08.2021 00:31:51.851,1.35531,1.35513,1,1.12
27.08.2021 00:31:52.009,1.35528,1.35512,1,1.5
27.08.2021 00:31:52.059,1.35529,1.35511,1,1.12
27.08.2021 00:31:52.352,1.3553000000000002,1.35512,1,1
27.08.2021 00:31:54.926,1.3552700000000002,1.35511,1,1.87
27.08.2021 00:31:55.027,1.3552700000000002,1.3550900000000001,1,1.12
27.08.2021 00:31:55.128,1.35525,1.3550900000000001,1,1.12
27.08.2021 00:31:56.227,1.3552600000000001,1.3550700000000002,1,3.19
27.08.2021 00:31:57.089,1.35525,1.3550900000000001,1,1
27.08.2021 00:31:57.240,1.3552600000000001,1.35511,1,1
27.08.2021 00:31:57.599,1.35529,1.3551,1,1.5
27.08.2021 00:31:57.808,1.3552600000000001,1.35511,1,1
27.08.2021 00:32:01.093,1.35529,1.3551,1,2.75
27.08.2021 00:32:01.143,1.3553000000000002,1.35513,1,1
27.08.2021 00:32:01.753,1.35529,1.3551,1,2
27.08.2021 00:32:01.854,1.35529,1.35513,1,1.5
27.08.2021 00:32:01.955,1.35529,1.35513,1,1.5
27.08.2021 00:32:02.122,1.35531,1.35515,1,1.12
27.08.2021 00:32:02.683,1.35531,1.35512,1,1.5
27.08.2021 00:32:02.984,1.35532,1.35514,1,1
27.08.2021 00:32:03.035,1.35529,1.35511,1,1.12
27.08.2021 00:32:03.337,1.35529,1.35512,1,1
27.08.2021 00:32:03.488,1.35531,1.35512,1,1
27.08.2021 00:32:03.733,1.3553000000000002,1.35514,1,1
27.08.2021 00:32:04.154,1.35528,1.35511,1,2
27.08.2021 00:32:04.672,1.35529,1.35514,1,1
27.08.2021 00:32:04.987,1.3553000000000002,1.35512,1,1
27.08.2021 00:32:05.088,1.35529,1.35511,1,1.12
27.08.2021 00:32:05.228,1.3553000000000002,1.35511,1,1.12
27.08.2021 00:32:05.433,1.35528,1.35511,1,1.5
27.08.2021 00:32:05.584,1.35529,1.3551,1,1
27.08.2021 00:32:05.786,1.35528,1.35511,1,1.5
27.08.2021 00:32:08.214,1.3552700000000002,1.3551,1,1.5
27.08.2021 00:32:08.264,1.35528,1.35512,1,1.5
27.08.2021 00:32:08.517,1.3552700000000002,1.35511,1,1.5
27.08.2021 00:32:08.618,1.35529,1.3551,1,2
27.08.2021 00:32:08.719,1.35528,1.3551,1,1.5
27.08.2021 00:32:12.842,1.35524,1.35508,1,1.12
27.08.2021 00:32:12.943,1.35521,1.35508,1,1.5
27.08.2021 00:32:13.044,1.35524,1.3550600000000002,1,1.12
27.08.2021 00:32:13.195,1.35524,1.35508,1,1
27.08.2021 00:32:13.313,1.35523,1.3550900000000001,1,2
27.08.2021 00:32:13.416,1.35525,1.35508,1,1.5
27.08.2021 00:32:13.517,1.35524,1.35508,1,1
27.08.2021 00:32:13.820,1.35523,1.3550900000000001,1,1.5
27.08.2021 00:32:13.921,1.35525,1.35508,1,1.5
27.08.2021 00:32:14.033,1.35525,1.35508,1,1
27.08.2021 00:32:14.134,1.35522,1.35508,1,1
27.08.2021 00:32:14.359,1.35524,1.35508,1,1.12
27.08.2021 00:32:14.409,1.35524,1.35508,1,2
27.08.2021 00:32:14.671,1.35524,1.3550700000000002,1,1.5
27.08.2021 00:32:17.163,1.3552600000000001,1.3550900000000001,1,1.12
27.08.2021 00:32:20.435,1.3552600000000001,1.3550900000000001,1,1.5
27.08.2021 00:32:24.973,1.35528,1.35511,1,1.12
27.08.2021 00:32:25.024,1.3552700000000002,1.35512,1,1.5
27.08.2021 00:32:34.196,1.35529,1.35512,1,2
27.08.2021 00:32:39.779,1.3552700000000002,1.3550900000000001,1,1.5
27.08.2021 00:32:39.880,1.3552600000000001,1.35508,1,1.5
27.08.2021 00:32:40.144,1.3552700000000002,1.35508,1,1
27.08.2021 00:32:41.090,1.35525,1.35508,1,1
27.08.2021 00:32:41.919,1.35525,1.3550900000000001,1,1
27.08.2021 00:32:42.020,1.35528,1.3551,1,1
27.08.2021 00:32:42.509,1.35529,1.3551,1,2.25
27.08.2021 00:32:42.660,1.35528,1.35511,1,2.75
27.08.2021 00:32:45.241,1.3553000000000002,1.35512,1,1.12
27.08.2021 00:33:04.155,1.35531,1.3551600000000001,1,1
27.08.2021 00:33:04.206,1.35531,1.35515,1,1.5
27.08.2021 00:33:04.307,1.35532,1.3551900000000001,1,1
27.08.2021 00:33:04.508,1.35535,1.3551900000000001,1,1
27.08.2021 00:33:04.610,1.35538,1.3552,1,1.5
27.08.2021 00:33:07.641,1.3553700000000002,1.3552,1,1.12
27.08.2021 00:33:07.792,1.35538,1.3552,1,1.87
27.08.2021 00:33:08.747,1.3553700000000002,1.3552,1,1.12
27.08.2021 00:33:10.435,1.3553700000000002,1.3551900000000001,1,1.12
27.08.2021 00:33:10.835,1.3553700000000002,1.3552,1,1
27.08.2021 00:33:10.967,1.3553600000000001,1.3552,1,1.12
27.08.2021 00:33:11.068,1.3553600000000001,1.35521,1,1
27.08.2021 00:33:12.282,1.35532,1.3552,1,1
27.08.2021 00:33:12.383,1.3552700000000002,1.35514,1,1
27.08.2021 00:33:12.433,1.3553000000000002,1.35514,1.5,1.62
27.08.2021 00:33:12.484,1.35524,1.35511,1,1.75
27.08.2021 00:33:12.535,1.3552600000000001,1.3550900000000001,1,1.5
27.08.2021 00:33:12.636,1.3552600000000001,1.3551,1,1
27.08.2021 00:33:12.838,1.35528,1.35513,1,1
27.08.2021 00:33:12.939,1.3553000000000002,1.35513,1,1
27.08.2021 00:33:13.255,1.3553000000000002,1.35512,1,1.12
27.08.2021 00:33:30.693,1.35529,1.35514,1,1
27.08.2021 00:33:30.895,1.35532,1.35515,1,1
27.08.2021 00:33:31.339,1.35532,1.3551700000000002,1,1
27.08.2021 00:33:31.490,1.35535,1.35518,1,1
27.08.2021 00:33:31.832,1.35535,1.3551900000000001,1,1
27.08.2021 00:33:32.844,1.3553600000000001,1.35521,1,1
27.08.2021 00:33:38.661,1.3553600000000001,1.35518,1,1.5
27.08.2021 00:33:38.762,1.35535,1.3551900000000001,1,1
27.08.2021 00:33:45.447,1.3553600000000001,1.3551700000000002,1,1
27.08.2021 00:33:45.548,1.3553600000000001,1.3551900000000001,1,1
27.08.2021 00:33:45.649,1.35539,1.35524,1,1
27.08.2021 00:33:46.001,1.35542,1.35525,1,1
27.08.2021 00:33:46.102,1.35543,1.3552600000000001,1,1.12
27.08.2021 00:33:52.800,1.35543,1.3552700000000002,1,1.5
27.08.2021 00:33:53.951,1.35544,1.3552600000000001,1,1.12
27.08.2021 00:33:54.052,1.35543,1.3552600000000001,1,1.12
27.08.2021 00:33:54.153,1.35541,1.3552600000000001,1,1
27.08.2021 00:33:54.254,1.35538,1.35523,1,1.12
27.08.2021 00:33:54.405,1.3553700000000002,1.35522,1,1
27.08.2021 00:33:54.506,1.35533,1.3552,1,1.12
27.08.2021 00:33:54.556,1.35532,1.35515,1,1
27.08.2021 00:33:54.657,1.3553000000000002,1.35513,1,2
27.08.2021 00:33:54.808,1.3553000000000002,1.35513,1,1
27.08.2021 00:33:55.875,1.35528,1.35512,1,1
27.08.2021 00:33:58.652,1.3552600000000001,1.35511,1,1
27.08.2021 00:33:59.929,1.35525,1.3551,1,1
27.08.2021 00:34:04.481,1.35524,1.3550900000000001,1,1
27.08.2021 00:34:04.582,1.35524,1.3550700000000002,1,1.12
27.08.2021 00:34:11.385,1.35522,1.35505,1,1.62
27.08.2021 00:34:17.531,1.35523,1.35508,1,1
27.08.2021 00:34:26.929,1.3552600000000001,1.3550900000000001,1,1
27.08.2021 00:34:27.181,1.3552700000000002,1.35511,1,1
27.08.2021 00:35:00.901,1.3553000000000002,1.35514,1,1
27.08.2021 00:35:01.002,1.35532,1.3551600000000001,1,1
27.08.2021 00:35:01.103,1.35535,1.35518,1,1
27.08.2021 00:35:01.153,1.35535,1.35521,1.12,1
27.08.2021 00:35:01.254,1.3553700000000002,1.35522,1.12,1
27.08.2021 00:35:01.750,1.3553700000000002,1.35521,1,1
27.08.2021 00:35:01.851,1.35538,1.35523,1,1
27.08.2021 00:35:03.943,1.3554000000000002,1.35521,1,1
27.08.2021 00:35:04.527,1.35538,1.35521,1,1
27.08.2021 00:35:17.102,1.3553600000000001,1.35521,1,1
27.08.2021 00:35:17.204,1.3553600000000001,1.3551900000000001,1,1
27.08.2021 00:35:26.945,1.35532,1.3551700000000002,1,1.12
27.08.2021 00:35:28.088,1.35531,1.35515,1,1
27.08.2021 00:35:33.635,1.35531,1.35513,1,1
27.08.2021 00:35:33.686,1.35529,1.35512,1,1.12
27.08.2021 00:35:33.787,1.35525,1.3551,1,3
27.08.2021 00:35:33.888,1.35525,1.35508,1,1.12
27.08.2021 00:35:34.293,1.35525,1.3551,1,1
27.08.2021 00:35:38.734,1.3552700000000002,1.35512,1,1
27.08.2021 00:35:39.987,1.35528,1.35513,1,1
27.08.2021 00:35:40.038,1.35531,1.35513,1,1
27.08.2021 00:35:54.265,1.3553000000000002,1.35513,1,1
27.08.2021 00:35:54.316,1.35529,1.35511,1,1.12
27.08.2021 00:35:54.467,1.35524,1.3550900000000001,1,1
27.08.2021 00:35:55.597,1.35524,1.35508,1,1
27.08.2021 00:35:56.886,1.35524,1.3550700000000002,1,1
27.08.2021 00:35:58.116,1.3552600000000001,1.3551,1,1
27.08.2021 00:37:40.511,1.35524,1.35508,1,1
27.08.2021 00:37:40.612,1.35521,1.35505,1,1.12
27.08.2021 00:37:51.739,1.35522,1.3550600000000002,1,1
27.08.2021 00:38:00.075,1.35522,1.3550700000000002,1,1
27.08.2021 00:38:02.258,1.35522,1.3550600000000002,1,1.12
27.08.2021 00:38:26.590,1.35521,1.35505,1,1.12
27.08.2021 00:38:37.791,1.3552,1.35504,1,1
27.08.2021 00:38:37.892,1.3551700000000002,1.35501,1,1
27.08.2021 00:38:37.993,1.35513,1.3549700000000002,1,2
27.08.2021 00:38:38.566,1.35513,1.3549700000000002,1,1
27.08.2021 00:38:47.584,1.35515,1.3549900000000001,1,1
27.08.2021 00:38:53.619,1.35515,1.35501,1,1
27.08.2021 00:38:53.720,1.35518,1.3550200000000001,1,1
27.08.2021 00:39:42.352,1.35518,1.35504,1,1
27.08.2021 00:39:42.453,1.35521,1.3550700000000002,1,1
27.08.2021 00:39:53.932,1.35524,1.35508,1,1
27.08.2021 00:39:54.033,1.3552600000000001,1.35512,1,1
27.08.2021 00:39:54.184,1.3552700000000002,1.35513,1,1
27.08.2021 00:39:54.285,1.35528,1.35513,1,1
27.08.2021 00:39:54.508,1.35528,1.35514,1,1
27.08.2021 00:39:54.559,1.35531,1.35513,1,1.5
27.08.2021 00:39:55.688,1.35531,1.35514,1,1
27.08.2021 00:39:55.738,1.35534,1.3551700000000002,2.25,1
27.08.2021 00:40:05.501,1.35532,1.3551700000000002,1,1
27.08.2021 00:40:35.248,1.35534,1.35518,1,1.5
27.08.2021 00:40:35.349,1.3553600000000001,1.3552,1,1
27.08.2021 00:40:35.611,1.3553700000000002,1.35521,1,1
27.08.2021 00:40:35.813,1.3553700000000002,1.35523,1,1
27.08.2021 00:40:35.971,1.35538,1.35524,1,1
27.08.2021 00:40:37.889,1.3554000000000002,1.3552600000000001,1,1
27.08.2021 00:41:00.189,1.3554000000000002,1.35524,1,1
27.08.2021 00:41:26.706,1.35538,1.35523,1,1
27.08.2021 00:41:37.486,1.3553700000000002,1.35521,1,1
27.08.2021 00:41:41.186,1.35535,1.3551900000000001,1,1
27.08.2021 00:42:11.412,1.3553600000000001,1.35522,1,1
27.08.2021 00:42:11.513,1.3553600000000001,1.35524,1,1
27.08.2021 00:42:13.205,1.35539,1.35523,1,1
27.08.2021 00:42:13.255,1.3554000000000002,1.3552600000000001,1,1
27.08.2021 00:42:56.054,1.3553600000000001,1.3552,1,1.5
27.08.2021 00:42:56.155,1.35535,1.3551700000000002,1,1.5
27.08.2021 00:42:59.435,1.35535,1.3551600000000001,1,2.47
27.08.2021 00:43:15.110,1.35533,1.3551700000000002,1,1.6
27.08.2021 00:43:15.261,1.3553000000000002,1.3551600000000001,1,2.1
27.08.2021 00:43:15.677,1.3553000000000002,1.35515,1,1.1
27.08.2021 00:43:15.879,1.3553000000000002,1.35514,1,1.2
27.08.2021 00:43:16.572,1.3553000000000002,1.35512,1,1.6
27.08.2021 00:43:16.743,1.3552700000000002,1.3551,1,1.87
27.08.2021 00:43:16.844,1.3552600000000001,1.35513,1,1
27.08.2021 00:43:16.945,1.35523,1.3551,1,1
27.08.2021 00:43:17.256,1.35523,1.3550600000000002,1,5.1
27.08.2021 00:43:17.306,1.35521,1.3550600000000002,1,1.2
27.08.2021 00:43:17.407,1.35521,1.35505,1,1.2
27.08.2021 00:43:20.286,1.3552,1.35505,1,1.1
27.08.2021 00:43:25.854,1.3552,1.35504,1,2.32
27.08.2021 00:43:32.778,1.3551900000000001,1.3550600000000002,1,1
27.08.2021 00:43:33.914,1.3551900000000001,1.35505,1,1
27.08.2021 00:43:35.588,1.3551900000000001,1.3550600000000002,1,1
27.08.2021 00:43:44.840,1.35522,1.3550600000000002,1,1.57
27.08.2021 00:43:45.041,1.35522,1.3550600000000002,1,2.82
27.08.2021 00:43:49.435,1.35522,1.3550600000000002,1,3.07
27.08.2021 00:43:51.967,1.35523,1.3550600000000002,1,1
27.08.2021 00:44:01.497,1.35523,1.35505,1,1.5
27.08.2021 00:44:02.631,1.35523,1.3550600000000002,1,1
27.08.2021 00:44:43.069,1.35524,1.3550900000000001,1,1
27.08.2021 00:44:43.198,1.3552600000000001,1.35508,1,1.5
27.08.2021 00:44:43.450,1.35525,1.35508,1,1
27.08.2021 00:44:43.702,1.35522,1.3550700000000002,1,1.12
27.08.2021 00:44:43.957,1.35525,1.3550700000000002,1,1
27.08.2021 00:44:44.058,1.35523,1.35508,1,1
27.08.2021 00:44:44.410,1.35525,1.3550700000000002,1,1
27.08.2021 00:44:44.511,1.35525,1.35508,1,1.12
27.08.2021 00:44:46.153,1.35525,1.3551,1,1
27.08.2021 00:44:46.422,1.3552700000000002,1.3550900000000001,1,1
27.08.2021 00:44:46.888,1.35528,1.3551,1,1
27.08.2021 00:45:05.167,1.3552600000000001,1.3550900000000001,1,1.95
27.08.2021 00:45:05.268,1.35525,1.35508,1,1.12
27.08.2021 00:45:07.532,1.35524,1.3550700000000002,1,1
27.08.2021 00:45:07.895,1.35521,1.3550600000000002,1,1.62
27.08.2021 00:45:08.046,1.35521,1.3550600000000002,1,1.12
27.08.2021 00:45:11.137,1.3551900000000001,1.35504,1,1.62
27.08.2021 00:45:12.383,1.3552,1.35503,1,1.5
27.08.2021 00:46:03.448,1.35521,1.3550600000000002,1,1
27.08.2021 00:46:04.011,1.35522,1.3550700000000002,1,1
27.08.2021 00:46:04.213,1.35524,1.3550700000000002,1,1.12
27.08.2021 00:46:04.481,1.35522,1.3550700000000002,1,1
27.08.2021 00:46:20.053,1.35521,1.3550600000000002,1,1.5
27.08.2021 00:46:24.250,1.35523,1.3550600000000002,1,1.5
27.08.2021 00:46:25.558,1.35523,1.3550600000000002,1,1.5
27.08.2021 00:46:32.436,1.35522,1.3550700000000002,1,1
27.08.2021 00:46:32.869,1.35522,1.35505,1,1.12
27.08.2021 00:46:33.639,1.3552,1.35504,1,3.87
27.08.2021 00:46:34.121,1.35518,1.35504,1,3.12
27.08.2021 00:46:34.511,1.3551900000000001,1.35503,1,3
27.08.2021 00:46:36.129,1.35518,1.35503,1,1
27.08.2021 00:46:36.230,1.35515,1.3549900000000001,1,1
27.08.2021 00:46:36.332,1.35512,1.3549600000000002,1,1.87
27.08.2021 00:46:36.685,1.35511,1.35495,1,1.12
27.08.2021 00:46:36.954,1.35512,1.3549600000000002,1,1
27.08.2021 00:46:40.431,1.35514,1.3549700000000002,1,1
27.08.2021 00:46:40.532,1.35514,1.3549900000000001,1,1
27.08.2021 00:46:40.633,1.35514,1.3549700000000002,1,1
27.08.2021 00:46:41.250,1.35514,1.35498,1,1
27.08.2021 00:46:41.351,1.35513,1.3549600000000002,1,1
27.08.2021 00:46:43.817,1.35515,1.35498,1,1
27.08.2021 00:47:18.529,1.3551700000000002,1.355,1,1
27.08.2021 00:47:18.631,1.3551700000000002,1.3550200000000001,1,1
27.08.2021 00:47:18.732,1.3551900000000001,1.35504,1,1
27.08.2021 00:47:24.474,1.3552,1.3550200000000001,1,1
27.08.2021 00:47:45.193,1.35521,1.35504,1,1
27.08.2021 00:48:10.865,1.35522,1.35505,1,1
27.08.2021 00:48:11.016,1.35522,1.35508,1,1
27.08.2021 00:48:11.406,1.35524,1.3550700000000002,1,1
27.08.2021 00:48:11.507,1.35525,1.3551,1,1
27.08.2021 00:48:11.658,1.3552600000000001,1.35511,1,1
27.08.2021 00:48:22.574,1.3552600000000001,1.3550900000000001,1,1
27.08.2021 00:48:22.675,1.35522,1.35508,1,1
27.08.2021 00:48:22.776,1.35522,1.35505,1,1.62
27.08.2021 00:48:22.827,1.35522,1.35505,1,1.5
27.08.2021 00:48:23.195,1.35521,1.35504,1,1
27.08.2021 00:48:23.296,1.35518,1.35503,1,1
27.08.2021 00:48:23.416,1.3551700000000002,1.3550200000000001,1,1.87
27.08.2021 00:48:32.917,1.3551600000000001,1.35501,1,1
27.08.2021 00:48:33.018,1.35514,1.355,1,1.12
27.08.2021 00:48:33.219,1.35513,1.35498,1,3.12
27.08.2021 00:48:33.764,1.35513,1.35498,1,1.12
27.08.2021 00:48:34.120,1.35512,1.3549600000000002,1,1
27.08.2021 00:48:34.790,1.35512,1.35495,1,1.12
27.08.2021 00:48:37.129,1.35512,1.35498,1,1
27.08.2021 00:48:37.829,1.35514,1.3549900000000001,1,1
27.08.2021 00:48:38.131,1.35513,1.35498,1,1.12
27.08.2021 00:48:38.308,1.35512,1.35495,1,2.25
27.08.2021 00:48:38.427,1.35513,1.3549600000000002,1,1.12
27.08.2021 00:49:00.399,1.35511,1.3549600000000002,1,1.87
27.08.2021 00:49:06.116,1.35512,1.3549700000000002,1,1
27.08.2021 00:49:06.568,1.35512,1.35498,1,1
27.08.2021 00:49:07.156,1.35513,1.35498,1,1.5
27.08.2021 00:49:07.257,1.35513,1.35498,1,2
27.08.2021 00:49:12.435,1.3551600000000001,1.35498,1,1.12
27.08.2021 00:49:12.536,1.35518,1.355,1,1.87
27.08.2021 00:49:12.855,1.3551600000000001,1.35501,1,1.87
27.08.2021 00:49:13.047,1.35518,1.3550200000000001,1,1
27.08.2021 00:49:18.193,1.3551700000000002,1.355,1,1.12
27.08.2021 00:49:18.529,1.3551700000000002,1.3549900000000001,1,1.12
27.08.2021 00:49:18.781,1.35518,1.35501,1,1
27.08.2021 00:49:18.986,1.3551600000000001,1.35501,1,1
27.08.2021 00:49:19.087,1.3551600000000001,1.35498,1,2.75
27.08.2021 00:49:19.188,1.35515,1.3549900000000001,1,2
27.08.2021 00:49:19.980,1.3551600000000001,1.35498,1,1.62
27.08.2021 00:49:26.262,1.35514,1.35498,1,1
27.08.2021 00:49:29.938,1.35513,1.3549700000000002,1,2
27.08.2021 00:49:30.975,1.35511,1.3549700000000002,1,1
27.08.2021 00:49:31.076,1.35512,1.3549600000000002,1,1
27.08.2021 00:49:31.177,1.35511,1.3549600000000002,1,1
27.08.2021 00:49:31.380,1.3551,1.3549600000000002,1,1
27.08.2021 00:49:36.238,1.35511,1.3549600000000002,1,1.12
27.08.2021 00:49:38.667,1.35512,1.35498,1,1
27.08.2021 00:49:39.955,1.35513,1.3549900000000001,1,1
27.08.2021 00:49:43.238,1.3551600000000001,1.355,1,1
27.08.2021 00:50:00.319,1.35513,1.3549900000000001,1,1
27.08.2021 00:50:00.420,1.3551,1.35495,1,1.5
27.08.2021 00:50:00.523,1.3551,1.35494,1,1.5
27.08.2021 00:50:00.930,1.3551,1.3549600000000002,1,1.12
27.08.2021 00:50:02.959,1.35511,1.3549700000000002,1,1
27.08.2021 00:50:08.548,1.3550900000000001,1.35495,1,1.5
27.08.2021 00:50:08.688,1.3551,1.35494,1,1.12
27.08.2021 00:50:09.048,1.35511,1.35495,1,1
27.08.2021 00:50:20.507,1.3550900000000001,1.35495,1,1
27.08.2021 00:50:20.608,1.3550700000000002,1.35491,1,1
27.08.2021 00:50:20.709,1.35505,1.35491,1,1
27.08.2021 00:50:20.867,1.3550600000000002,1.3549200000000001,1,1
27.08.2021 00:50:24.842,1.35505,1.35489,1.5,1
27.08.2021 00:50:25.006,1.35503,1.35489,1,1
27.08.2021 00:50:25.107,1.3550200000000001,1.35489,1,1
27.08.2021 00:50:25.308,1.35498,1.35485,1,1
27.08.2021 00:50:25.409,1.35494,1.35479,1,1.12
27.08.2021 00:50:25.610,1.35493,1.35479,1,1
27.08.2021 00:50:26.227,1.35494,1.35479,1,1
27.08.2021 00:50:26.613,1.35495,1.3548,1.5,1
27.08.2021 00:50:26.714,1.3549600000000002,1.3548,1,1
27.08.2021 00:50:26.829,1.35498,1.3548200000000001,1.12,1
27.08.2021 00:50:27.778,1.3549700000000002,1.35481,1,1
27.08.2021 00:50:41.531,1.35494,1.3548,1,1
27.08.2021 00:50:50.226,1.35498,1.35484,1.5,1
27.08.2021 00:50:50.276,1.3549900000000001,1.35483,1.12,1
27.08.2021 00:50:50.377,1.3549900000000001,1.35485,1.12,1
27.08.2021 00:50:50.704,1.3550200000000001,1.3548600000000002,1,1
27.08.2021 00:51:01.554,1.35504,1.35488,1.1,1
27.08.2021 00:51:01.705,1.3550600000000002,1.3549,2,1
27.08.2021 00:51:02.073,1.3550600000000002,1.3549,1,1
27.08.2021 00:51:02.278,1.35508,1.3549200000000001,1.12,1
27.08.2021 00:51:02.379,1.3550900000000001,1.35495,1,1
27.08.2021 00:51:02.480,1.35513,1.3549700000000002,1.12,1
27.08.2021 00:51:02.732,1.35513,1.3549900000000001,1,1
27.08.2021 00:52:00.072,1.35511,1.3549700000000002,1,1
27.08.2021 00:52:00.173,1.3551,1.35495,1,1
27.08.2021 00:52:01.857,1.3550900000000001,1.3549200000000001,1,1.5
27.08.2021 00:52:01.958,1.35503,1.35488,1,1.62
27.08.2021 00:52:02.411,1.35504,1.3548700000000002,1,1
27.08.2021 00:52:02.512,1.3550200000000001,1.35485,1,1
27.08.2021 00:52:02.613,1.35501,1.35484,1,1
27.08.2021 00:52:02.664,1.3549900000000001,1.35483,1,1
27.08.2021 00:52:20.069,1.3550200000000001,1.35485,1,1
27.08.2021 00:52:34.697,1.35501,1.3548700000000002,1,1
27.08.2021 00:53:13.047,1.35501,1.3548600000000002,1,1
27.08.2021 00:53:16.942,1.35498,1.35481,1,1.12
27.08.2021 00:53:17.043,1.35491,1.3548,1,1
27.08.2021 00:53:17.094,1.35491,1.35477,1,1.5
27.08.2021 00:53:17.195,1.35491,1.35477,1,1
27.08.2021 00:53:17.447,1.35491,1.3547500000000001,1,1
27.08.2021 00:53:38.136,1.3549,1.35473,1,1
27.08.2021 00:53:39.973,1.35488,1.35471,1,1
27.08.2021 00:53:40.074,1.35485,1.3546799999999999,1,1.5
27.08.2021 00:53:40.176,1.35485,1.3546799999999999,1,1
27.08.2021 00:53:40.494,1.35484,1.3546799999999999,1,1
27.08.2021 00:53:57.283,1.35484,1.35467,1,1
27.08.2021 00:54:02.505,1.3548200000000001,1.3546500000000001,1,1.62
27.08.2021 00:54:02.606,1.35481,1.3546600000000002,1,1.5
27.08.2021 00:54:18.338,1.35481,1.35464,1,1
27.08.2021 00:54:18.590,1.35479,1.35463,1.5,1
27.08.2021 00:54:18.691,1.35474,1.35458,1,2
27.08.2021 00:54:18.742,1.35473,1.35457,1,1
27.08.2021 00:54:19.226,1.3547500000000001,1.35458,1,1
27.08.2021 00:54:21.507,1.3547600000000002,1.3546,1,1
27.08.2021 00:54:27.569,1.35477,1.35463,1,1
27.08.2021 00:54:27.620,1.3548,1.35463,1.12,1
27.08.2021 00:54:30.291,1.35481,1.35467,1,1
27.08.2021 00:54:30.442,1.35483,1.35469,1,1
27.08.2021 00:54:30.543,1.35484,1.3547,1,1
27.08.2021 00:54:31.472,1.3548700000000002,1.35473,1,1
27.08.2021 00:54:31.573,1.35489,1.3547500000000001,1.12,1
27.08.2021 00:54:32.548,1.35493,1.35477,1.12,1
27.08.2021 00:54:33.485,1.35495,1.35478,1.6,1
27.08.2021 00:54:33.636,1.3549600000000002,1.35479,1.5,1
27.08.2021 00:54:33.737,1.3549700000000002,1.3548200000000001,1.6,1
27.08.2021 00:54:33.838,1.3549700000000002,1.35481,1,1
27.08.2021 00:54:34.440,1.3549600000000002,1.35481,1.6,1
27.08.2021 00:54:34.490,1.35493,1.35478,1,1
27.08.2021 00:54:37.145,1.35495,1.35478,1.12,1
27.08.2021 00:54:40.734,1.3549600000000002,1.3548,1,1
27.08.2021 00:54:41.516,1.3549600000000002,1.35479,1.5,1
27.08.2021 00:54:42.156,1.3549600000000002,1.3548,1,1
27.08.2021 00:54:42.922,1.35495,1.3548,1.5,1
27.08.2021 00:54:44.089,1.3549700000000002,1.35481,1.7,1
27.08.2021 00:54:44.190,1.3549700000000002,1.35481,1.5,1
27.08.2021 00:54:44.341,1.35498,1.35483,2.25,1
27.08.2021 00:54:48.294,1.355,1.35485,1.6,1
27.08.2021 00:54:48.396,1.35501,1.35484,1.6,1
27.08.2021 00:54:48.799,1.35503,1.3548600000000002,1.7,1
27.08.2021 00:54:49.033,1.355,1.35485,1,1
27.08.2021 00:54:50.101,1.3550200000000001,1.3548700000000002,2.07,1
27.08.2021 00:54:50.940,1.355,1.35485,1,1
27.08.2021 00:54:51.343,1.35501,1.35484,1.6,1
27.08.2021 00:54:51.444,1.355,1.35483,1.2,1
27.08.2021 00:54:52.804,1.3549900000000001,1.35484,1.6,1
27.08.2021 00:54:54.952,1.3549900000000001,1.35484,1.12,1
27.08.2021 00:54:55.053,1.35501,1.35484,1.12,1
27.08.2021 00:54:56.366,1.35503,1.3548600000000002,1.62,1
27.08.2021 00:54:56.531,1.3550200000000001,1.3548700000000002,1.12,1
27.08.2021 00:54:57.385,1.35503,1.35488,1.62,1
27.08.2021 00:54:57.536,1.35503,1.35488,1,1
27.08.2021 00:55:00.237,1.3550200000000001,1.3548700000000002,1,1
27.08.2021 00:55:00.762,1.35503,1.3548700000000002,1.5,1
27.08.2021 00:55:01.483,1.3550200000000001,1.3548700000000002,1,1
27.08.2021 00:55:02.218,1.355,1.35485,1,1
27.08.2021 00:55:02.369,1.3549900000000001,1.35483,1,1
27.08.2021 00:55:02.419,1.3549600000000002,1.35481,1,1
27.08.2021 00:55:02.671,1.3549600000000002,1.35479,1,1
27.08.2021 00:55:02.772,1.3549600000000002,1.35478,1.57,1
27.08.2021 00:55:02.873,1.35493,1.35478,1,1
27.08.2021 00:55:03.884,1.35491,1.35477,1,1
27.08.2021 00:55:09.230,1.35489,1.3547500000000001,1,1
27.08.2021 00:55:17.019,1.35491,1.35477,1,1
27.08.2021 00:55:17.123,1.3549200000000001,1.35478,1,1
27.08.2021 00:55:17.224,1.3549600000000002,1.3548,1,1
27.08.2021 00:55:17.325,1.3549900000000001,1.35483,1.5,1
27.08.2021 00:55:17.426,1.3549900000000001,1.35483,1,1
27.08.2021 00:55:17.577,1.355,1.3548600000000002,1.12,1
27.08.2021 00:55:37.065,1.3549900000000001,1.35483,1,1
27.08.2021 00:55:40.086,1.35498,1.3548200000000001,1,1
27.08.2021 00:55:40.187,1.35495,1.35481,1,1
27.08.2021 00:55:40.288,1.35495,1.35481,1.5,1.12
27.08.2021 00:55:40.389,1.35495,1.35481,1.5,1
27.08.2021 00:55:40.490,1.3549200000000001,1.35478,1,1
27.08.2021 00:56:04.298,1.35491,1.3547500000000001,1,1.5
27.08.2021 00:56:05.375,1.35489,1.35474,1,1.12
27.08.2021 00:56:05.601,1.3548700000000002,1.35473,1,1.12
27.08.2021 00:56:06.283,1.3548600000000002,1.3547200000000001,1,1.62
27.08.2021 00:56:06.538,1.3548600000000002,1.3547200000000001,1,1.5
27.08.2021 00:56:14.368,1.35485,1.35469,1,1.12
27.08.2021 00:56:19.757,1.3548700000000002,1.3547,1,1
27.08.2021 00:56:24.620,1.3548600000000002,1.35471,1,1.5
27.08.2021 00:56:25.862,1.3548600000000002,1.35471,1,1.12
27.08.2021 00:56:26.527,1.3548700000000002,1.3547,1,1.5
27.08.2021 00:56:43.815,1.3548700000000002,1.3547,1,1.12
27.08.2021 00:56:48.018,1.35484,1.3547,1,1.5
27.08.2021 00:56:48.119,1.35484,1.3547,1,1.12
27.08.2021 00:56:52.189,1.35485,1.35469,1,1.5
27.08.2021 00:56:52.613,1.3548700000000002,1.35471,1,1
27.08.2021 00:56:52.663,1.35489,1.35473,1.5,1
27.08.2021 00:56:53.801,1.35489,1.3547500000000001,1,1
27.08.2021 00:56:53.903,1.3549200000000001,1.3547600000000002,1.5,1
27.08.2021 00:56:54.322,1.35493,1.3547600000000002,1,1
27.08.2021 00:56:54.524,1.35493,1.35479,1,1
27.08.2021 00:56:54.625,1.35495,1.35479,1,1
27.08.2021 00:57:01.588,1.35495,1.3548,1,1
27.08.2021 00:57:01.692,1.3549600000000002,1.3548200000000001,1,1
27.08.2021 00:57:02.103,1.35498,1.35481,1,1
27.08.2021 00:57:05.786,1.3549700000000002,1.35483,1,1
27.08.2021 00:57:06.070,1.3549900000000001,1.3548200000000001,1,1.12
27.08.2021 00:57:40.696,1.3549900000000001,1.35485,1,1
27.08.2021 00:57:57.415,1.35498,1.3548200000000001,1,1.12
27.08.2021 00:58:00.622,1.3549700000000002,1.35481,1,1.5
27.08.2021 00:58:00.825,1.3549700000000002,1.35481,1,1.12
27.08.2021 00:58:57.299,1.3549700000000002,1.3548,1.5,1
27.08.2021 00:58:57.400,1.35494,1.35478,1,1
27.08.2021 00:58:57.501,1.3549200000000001,1.3547600000000002,1,1.5
27.08.2021 00:59:18.578,1.35489,1.3547500000000001,1,1
27.08.2021 00:59:33.052,1.35491,1.3547500000000001,1.12,1
27.08.2021 00:59:38.380,1.35491,1.35477,1.12,1
27.08.2021 00:59:38.666,1.35493,1.35479,1,1
27.08.2021 00:59:38.767,1.35495,1.35481,4.12,1
27.08.2021 00:59:38.868,1.35495,1.35484,3.75,1
27.08.2021 00:59:39.120,1.3549900000000001,1.35483,1,1
27.08.2021 00:59:39.240,1.355,1.35484,1,1
27.08.2021 01:00:00.224,1.3549700000000002,1.3548,1,1.5
27.08.2021 01:00:00.390,1.3549600000000002,1.3548200000000001,1,1
27.08.2021 01:00:00.491,1.3549700000000002,1.3548,1,1.1
27.08.2021 01:00:01.337,1.35498,1.35481,1,1.1
27.08.2021 01:00:01.438,1.3549900000000001,1.35483,1,1
27.08.2021 01:00:01.539,1.355,1.3548600000000002,1,1
27.08.2021 01:00:01.590,1.35503,1.3548600000000002,1,1
27.08.2021 01:00:01.942,1.3550200000000001,1.35488,1,1
27.08.2021 01:00:02.144,1.35504,1.3548700000000002,1,1.5
27.08.2021 01:00:04.632,1.35503,1.35485,1,2.32
27.08.2021 01:00:04.914,1.3550200000000001,1.3548600000000002,1,2.45
27.08.2021 01:00:06.720,1.3550200000000001,1.35485,1,1
27.08.2021 01:00:07.619,1.3550200000000001,1.3548700000000002,1,1
27.08.2021 01:00:09.585,1.3550200000000001,1.3548700000000002,1,2.37
27.08.2021 01:00:10.617,1.35503,1.3548600000000002,1,2.62
27.08.2021 01:00:12.474,1.3550200000000001,1.3548600000000002,1,1.12
27.08.2021 01:00:14.386,1.3550200000000001,1.35485,1,1.12
27.08.2021 01:00:15.210,1.3549900000000001,1.35485,1,1
27.08.2021 01:00:15.311,1.35494,1.35484,1,1
27.08.2021 01:00:15.413,1.35493,1.3548200000000001,1,1
27.08.2021 01:00:15.464,1.3549200000000001,1.35481,1,1
27.08.2021 01:00:15.615,1.35491,1.35481,1,1
27.08.2021 01:00:15.666,1.3549,1.35477,1,1
27.08.2021 01:00:15.717,1.35488,1.3547600000000002,1,1
27.08.2021 01:00:15.831,1.35489,1.3547600000000002,1,1
27.08.2021 01:00:16.565,1.35488,1.3547200000000001,1,1.57
27.08.2021 01:00:21.185,1.35488,1.35471,1,1
27.08.2021 01:00:22.367,1.3548700000000002,1.35471,1,2.32
27.08.2021 01:00:29.836,1.35488,1.35471,1,1
27.08.2021 01:00:31.747,1.35491,1.35474,1,1
27.08.2021 01:00:31.848,1.3549,1.3547600000000002,1,1
27.08.2021 01:00:31.949,1.35491,1.3547600000000002,1,1.5
27.08.2021 01:00:32.214,1.35491,1.35477,1,1
27.08.2021 01:00:32.341,1.3549200000000001,1.35478,1,1
27.08.2021 01:00:32.774,1.35493,1.35479,1,1
27.08.2021 01:00:32.875,1.35495,1.35478,1,1
27.08.2021 01:00:33.349,1.35495,1.35479,1,1
27.08.2021 01:00:33.450,1.35495,1.3548,1,1
27.08.2021 01:00:34.154,1.35495,1.35481,1,1
27.08.2021 01:00:34.326,1.3549700000000002,1.3548,1,1.5
27.08.2021 01:00:34.839,1.35498,1.3548,1,1.5
27.08.2021 01:00:35.396,1.35498,1.3548,1,3.47
27.08.2021 01:00:36.278,1.3549700000000002,1.35484,1,1
27.08.2021 01:00:37.124,1.355,1.35483,1,1.5
27.08.2021 01:00:43.778,1.3549900000000001,1.35483,1,1
27.08.2021 01:00:44.514,1.3549900000000001,1.3548200000000001,1,1
27.08.2021 01:00:51.535,1.3549900000000001,1.35484,1,1
27.08.2021 01:00:51.686,1.35498,1.35483,1.5,1
27.08.2021 01:00:52.492,1.35498,1.35481,1,1.57
27.08.2021 01:01:00.444,1.3549900000000001,1.35483,1,1
27.08.2021 01:01:00.546,1.3549700000000002,1.35484,1,1
27.08.2021 01:01:02.095,1.35498,1.3548200000000001,1.5,1
27.08.2021 01:01:06.192,1.35498,1.35481,1.5,1.12
27.08.2021 01:01:06.293,1.3549600000000002,1.3548,1,1.12
27.08.2021 01:01:06.394,1.35493,1.3547600000000002,1,1.5
27.08.2021 01:01:07.162,1.35493,1.3547600000000002,1,1
27.08.2021 01:01:07.768,1.3549200000000001,1.3547600000000002,1,1.12
27.08.2021 01:01:07.920,1.3549,1.35474,1,1.22
27.08.2021 01:01:08.021,1.3548700000000002,1.35473,1,1.1
27.08.2021 01:01:08.071,1.3548700000000002,1.35473,1,1
27.08.2021 01:01:13.639,1.3548600000000002,1.3547,1,1.12
27.08.2021 01:01:13.790,1.3548600000000002,1.35469,1,1
27.08.2021 01:01:13.891,1.35483,1.35469,1,1.5
27.08.2021 01:01:16.734,1.3548200000000001,1.35467,1,2.25
27.08.2021 01:01:16.994,1.3548200000000001,1.3546799999999999,1,1
27.08.2021 01:01:19.908,1.35483,1.3546600000000002,1,2.62
27.08.2021 01:01:20.109,1.35485,1.35469,1,1
27.08.2021 01:01:24.169,1.35483,1.35469,1,1
27.08.2021 01:01:25.224,1.35483,1.35467,1,1
27.08.2021 01:01:32.674,1.3548200000000001,1.3546500000000001,1,1.12
27.08.2021 01:01:38.133,1.35479,1.35464,1,1.6
27.08.2021 01:01:39.957,1.35479,1.35464,1,1.12
27.08.2021 01:01:41.772,1.35478,1.35464,1,1.12
27.08.2021 01:01:43.304,1.3547600000000002,1.35461,1,1.5
27.08.2021 01:01:43.535,1.35474,1.35459,1,2.1
27.08.2021 01:01:43.734,1.35474,1.35459,1,1.7
27.08.2021 01:01:44.086,1.35474,1.35459,1,1.62
27.08.2021 01:01:44.557,1.35474,1.35457,1,1.5
27.08.2021 01:01:44.658,1.35474,1.35457,1,1.5
27.08.2021 01:01:46.339,1.35474,1.35457,1,1.12
27.08.2021 01:01:46.490,1.3547200000000001,1.35457,1,1.5
27.08.2021 01:01:49.853,1.35471,1.3545500000000001,1,1.72
27.08.2021 01:01:50.055,1.3547200000000001,1.35454,1,1.7
27.08.2021 01:01:51.002,1.35469,1.35454,1,1.6
27.08.2021 01:01:51.103,1.35469,1.35454,1,1.6
27.08.2021 01:01:52.793,1.3547,1.35453,1,1.12
27.08.2021 01:01:54.182,1.3546799999999999,1.3545200000000002,1,1.6
27.08.2021 01:01:56.800,1.35469,1.35451,1,1.12
27.08.2021 01:02:02.950,1.35464,1.35449,1,1.2
27.08.2021 01:02:03.502,1.3546600000000002,1.35449,1,1.12
27.08.2021 01:02:04.532,1.3546600000000002,1.35449,1,1.5
27.08.2021 01:02:05.973,1.3546600000000002,1.35449,1,1.5
27.08.2021 01:02:06.384,1.3546600000000002,1.35449,1,1.5
27.08.2021 01:02:06.485,1.3546600000000002,1.35451,1,1.87
27.08.2021 01:02:06.656,1.35467,1.3545,1,1.62
27.08.2021 01:02:24.076,1.3546600000000002,1.35449,1,1.6
27.08.2021 01:02:26.917,1.3546600000000002,1.35449,1,1.7
27.08.2021 01:02:28.394,1.3546600000000002,1.35449,1,1.7
27.08.2021 01:02:34.557,1.3546600000000002,1.35449,1,2.32
27.08.2021 01:02:44.211,1.3546500000000001,1.35448,1,1.5
27.08.2021 01:02:44.565,1.35463,1.35446,1,1.7
27.08.2021 01:02:44.666,1.35461,1.35446,1,1.95
27.08.2021 01:02:45.544,1.3546200000000002,1.35444,1,2.32
27.08.2021 01:02:47.661,1.35461,1.3544500000000002,1,1.97
27.08.2021 01:02:47.762,1.3546200000000002,1.35448,1,1
27.08.2021 01:02:47.864,1.3546500000000001,1.3545,1,1
27.08.2021 01:02:48.280,1.35467,1.3545200000000002,1,1
27.08.2021 01:02:49.969,1.35467,1.35453,1,1
27.08.2021 01:02:51.045,1.35467,1.35454,1,1
27.08.2021 01:02:53.979,1.3546799999999999,1.3545200000000002,1,1
27.08.2021 01:02:54.080,1.35469,1.35454,1,1.95
27.08.2021 01:02:54.181,1.35474,1.35457,1,1
27.08.2021 01:02:54.283,1.35474,1.35459,1,1
27.08.2021 01:02:56.094,1.35474,1.35457,1,1.1
27.08.2021 01:03:00.213,1.3547500000000001,1.35458,1,1
27.08.2021 01:03:00.314,1.3547500000000001,1.3546,1,1.57
27.08.2021 01:03:00.465,1.35477,1.3546200000000002,1,1
27.08.2021 01:03:01.739,1.3547600000000002,1.35461,1,2.32
27.08.2021 01:03:06.935,1.3547600000000002,1.35458,1,4.32
27.08.2021 01:03:07.038,1.35474,1.35457,1,1
27.08.2021 01:03:07.139,1.3547200000000001,1.35457,1,1.12
27.08.2021 01:03:16.250,1.35473,1.35458,1,1
27.08.2021 01:03:16.517,1.3547500000000001,1.3546,1,1
27.08.2021 01:03:16.618,1.3547600000000002,1.35461,1,1
27.08.2021 01:03:16.719,1.3547500000000001,1.3546,1,2.25
27.08.2021 01:03:16.820,1.35478,1.35461,1,1
27.08.2021 01:03:17.240,1.35478,1.3546200000000002,1.5,1
27.08.2021 01:03:21.442,1.35479,1.3546200000000002,1,1
27.08.2021 01:03:21.543,1.35479,1.35464,1,1
27.08.2021 01:03:28.312,1.35479,1.35461,1,1.1
27.08.2021 01:03:50.145,1.35479,1.3546200000000002,1,1
27.08.2021 01:03:50.245,1.35481,1.35464,1,1
27.08.2021 01:03:51.535,1.35481,1.3546600000000002,1,1.5
27.08.2021 01:03:54.214,1.35479,1.35464,1,1.1
27.08.2021 01:03:54.315,1.3548200000000001,1.3546500000000001,1,1
27.08.2021 01:04:01.913,1.3548,1.35463,1,1.1
27.08.2021 01:04:07.144,1.35479,1.3546200000000002,1,1
27.08.2021 01:04:07.295,1.35477,1.3546200000000002,1,1
27.08.2021 01:04:12.850,1.3547500000000001,1.3546,1,1.87
27.08.2021 01:04:13.102,1.35477,1.3546200000000002,1,1
27.08.2021 01:04:13.205,1.3547500000000001,1.3546,1,1.87
27.08.2021 01:04:14.330,1.35479,1.3546200000000002,1,1
27.08.2021 01:04:14.431,1.35478,1.3546500000000001,1,1
27.08.2021 01:04:14.532,1.3548,1.35464,1,1
27.08.2021 01:04:14.733,1.35479,1.35464,1,1
27.08.2021 01:04:15.165,1.35481,1.35464,1,1.57
27.08.2021 01:04:15.266,1.3548200000000001,1.35467,1,1
27.08.2021 01:04:16.372,1.35484,1.35467,1,1
27.08.2021 01:04:17.158,1.35483,1.35469,1,1
27.08.2021 01:04:23.305,1.35483,1.3547,1,1
27.08.2021 01:04:24.124,1.3548600000000002,1.35469,1,1.5
27.08.2021 01:04:24.275,1.3548600000000002,1.3547,1,1
27.08.2021 01:04:24.393,1.3548600000000002,1.35471,1.5,1
27.08.2021 01:04:25.034,1.3548700000000002,1.35471,1.5,1
27.08.2021 01:04:27.101,1.3548700000000002,1.3547,1.5,1.5
27.08.2021 01:04:31.441,1.3548600000000002,1.3547200000000001,1.5,1
27.08.2021 01:04:32.014,1.3548600000000002,1.35473,1.5,1.5
27.08.2021 01:04:32.504,1.35489,1.35473,1,1
27.08.2021 01:04:34.340,1.35488,1.3547500000000001,1,1
27.08.2021 01:04:34.882,1.3549,1.35474,1,1
27.08.2021 01:04:39.061,1.35488,1.35474,1,1
27.08.2021 01:04:39.163,1.35488,1.3547200000000001,1,1.5
27.08.2021 01:04:42.842,1.3548700000000002,1.3547200000000001,1,1.5
27.08.2021 01:04:49.016,1.3548600000000002,1.35471,1,1.5
27.08.2021 01:04:50.545,1.3548600000000002,1.3547200000000001,1,1
27.08.2021 01:04:59.361,1.3548700000000002,1.35473,1,1
27.08.2021 01:05:00.838,1.35488,1.35473,1,1
27.08.2021 01:05:02.377,1.35488,1.35474,1,1
27.08.2021 01:05:15.035,1.35488,1.35473,1,1
27.08.2021 01:05:15.447,1.3548700000000002,1.35473,1,1
27.08.2021 01:05:21.809,1.3548600000000002,1.35473,1,1
27.08.2021 01:05:21.973,1.3548600000000002,1.3547200000000001,1,1
27.08.2021 01:05:22.074,1.3548600000000002,1.35471,1,1
27.08.2021 01:05:26.564,1.35485,1.3546799999999999,1,2.7
27.08.2021 01:05:26.665,1.35483,1.3546799999999999,1,1.62
27.08.2021 01:05:26.840,1.35483,1.3546600000000002,1,2.75
27.08.2021 01:05:26.891,1.35483,1.3546600000000002,1,1
27.08.2021 01:05:27.042,1.35481,1.35464,1,1.1
27.08.2021 01:05:27.658,1.35479,1.35464,1,2.32
27.08.2021 01:05:28.358,1.35479,1.35463,1,1.2
27.08.2021 01:05:45.677,1.35477,1.3546200000000002,1,1
27.08.2021 01:05:46.130,1.3547500000000001,1.3546,1,1.1
27.08.2021 01:05:46.231,1.35474,1.35459,1,1.95
27.08.2021 01:06:02.965,1.35473,1.3545600000000002,1,1.5
27.08.2021 01:06:03.116,1.35469,1.35454,1,1
27.08.2021 01:06:03.217,1.35469,1.35451,1,2.45
27.08.2021 01:06:03.267,1.3546799999999999,1.3545200000000002,1,2.25
27.08.2021 01:06:11.906,1.3546799999999999,1.35453,1,1.2
27.08.2021 01:06:11.956,1.35471,1.3545600000000002,1,1
27.08.2021 01:06:14.216,1.35473,1.3545600000000002,1,1
27.08.2021 01:06:23.243,1.35469,1.3545600000000002,1,1
27.08.2021 01:06:23.344,1.35467,1.3545600000000002,1,1
27.08.2021 01:06:23.675,1.3546799999999999,1.35451,1,3.57
27.08.2021 01:06:23.927,1.35467,1.3545200000000002,1,1.12
27.08.2021 01:06:40.125,1.3546500000000001,1.35451,1,1
27.08.2021 01:06:55.813,1.3546799999999999,1.35451,1,1
27.08.2021 01:06:55.941,1.35469,1.3545200000000002,1,1
27.08.2021 01:06:55.991,1.35471,1.35454,1,1
27.08.2021 01:06:56.092,1.3547200000000001,1.3545500000000001,1,1
27.08.2021 01:06:56.295,1.35473,1.35458,1,1
27.08.2021 01:06:57.088,1.3547500000000001,1.3546,1,1
27.08.2021 01:06:57.189,1.3547600000000002,1.35461,1,1
27.08.2021 01:06:57.390,1.35478,1.35461,1,1
27.08.2021 01:06:57.944,1.35478,1.35463,1,1
27.08.2021 01:07:06.674,1.35478,1.35461,1,1
27.08.2021 01:07:06.733,1.3547600000000002,1.3546,1,1.57
27.08.2021 01:07:06.851,1.3547600000000002,1.35459,1,3.82
27.08.2021 01:07:07.134,1.35474,1.3546,1,2.25
27.08.2021 01:07:07.235,1.3547500000000001,1.3546,1,1.5
27.08.2021 01:07:07.611,1.35474,1.35459,1,1.2
27.08.2021 01:07:09.477,1.3547200000000001,1.35458,1,1
27.08.2021 01:07:09.913,1.35471,1.3545600000000002,1,3.2
27.08.2021 01:07:09.964,1.3547200000000001,1.3545500000000001,1,1.12
27.08.2021 01:07:17.109,1.35469,1.35454,1,1.7
27.08.2021 01:07:17.210,1.35469,1.35454,1,1.12
27.08.2021 01:07:17.361,1.35471,1.35454,1,1.1
27.08.2021 01:07:17.462,1.3547200000000001,1.35459,1,1
27.08.2021 01:07:17.513,1.3547200000000001,1.35457,1,1
27.08.2021 01:07:17.942,1.35473,1.35458,1,1
27.08.2021 01:07:18.186,1.35473,1.35457,1,1.1
27.08.2021 01:07:24.753,1.35474,1.35458,1,1
27.08.2021 01:07:29.422,1.35473,1.35457,1,3
27.08.2021 01:07:29.628,1.35473,1.3545600000000002,1,1.5
27.08.2021 01:07:34.480,1.35473,1.35458,1,1
27.08.2021 01:07:36.098,1.3547200000000001,1.35457,1,1.5
27.08.2021 01:07:36.358,1.35473,1.35458,1,1
27.08.2021 01:07:36.509,1.35474,1.35458,1,1
27.08.2021 01:07:42.699,1.35473,1.35457,1,1.87
27.08.2021 01:07:43.213,1.3547200000000001,1.35457,1,1.5
27.08.2021 01:07:46.332,1.35473,1.3545500000000001,1,2.25
27.08.2021 01:07:48.544,1.35471,1.35454,1,1.5
27.08.2021 01:07:48.645,1.35469,1.35454,1,1
27.08.2021 01:07:59.720,1.3546799999999999,1.35453,1,3.95
27.08.2021 01:08:00.697,1.3546799999999999,1.35453,1,3.87
27.08.2021 01:08:02.722,1.3546799999999999,1.35453,1,3.87
27.08.2021 01:08:04.700,1.3546799999999999,1.35453,1,2.37
27.08.2021 01:08:05.746,1.3546799999999999,1.35453,1,2
27.08.2021 01:08:20.479,1.3547,1.3545500000000001,1,2
27.08.2021 01:08:20.580,1.35473,1.3545600000000002,1,1.5
27.08.2021 01:08:21.893,1.35474,1.35458,1,1
27.08.2021 01:08:24.164,1.3547600000000002,1.3546,1,1
27.08.2021 01:08:24.893,1.35478,1.3546200000000002,1,1
27.08.2021 01:08:43.754,1.3548200000000001,1.3546600000000002,1,1
27.08.2021 01:08:43.856,1.3548600000000002,1.35469,1,1
27.08.2021 01:08:44.209,1.3548600000000002,1.3547200000000001,1,1
27.08.2021 01:08:44.479,1.3548600000000002,1.35469,1,1
27.08.2021 01:08:48.626,1.3548700000000002,1.3547200000000001,1,1
27.08.2021 01:08:48.878,1.35488,1.35474,1,1
27.08.2021 01:09:04.166,1.3548700000000002,1.3547200000000001,1,1
27.08.2021 01:09:13.146,1.3548700000000002,1.35469,1,1.2
27.08.2021 01:09:13.196,1.35488,1.35471,1,1
27.08.2021 01:09:17.969,1.3548600000000002,1.35469,1,2.07
27.08.2021 01:09:18.384,1.35488,1.35471,1,1
27.08.2021 01:10:04.766,1.35488,1.35474,1,1
27.08.2021 01:10:07.060,1.3548700000000002,1.35471,1,1
27.08.2021 01:10:07.161,1.35485,1.35471,1,1.12
27.08.2021 01:10:09.632,1.35484,1.35469,1,1
27.08.2021 01:10:12.766,1.35483,1.3546799999999999,1,1
27.08.2021 01:10:23.713,1.35483,1.3546600000000002,1,1
27.08.2021 01:10:24.156,1.35483,1.3546500000000001,1,1
27.08.2021 01:10:24.700,1.35481,1.35464,1,1
27.08.2021 01:10:27.323,1.3548,1.35463,1,1
27.08.2021 01:10:27.424,1.35478,1.35461,1,1
27.08.2021 01:10:40.746,1.35477,1.3546,1,1
27.08.2021 01:10:52.647,1.3547600000000002,1.35459,1,1
27.08.2021 01:10:52.748,1.35473,1.35458,1,1
27.08.2021 01:10:53.172,1.35474,1.3545500000000001,1,1.5
27.08.2021 01:10:53.453,1.35474,1.3545500000000001,1,1
27.08.2021 01:11:02.415,1.35471,1.3545600000000002,1,1.12
27.08.2021 01:11:37.261,1.3547200000000001,1.3545500000000001,1,1.5
27.08.2021 01:11:37.362,1.3547,1.3545500000000001,1,1.5
27.08.2021 01:11:38.326,1.35471,1.35454,1,1.5
27.08.2021 01:11:48.645,1.35469,1.35454,1,1.5
27.08.2021 01:11:49.380,1.3547,1.35453,1,1.5
27.08.2021 01:11:49.725,1.3547,1.3545600000000002,1.12,1.5
27.08.2021 01:11:50.378,1.3547,1.3545600000000002,1,1.12
27.08.2021 01:12:07.228,1.35471,1.35457,1,1
27.08.2021 01:12:07.329,1.35474,1.35458,1,1
27.08.2021 01:12:10.265,1.35474,1.3546,1,1
27.08.2021 01:12:45.318,1.35477,1.35461,1,1
27.08.2021 01:12:45.769,1.35478,1.3546200000000002,1,1
27.08.2021 01:12:53.669,1.35474,1.3546,1,1.12
27.08.2021 01:12:53.770,1.35473,1.35459,1,1
27.08.2021 01:13:01.346,1.35471,1.3545600000000002,1,1.12
27.08.2021 01:13:02.269,1.3547,1.3545500000000001,1,1.5
27.08.2021 01:13:02.370,1.35469,1.35454,1,1.62
27.08.2021 01:13:04.183,1.3547,1.3545600000000002,1,1
27.08.2021 01:13:04.285,1.35471,1.35457,1,1
27.08.2021 01:13:11.414,1.3547,1.3545500000000001,1,1.12
27.08.2021 01:13:11.465,1.35471,1.35454,1,1.5
27.08.2021 01:13:11.616,1.35471,1.35454,1,1.5
27.08.2021 01:13:21.779,1.35471,1.35454,1,1.5
27.08.2021 01:13:22.748,1.35471,1.35454,1,1.5
27.08.2021 01:13:25.471,1.35471,1.35454,1,1.5
27.08.2021 01:13:32.164,1.35471,1.35457,1,1
27.08.2021 01:13:59.339,1.35469,1.3545500000000001,1,1.5
27.08.2021 01:14:00.300,1.35469,1.3545500000000001,1,1
27.08.2021 01:14:06.954,1.35469,1.35453,1,1
27.08.2021 01:14:07.525,1.35463,1.35449,1,2.25
27.08.2021 01:14:07.626,1.35463,1.35447,1,1
27.08.2021 01:14:07.777,1.3546,1.35446,1,1.5
27.08.2021 01:14:07.906,1.35461,1.3544500000000002,1,1
27.08.2021 01:14:30.039,1.3546200000000002,1.35446,1,1
27.08.2021 01:14:30.391,1.35464,1.35448,1,1
27.08.2021 01:14:30.502,1.35464,1.3545,1,1
27.08.2021 01:14:45.169,1.3546600000000002,1.3545,1,1
27.08.2021 01:14:50.213,1.3546600000000002,1.35449,1,1
27.08.2021 01:14:50.558,1.35463,1.35448,1,1.87
27.08.2021 01:14:53.212,1.35464,1.3545,1,1
27.08.2021 01:15:05.155,1.3546600000000002,1.3545,1,1
27.08.2021 01:15:07.228,1.35464,1.35448,1,1
27.08.2021 01:15:10.021,1.35461,1.35447,1,1.5
27.08.2021 01:15:10.586,1.35461,1.35446,1,1.12
27.08.2021 01:15:11.101,1.3546,1.3544500000000002,1,1.5
27.08.2021 01:15:11.967,1.35461,1.35444,1,1.12
27.08.2021 01:15:12.496,1.35457,1.3544200000000002,1,3.5
27.08.2021 01:15:12.748,1.35459,1.3544200000000002,1,2
27.08.2021 01:15:12.967,1.35458,1.35443,1,2
27.08.2021 01:15:17.413,1.3545600000000002,1.35443,1,1.5
27.08.2021 01:15:17.664,1.3545500000000001,1.3544100000000001,1,1.1
27.08.2021 01:15:17.715,1.35454,1.35437,1,1.5
27.08.2021 01:15:17.816,1.3545,1.35433,1,2.07
27.08.2021 01:15:17.917,1.35449,1.35434,1,1.6
27.08.2021 01:15:18.068,1.35448,1.3543100000000001,1,1.5
27.08.2021 01:15:18.118,1.35448,1.3543100000000001,1,1
27.08.2021 01:15:18.169,1.3545,1.35429,1,1.12
27.08.2021 01:15:18.471,1.3545,1.3543,1,1
27.08.2021 01:15:19.884,1.3545,1.3543200000000002,1,1
27.08.2021 01:15:23.527,1.3545,1.3543200000000002,1,1.5
27.08.2021 01:15:25.945,1.3545200000000002,1.35433,1,1.12
27.08.2021 01:15:26.328,1.3545200000000002,1.3543500000000002,1,1.57
27.08.2021 01:15:26.378,1.3545200000000002,1.35437,1,1
27.08.2021 01:15:26.730,1.35454,1.35438,1,1
27.08.2021 01:15:27.819,1.3545500000000001,1.35437,1,3.85
27.08.2021 01:15:33.759,1.35454,1.35438,1,1.12
27.08.2021 01:15:33.910,1.35454,1.35436,1,2
27.08.2021 01:15:34.012,1.35453,1.35437,1,1.87
27.08.2021 01:15:35.814,1.35453,1.3543500000000002,1,1.12
27.08.2021 01:15:35.864,1.3544500000000002,1.3543200000000002,1,2.37
27.08.2021 01:15:35.965,1.3544500000000002,1.3543100000000001,1,1
27.08.2021 01:15:36.016,1.35449,1.35429,1,1
27.08.2021 01:15:36.168,1.35448,1.3543200000000002,1,1
27.08.2021 01:15:37.228,1.35449,1.3543,1,1.5
27.08.2021 01:15:38.510,1.35447,1.3543100000000001,1,2.25
27.08.2021 01:15:46.104,1.3544500000000002,1.3543100000000001,1,1
27.08.2021 01:15:47.219,1.3544500000000002,1.35429,1,1
27.08.2021 01:15:47.507,1.3544500000000002,1.35428,1,1
27.08.2021 01:15:48.044,1.3544500000000002,1.35427,1,1.87
27.08.2021 01:15:51.621,1.35444,1.35429,1,1.5
27.08.2021 01:15:52.160,1.35444,1.3543,1,1
27.08.2021 01:15:53.313,1.3544500000000002,1.3543,1,1.5
27.08.2021 01:15:53.795,1.35446,1.3543,1,1
27.08.2021 01:15:53.950,1.35448,1.3543100000000001,1,1.5
27.08.2021 01:15:55.955,1.35446,1.3543,1,1
27.08.2021 01:15:57.904,1.3544500000000002,1.3543,1,1
27.08.2021 01:16:00.356,1.35447,1.35429,1,1
27.08.2021 01:16:02.038,1.35447,1.3543,1,1
27.08.2021 01:16:02.267,1.35447,1.3543100000000001,1,1
27.08.2021 01:16:02.369,1.35448,1.3543200000000002,1,1
27.08.2021 01:16:02.470,1.3545200000000002,1.3543500000000002,1,1
27.08.2021 01:16:02.672,1.35451,1.35433,1,1
27.08.2021 01:16:02.773,1.35451,1.3543100000000001,1,1.57
27.08.2021 01:16:02.974,1.35451,1.3543,1,2.32
27.08.2021 01:16:03.083,1.35451,1.35433,1,1
27.08.2021 01:16:03.190,1.3545,1.3543200000000002,1,1
27.08.2021 01:16:03.291,1.3545,1.3543,1,1.5
27.08.2021 01:16:06.359,1.35449,1.35433,1,1
27.08.2021 01:16:06.510,1.3545,1.3543200000000002,1,1.5
27.08.2021 01:16:06.888,1.3545,1.3543200000000002,1,1.5
27.08.2021 01:16:07.181,1.35448,1.35433,1,1.5
27.08.2021 01:16:07.282,1.35448,1.35433,1,1.12
27.08.2021 01:16:07.384,1.35447,1.3543,1,1.62
27.08.2021 01:16:07.435,1.35449,1.35433,1,1
27.08.2021 01:16:07.486,1.3545200000000002,1.3543500000000002,1,1
27.08.2021 01:16:07.646,1.3545200000000002,1.35437,1,1
27.08.2021 01:16:08.250,1.35454,1.35438,1.2,1
27.08.2021 01:16:11.520,1.3545600000000002,1.35438,1.7,1
27.08.2021 01:16:17.580,1.35457,1.35439,1.1,1
27.08.2021 01:16:17.631,1.35459,1.35439,2.85,1
27.08.2021 01:16:19.063,1.35459,1.35437,2.85,1
27.08.2021 01:16:19.251,1.3546,1.35436,1.72,1
27.08.2021 01:16:19.504,1.35458,1.35437,2.07,1
27.08.2021 01:16:19.554,1.35459,1.3544,2.07,1
27.08.2021 01:16:19.756,1.35458,1.3544200000000002,2.07,1
27.08.2021 01:16:19.857,1.3546,1.35443,4.35,1
27.08.2021 01:16:19.957,1.3546,1.35443,2.1,1
27.08.2021 01:16:20.109,1.35458,1.35443,1.1,1
27.08.2021 01:16:20.260,1.35459,1.35444,1.12,1
27.08.2021 01:16:20.588,1.3546200000000002,1.3544,4.72,1
27.08.2021 01:16:20.639,1.35461,1.35443,1.1,1
27.08.2021 01:16:20.891,1.35463,1.3544500000000002,3.97,1
27.08.2021 01:16:20.992,1.35463,1.35447,1.6,1
27.08.2021 01:16:21.211,1.35463,1.35444,2.85,1
27.08.2021 01:16:27.830,1.35463,1.3544500000000002,1.6,1
27.08.2021 01:16:28.511,1.35464,1.35448,1.6,1
27.08.2021 01:16:28.612,1.3546500000000001,1.35448,1.1,1
27.08.2021 01:16:28.663,1.3546500000000001,1.35448,1,1
27.08.2021 01:16:29.072,1.3546500000000001,1.35449,1,1
27.08.2021 01:16:29.173,1.3546600000000002,1.3545,1.6,1
27.08.2021 01:16:30.137,1.3546600000000002,1.3545,1.2,1
27.08.2021 01:16:36.773,1.3546600000000002,1.3545,1.1,1
27.08.2021 01:16:39.125,1.3546799999999999,1.35449,1.7,1
27.08.2021 01:16:41.425,1.35467,1.35449,1,1
27.08.2021 01:16:41.526,1.3546799999999999,1.35449,3.2,1
27.08.2021 01:16:48.796,1.3546600000000002,1.3545,1,1
27.08.2021 01:16:55.503,1.3546500000000001,1.35448,1,1
27.08.2021 01:16:55.643,1.3546600000000002,1.35449,1,1
27.08.2021 01:16:56.268,1.3546600000000002,1.3545200000000002,1,1
27.08.2021 01:16:56.419,1.3547,1.35454,1.6,1
27.08.2021 01:16:56.520,1.3546799999999999,1.3545200000000002,1.87,1
27.08.2021 01:17:06.329,1.35469,1.35454,1.1,1
27.08.2021 01:17:07.904,1.35471,1.35454,1.2,1
27.08.2021 01:17:08.156,1.3547200000000001,1.3545600000000002,1.5,1
27.08.2021 01:17:09.020,1.3547200000000001,1.3545600000000002,1,1
27.08.2021 01:17:09.121,1.35474,1.35457,1.5,1
27.08.2021 01:17:13.341,1.3547500000000001,1.3546,1.7,1
27.08.2021 01:17:15.220,1.3547600000000002,1.35459,1.5,1
27.08.2021 01:17:17.499,1.35474,1.35458,1,1
27.08.2021 01:17:52.084,1.3547500000000001,1.3546,1.12,1
27.08.2021 01:17:52.688,1.35474,1.35458,1,1
27.08.2021 01:18:02.474,1.35474,1.35457,1.12,1
27.08.2021 01:18:40.158,1.3547200000000001,1.35457,1,1
27.08.2021 01:19:16.860,1.35471,1.3545500000000001,1,1
27.08.2021 01:19:28.593,1.35467,1.35453,1,1
27.08.2021 01:19:28.694,1.35467,1.3545200000000002,1,1
27.08.2021 01:19:45.192,1.35467,1.3545,1,1
27.08.2021 01:19:45.293,1.3546600000000002,1.3545,1,1.12
27.08.2021 01:19:50.440,1.3546500000000001,1.35448,1,1
27.08.2021 01:19:50.541,1.35464,1.35448,1,1
27.08.2021 01:19:50.794,1.3546500000000001,1.35448,1,1
27.08.2021 01:19:50.895,1.3546500000000001,1.35447,1,1.5
27.08.2021 01:20:10.631,1.35463,1.35448,1,1
27.08.2021 01:20:10.916,1.35463,1.35447,1,1
27.08.2021 01:20:38.178,1.3546200000000002,1.3544500000000002,1,1
27.08.2021 01:20:42.708,1.35459,1.35444,1,1
27.08.2021 01:20:44.025,1.35459,1.3544200000000002,1,1
27.08.2021 01:20:44.541,1.35458,1.3544,1,1
27.08.2021 01:20:49.732,1.35457,1.3544,1,1
27.08.2021 01:20:54.700,1.3545500000000001,1.3544,1,1
27.08.2021 01:21:10.709,1.35453,1.35439,1,1
27.08.2021 01:21:45.424,1.35454,1.35439,1,1
27.08.2021 01:21:47.065,1.35454,1.3544,1,1
27.08.2021 01:21:54.554,1.35453,1.35437,1,1
27.08.2021 01:21:54.655,1.35453,1.35437,1,1.5
27.08.2021 01:21:55.544,1.35453,1.35437,1,1.12
27.08.2021 01:22:09.639,1.35451,1.35437,1,1.12
27.08.2021 01:22:46.420,1.3545200000000002,1.35438,1,1
27.08.2021 01:22:50.576,1.3545500000000001,1.35439,1,1
27.08.2021 01:22:52.204,1.3545200000000002,1.35438,1,1.12
27.08.2021 01:22:55.857,1.35454,1.3544,1,1
27.08.2021 01:22:56.058,1.3545500000000001,1.3544100000000001,1,1
27.08.2021 01:22:56.389,1.35458,1.3544200000000002,1.87,1
27.08.2021 01:22:56.490,1.35461,1.3544500000000002,1.12,1
27.08.2021 01:23:32.561,1.35458,1.35444,1,1.12
27.08.2021 01:23:56.272,1.35461,1.3544500000000002,1,1
27.08.2021 01:23:56.474,1.3546500000000001,1.35451,1.12,1
27.08.2021 01:23:56.575,1.35469,1.35453,1,1
27.08.2021 01:23:56.826,1.35469,1.3545500000000001,1,1
27.08.2021 01:23:56.927,1.35471,1.35457,1,1
27.08.2021 01:23:57.029,1.3547200000000001,1.35458,1,1
27.08.2021 01:23:57.130,1.3547500000000001,1.35461,1,1
27.08.2021 01:23:58.582,1.3547200000000001,1.35458,1,1
27.08.2021 01:24:02.076,1.3547200000000001,1.35457,1,1.1
27.08.2021 01:24:02.177,1.35471,1.35457,1,1.1
27.08.2021 01:24:02.300,1.35473,1.35457,1,1
27.08.2021 01:24:06.422,1.35471,1.35457,1,1.5
27.08.2021 01:24:07.334,1.35471,1.35457,1,1.12
27.08.2021 01:24:25.453,1.35473,1.35457,1,1
27.08.2021 01:24:39.719,1.35474,1.35461,1,1
27.08.2021 01:24:39.820,1.35481,1.3546500000000001,1.5,1
27.08.2021 01:24:39.921,1.3548,1.3546600000000002,1.12,1
27.08.2021 01:24:40.122,1.3548,1.35464,1,1
27.08.2021 01:24:45.456,1.35481,1.3546500000000001,1,1
27.08.2021 01:25:18.187,1.35478,1.35464,1,1
27.08.2021 01:25:18.237,1.35477,1.35463,1.5,1.12
27.08.2021 01:25:18.288,1.35473,1.35459,1,2
27.08.2021 01:25:18.390,1.35471,1.35458,1,1
27.08.2021 01:25:18.682,1.35471,1.3545500000000001,1,1.12
27.08.2021 01:25:19.182,1.35469,1.3545500000000001,1,1.62
27.08.2021 01:25:19.528,1.35469,1.3545500000000001,1,1
27.08.2021 01:25:57.126,1.35469,1.35453,1,1
27.08.2021 01:25:57.227,1.35467,1.35451,1,1
27.08.2021 01:25:57.484,1.3546600000000002,1.35449,1,1
27.08.2021 01:25:57.585,1.35464,1.35449,1,1
27.08.2021 01:25:57.812,1.3546200000000002,1.35447,1,1
27.08.2021 01:25:58.014,1.3546200000000002,1.3544500000000002,1,3.75
27.08.2021 01:25:58.539,1.35461,1.35444,1,1
27.08.2021 01:26:02.434,1.35458,1.35444,1,1
27.08.2021 01:27:00.947,1.3545600000000002,1.3544100000000001,1,2.7
27.08.2021 01:27:01.793,1.3545600000000002,1.35439,1,1.12
27.08.2021 01:27:18.023,1.3545600000000002,1.3544,1,1
27.08.2021 01:27:18.174,1.35458,1.3544100000000001,1,1
27.08.2021 01:27:18.818,1.3546,1.35443,1,1
27.08.2021 01:27:19.359,1.3546,1.3544500000000002,1,1
27.08.2021 01:27:22.595,1.35463,1.35446,1,1
27.08.2021 01:27:22.747,1.35464,1.35449,1,1
27.08.2021 01:27:38.253,1.35463,1.35446,1,1.62
27.08.2021 01:27:38.474,1.3546200000000002,1.35447,1,1.12
27.08.2021 01:27:45.857,1.3546200000000002,1.3544500000000002,1,1
27.08.2021 01:27:53.033,1.35463,1.35446,1,1
27.08.2021 01:28:00.681,1.3546200000000002,1.35448,1,1
27.08.2021 01:28:00.782,1.35464,1.35449,1,1
27.08.2021 01:28:01.187,1.3546600000000002,1.35449,1,1
27.08.2021 01:28:16.465,1.3546500000000001,1.35451,1,1
27.08.2021 01:28:16.667,1.3546500000000001,1.3545,1,1.5
27.08.2021 01:28:44.263,1.3546500000000001,1.35448,1,1.12
27.08.2021 01:28:44.857,1.35463,1.35447,1,1
27.08.2021 01:28:45.121,1.3546200000000002,1.35446,1,1.5
27.08.2021 01:28:45.359,1.3546200000000002,1.3544500000000002,1,1
27.08.2021 01:28:58.426,1.3546200000000002,1.35446,1,1
27.08.2021 01:28:58.579,1.3546200000000002,1.35447,1,1
27.08.2021 01:29:01.328,1.3546200000000002,1.3544500000000002,1,1
27.08.2021 01:29:07.983,1.35463,1.35446,1,1
27.08.2021 01:29:15.123,1.35463,1.35448,1,1
27.08.2021 01:29:44.093,1.35464,1.3545,1,1
27.08.2021 01:30:02.669,1.3546500000000001,1.35451,1,1
27.08.2021 01:30:02.788,1.35467,1.35453,1,1
27.08.2021 01:30:02.839,1.3546600000000002,1.3545,1,1
27.08.2021 01:30:03.041,1.3546799999999999,1.35451,1,1
27.08.2021 01:30:03.319,1.35467,1.3545,1,1
27.08.2021 01:30:17.259,1.3546500000000001,1.3545,1,1.12
27.08.2021 01:30:19.262,1.35464,1.35449,1,1
27.08.2021 01:30:19.413,1.3546200000000002,1.35447,1,1
27.08.2021 01:30:19.615,1.35461,1.35444,1,1.5
27.08.2021 01:30:20.133,1.3546,1.35443,1,1
27.08.2021 01:30:20.559,1.35458,1.3544200000000002,1,1
27.08.2021 01:30:29.001,1.3546,1.35443,1,1
27.08.2021 01:30:29.102,1.3546200000000002,1.35447,1,1
27.08.2021 01:30:29.220,1.35463,1.35447,1,1
27.08.2021 01:30:30.791,1.35464,1.35449,1,1
27.08.2021 01:30:40.952,1.35463,1.35446,1,1
27.08.2021 01:30:41.002,1.35463,1.35444,1,1.5
27.08.2021 01:30:41.555,1.3546,1.35444,1,1.5
27.08.2021 01:30:43.070,1.35459,1.3544200000000002,1,1.5
27.08.2021 01:30:43.890,1.35458,1.35443,1,1
27.08.2021 01:30:49.325,1.35458,1.3544,1,1.62
27.08.2021 01:30:49.868,1.35458,1.3544,1,1
27.08.2021 01:30:49.969,1.3545600000000002,1.35439,1,1.5
27.08.2021 01:30:54.745,1.3545600000000002,1.3544100000000001,1,1
27.08.2021 01:30:56.727,1.3545500000000001,1.35438,1,2
27.08.2021 01:30:56.778,1.35454,1.35436,1,2
27.08.2021 01:30:56.979,1.35454,1.35436,1,3.07
27.08.2021 01:30:57.394,1.35453,1.3543500000000002,1,1
27.08.2021 01:30:57.604,1.35451,1.3543500000000002,1,1
27.08.2021 01:30:57.755,1.35448,1.3543,1,1.5
27.08.2021 01:30:57.855,1.35447,1.3543,1,1
27.08.2021 01:30:58.258,1.35446,1.35429,1,1.5
27.08.2021 01:30:58.368,1.35446,1.35428,1,1.5
27.08.2021 01:30:58.545,1.35444,1.35427,1,1.87
27.08.2021 01:30:58.997,1.35444,1.35428,1,1.5
27.08.2021 01:31:01.238,1.3544500000000002,1.35428,1,1.5
27.08.2021 01:31:02.459,1.3544200000000002,1.35429,1,1
27.08.2021 01:31:02.572,1.35443,1.35427,1,1.12
27.08.2021 01:31:23.507,1.3544200000000002,1.35429,1,1
27.08.2021 01:31:23.963,1.3544200000000002,1.35428,1,1.87
27.08.2021 01:31:36.507,1.3544500000000002,1.35428,1,1.12
27.08.2021 01:31:36.609,1.35447,1.3543100000000001,1.5,1
27.08.2021 01:31:36.660,1.35449,1.3543200000000002,1,1.5
27.08.2021 01:31:36.811,1.3544500000000002,1.3543200000000002,1,1
27.08.2021 01:31:36.913,1.35448,1.35433,1,1.5
27.08.2021 01:31:37.014,1.3545,1.35433,1,1.5
27.08.2021 01:31:37.116,1.35451,1.35436,1,1
27.08.2021 01:31:37.217,1.35453,1.35438,1,1.5
27.08.2021 01:31:37.426,1.35454,1.35438,1,1.5
27.08.2021 01:31:43.741,1.35453,1.35437,1,1.12
27.08.2021 01:31:43.892,1.35453,1.35434,1,1.62
27.08.2021 01:31:43.993,1.35451,1.3543500000000002,1,1.62
27.08.2021 01:31:46.213,1.35453,1.35438,1,1.5
27.08.2021 01:31:46.314,1.3545600000000002,1.35439,1,1
27.08.2021 01:31:46.666,1.35457,1.3544,1,1
27.08.2021 01:31:46.918,1.3545600000000002,1.35439,1,1.62
27.08.2021 01:31:47.019,1.3545600000000002,1.35439,1,1.5
27.08.2021 01:31:47.170,1.35454,1.3544,1,1
27.08.2021 01:31:47.271,1.3545500000000001,1.35439,1,1
27.08.2021 01:31:52.444,1.35457,1.3544,1,1
27.08.2021 01:31:55.772,1.35454,1.35439,1,1.62
27.08.2021 01:31:55.973,1.35453,1.35439,1,1
27.08.2021 01:31:56.074,1.35453,1.35439,1,1
27.08.2021 01:32:06.044,1.35454,1.35437,1,2.37
27.08.2021 01:32:07.039,1.35453,1.35438,1,1.12
27.08.2021 01:32:07.869,1.35451,1.35437,1,1
27.08.2021 01:32:10.905,1.3545200000000002,1.3543500000000002,1,1.12
27.08.2021 01:32:12.636,1.35451,1.35433,1,2
27.08.2021 01:32:13.675,1.3545,1.35433,1,1.12
27.08.2021 01:32:13.966,1.35447,1.3543200000000002,1,1.12
27.08.2021 01:32:16.223,1.35448,1.35438,1,1
27.08.2021 01:32:16.325,1.3545500000000001,1.3544100000000001,1,1
27.08.2021 01:32:16.376,1.35454,1.35437,1,1.5
27.08.2021 01:32:16.477,1.35453,1.35439,1,1
27.08.2021 01:32:17.870,1.3545500000000001,1.35439,1,1
27.08.2021 01:32:17.921,1.35458,1.3544200000000002,1.87,1
27.08.2021 01:32:18.385,1.3545600000000002,1.3544,1,1
27.08.2021 01:32:22.160,1.3545600000000002,1.35439,1,1.12
27.08.2021 01:32:23.230,1.3545600000000002,1.3544100000000001,1,1
27.08.2021 01:32:23.331,1.35458,1.3544200000000002,1,1
27.08.2021 01:32:23.432,1.3545600000000002,1.35439,1,1.5
27.08.2021 01:32:24.977,1.35457,1.3544,1,1
27.08.2021 01:32:27.677,1.35457,1.35443,1,1
27.08.2021 01:32:27.913,1.3545600000000002,1.3544200000000002,1,1
27.08.2021 01:32:28.165,1.35458,1.3544200000000002,1,1
27.08.2021 01:32:45.829,1.35459,1.35443,1,1
27.08.2021 01:32:52.761,1.35458,1.3544200000000002,1,1
27.08.2021 01:32:53.091,1.3545600000000002,1.3544100000000001,1,1.5
27.08.2021 01:32:53.298,1.35457,1.35443,1,1
27.08.2021 01:32:53.500,1.35457,1.3544100000000001,1,1
27.08.2021 01:32:58.103,1.35457,1.3544200000000002,1,1
27.08.2021 01:32:58.563,1.35459,1.35443,1.12,1
27.08.2021 01:32:58.664,1.3546,1.35446,1,1
27.08.2021 01:32:58.815,1.3545600000000002,1.35443,1,3
27.08.2021 01:33:00.683,1.35457,1.3544100000000001,1,1.12
27.08.2021 01:33:07.244,1.3545600000000002,1.3544,1,1
27.08.2021 01:33:10.490,1.35457,1.3544100000000001,1,1
27.08.2021 01:33:15.948,1.3545600000000002,1.3544,1,1.12
27.08.2021 01:33:16.267,1.35453,1.35439,1,1.12
27.08.2021 01:33:18.725,1.3545500000000001,1.3544100000000001,1,1
27.08.2021 01:33:28.203,1.35454,1.3544,1,1
27.08.2021 01:33:36.175,1.35453,1.35437,1,1
27.08.2021 01:33:38.758,1.35451,1.35437,1,1
27.08.2021 01:33:38.859,1.3545,1.35434,1,1
27.08.2021 01:33:50.168,1.3545200000000002,1.35436,1,1
27.08.2021 01:33:50.420,1.35453,1.35439,1,1
27.08.2021 01:34:01.577,1.35454,1.35437,1,1
27.08.2021 01:34:01.806,1.35454,1.35438,1,1
27.08.2021 01:34:12.237,1.3545500000000001,1.35439,1,1
27.08.2021 01:34:26.412,1.35457,1.3544200000000002,1,1
27.08.2021 01:34:26.513,1.3545600000000002,1.3544500000000002,1,1
27.08.2021 01:34:26.720,1.35459,1.3544500000000002,1,1
27.08.2021 01:34:30.601,1.35459,1.3544200000000002,1,1.5
27.08.2021 01:34:37.039,1.35457,1.3544200000000002,1,1.12
27.08.2021 01:34:39.356,1.3545500000000001,1.3544,1,1.12
27.08.2021 01:34:39.640,1.35454,1.35438,1,1.12
27.08.2021 01:34:43.123,1.35453,1.35436,1,2.25
27.08.2021 01:34:43.174,1.3545,1.3543500000000002,1,1.62
27.08.2021 01:34:43.395,1.35451,1.35434,1,1.62
27.08.2021 01:34:43.497,1.35449,1.3543500000000002,1,1
27.08.2021 01:34:43.859,1.35449,1.35433,1,1.62
27.08.2021 01:34:43.960,1.35448,1.3543100000000001,1,1.62
27.08.2021 01:34:44.011,1.35448,1.3543100000000001,1,1.62
27.08.2021 01:34:44.112,1.35447,1.3543200000000002,1,1.5
27.08.2021 01:34:44.928,1.35446,1.35429,1,1
27.08.2021 01:34:45.029,1.35446,1.35429,1,1
27.08.2021 01:34:45.230,1.3544500000000002,1.3543,1,1
27.08.2021 01:34:45.331,1.35446,1.3543,1,1.87
27.08.2021 01:34:45.772,1.35447,1.3543100000000001,1,1
27.08.2021 01:34:49.682,1.35447,1.3543,1,1.5
27.08.2021 01:34:50.881,1.3544500000000002,1.3543,1,1.12
27.08.2021 01:34:51.387,1.35443,1.35429,1,1.12
27.08.2021 01:34:51.608,1.35443,1.35427,1,1.62
27.08.2021 01:34:51.810,1.35443,1.35427,1,1.5
27.08.2021 01:34:52.934,1.35444,1.35427,1,1.12
27.08.2021 01:34:57.834,1.3544200000000002,1.35427,1,1.12
27.08.2021 01:34:58.050,1.3544200000000002,1.3542500000000002,1,1.12
27.08.2021 01:34:58.236,1.3544100000000001,1.35424,1,1.5
27.08.2021 01:35:04.784,1.3544,1.3542500000000002,1,1.12
27.08.2021 01:35:17.036,1.3544,1.35423,1,1.62
27.08.2021 01:35:17.314,1.3544,1.35423,1,1.12
27.08.2021 01:35:17.479,1.35439,1.35423,1,1.12
27.08.2021 01:35:40.447,1.35437,1.3542,1,1.12
27.08.2021 01:35:40.548,1.35434,1.35418,1,1.62
27.08.2021 01:35:40.649,1.3543500000000002,1.35417,1,1.62
27.08.2021 01:35:40.850,1.3543500000000002,1.35417,1,1.5
27.08.2021 01:35:41.386,1.35436,1.3542100000000001,1,1
27.08.2021 01:35:47.788,1.35433,1.35418,1,1
27.08.2021 01:35:47.889,1.35433,1.3541400000000001,1,1.62
27.08.2021 01:35:47.991,1.35433,1.35415,1,2.37
27.08.2021 01:35:48.142,1.35433,1.3541400000000001,1,1.62
27.08.2021 01:35:48.243,1.3543200000000002,1.35415,1,1.62
27.08.2021 01:35:51.490,1.3543200000000002,1.35415,1,1.5
27.08.2021 01:35:51.592,1.3543100000000001,1.35415,1,1.5
27.08.2021 01:35:57.786,1.3543,1.35413,1,1.87
27.08.2021 01:35:57.887,1.35429,1.3541100000000001,1,1.5
27.08.2021 01:35:57.988,1.3542200000000002,1.3541,1,1.5
27.08.2021 01:35:58.089,1.35423,1.35407,1,2
27.08.2021 01:35:58.190,1.3542200000000002,1.35408,1,2
27.08.2021 01:35:58.341,1.35423,1.35407,1,1.12
27.08.2021 01:35:59.063,1.35424,1.35409,1,1
27.08.2021 01:36:04.004,1.35424,1.35407,1,2.37
27.08.2021 01:36:04.105,1.3542100000000001,1.35407,1,1.5
27.08.2021 01:36:04.156,1.3542200000000002,1.35405,1,2.37
27.08.2021 01:36:04.529,1.35423,1.35406,1,1
27.08.2021 01:36:04.634,1.35424,1.35409,1,1
27.08.2021 01:36:08.709,1.35423,1.35406,1,2
27.08.2021 01:36:08.810,1.3542100000000001,1.35406,1,1.5
27.08.2021 01:36:11.065,1.35419,1.3540400000000001,1,1.5
27.08.2021 01:36:12.772,1.35419,1.35403,1,1
27.08.2021 01:36:13.024,1.35418,1.35403,1,1
27.08.2021 01:36:13.126,1.35418,1.3540200000000002,1,1
27.08.2021 01:36:17.319,1.35415,1.354,1,1
27.08.2021 01:36:28.808,1.3541400000000001,1.35398,1,1
27.08.2021 01:36:29.110,1.3541400000000001,1.354,1,1
27.08.2021 01:36:29.261,1.35417,1.3540100000000002,1,1
27.08.2021 01:36:29.613,1.35417,1.35403,1,1
27.08.2021 01:36:34.194,1.35416,1.3540100000000002,1,1.12
27.08.2021 01:36:36.609,1.35417,1.3540200000000002,1,1
27.08.2021 01:36:39.386,1.35419,1.3540200000000002,1,1
27.08.2021 01:36:42.960,1.35419,1.35405,1,1
27.08.2021 01:36:49.332,1.3542100000000001,1.35406,1,1
27.08.2021 01:36:49.805,1.35419,1.35405,1,1
27.08.2021 01:36:49.906,1.35419,1.35403,1,1
27.08.2021 01:36:50.381,1.35417,1.3540200000000002,1,1.12
27.08.2021 01:36:55.682,1.35416,1.3540100000000002,1,1
27.08.2021 01:36:56.680,1.35413,1.35399,1,1.87
27.08.2021 01:36:57.245,1.3541100000000001,1.35396,1,3.12
27.08.2021 01:36:57.601,1.3541200000000002,1.35395,1,1.5
27.08.2021 01:36:58.604,1.3541200000000002,1.35395,1,1.12
27.08.2021 01:36:59.774,1.3541,1.35395,1,1.12
27.08.2021 01:36:59.876,1.35409,1.35394,1,1
27.08.2021 01:36:59.977,1.35407,1.3539100000000002,1,1.5
27.08.2021 01:37:00.028,1.35409,1.3539100000000002,1,1.5
27.08.2021 01:37:00.487,1.35408,1.35393,1,1
27.08.2021 01:37:00.645,1.35407,1.3539200000000002,1,1.12
27.08.2021 01:37:06.380,1.35407,1.3539100000000002,1,1
27.08.2021 01:37:06.481,1.35409,1.3539100000000002,1,1
27.08.2021 01:37:08.736,1.35407,1.3539,1,1
27.08.2021 01:37:09.310,1.3540400000000001,1.35388,1,1.5
27.08.2021 01:37:09.411,1.35406,1.35389,1,1.12
27.08.2021 01:37:09.562,1.35408,1.3539100000000002,1,1
27.08.2021 01:37:09.815,1.35408,1.35393,1,1
27.08.2021 01:37:09.916,1.35409,1.35393,1,1
27.08.2021 01:37:10.017,1.3541,1.35393,1,1
27.08.2021 01:37:16.762,1.35408,1.3539100000000002,1,1
27.08.2021 01:37:16.863,1.35405,1.3539100000000002,1,1.12
27.08.2021 01:37:17.134,1.35407,1.35393,1,1
27.08.2021 01:37:17.441,1.35406,1.3539,1,1
27.08.2021 01:37:18.395,1.35407,1.3539200000000002,1,1
27.08.2021 01:37:18.842,1.35408,1.35393,1,1
27.08.2021 01:37:20.838,1.35407,1.3539100000000002,1,1
27.08.2021 01:37:27.123,1.35406,1.35389,1,1.12
27.08.2021 01:37:27.913,1.35405,1.3539100000000002,1,1
27.08.2021 01:37:28.230,1.35406,1.35389,1,1
27.08.2021 01:37:32.837,1.35403,1.35388,1,1
27.08.2021 01:37:32.938,1.3540100000000002,1.35386,1,1
27.08.2021 01:37:33.039,1.3540400000000001,1.35386,1,1.12
27.08.2021 01:37:33.302,1.35405,1.35388,1,1
27.08.2021 01:37:33.661,1.35406,1.3539,1,1
27.08.2021 01:37:35.312,1.35407,1.3539200000000002,1,1
27.08.2021 01:37:41.096,1.35405,1.3539100000000002,1,1
27.08.2021 01:37:41.611,1.35407,1.3539100000000002,1,1
27.08.2021 01:37:41.874,1.35408,1.35393,1,1
27.08.2021 01:37:42.045,1.35408,1.3539200000000002,1,1
27.08.2021 01:37:42.247,1.35406,1.35393,1,1
27.08.2021 01:37:42.531,1.35408,1.3539200000000002,1,1
27.08.2021 01:37:42.632,1.35405,1.3539,1,1.62
27.08.2021 01:37:43.160,1.35406,1.35389,1,1
27.08.2021 01:37:44.792,1.35406,1.3539100000000002,1,1
27.08.2021 01:37:45.043,1.35406,1.3539200000000002,1,1
27.08.2021 01:37:45.144,1.35406,1.3539100000000002,1,1.12
27.08.2021 01:37:46.538,1.35409,1.3539200000000002,1,1
27.08.2021 01:37:46.740,1.35407,1.3539,1,1
27.08.2021 01:37:57.316,1.35403,1.3539,1,1
27.08.2021 01:37:57.972,1.35405,1.3539,1,1.12
27.08.2021 01:37:59.084,1.35407,1.35389,1,1.12
27.08.2021 01:37:59.325,1.35407,1.3539200000000002,1,1
27.08.2021 01:38:02.234,1.35406,1.35389,1,1.5
27.08.2021 01:38:02.564,1.35406,1.3539,1,1.5
27.08.2021 01:38:02.779,1.35407,1.3539100000000002,1,1
27.08.2021 01:38:02.930,1.35408,1.3539200000000002,1,1
27.08.2021 01:38:16.632,1.35409,1.35395,1.87,1
27.08.2021 01:38:25.673,1.3541200000000002,1.35396,1.87,1
27.08.2021 01:38:33.076,1.3541,1.35394,1,1.5
27.08.2021 01:39:45.330,1.35409,1.3539200000000002,1,1
27.08.2021 01:39:45.431,1.35408,1.3539200000000002,1,1.5
27.08.2021 01:39:45.533,1.35407,1.3539100000000002,1,1.2
27.08.2021 01:39:45.634,1.35406,1.3539,1.5,1.5
27.08.2021 01:39:45.887,1.35406,1.3539200000000002,1,1
27.08.2021 01:39:45.938,1.35406,1.35389,1,1
27.08.2021 01:39:47.565,1.3540400000000001,1.35388,1,1.5
27.08.2021 01:39:48.319,1.3540400000000001,1.3538700000000001,1,1.12
27.08.2021 01:39:53.576,1.3540200000000002,1.35385,1,1.12
27.08.2021 01:39:57.209,1.35408,1.3539100000000002,1.72,1
27.08.2021 01:39:57.360,1.35405,1.3539,1,1
27.08.2021 01:39:57.562,1.3540100000000002,1.3539,1,1
27.08.2021 01:39:57.786,1.35403,1.3539,1,1
27.08.2021 01:39:57.938,1.35403,1.35389,1,1
27.08.2021 01:39:59.077,1.3540200000000002,1.3539,1.62,1
27.08.2021 01:39:59.437,1.35403,1.35388,1.62,1
27.08.2021 01:40:00.044,1.3540100000000002,1.35389,1,1
27.08.2021 01:40:02.099,1.3540200000000002,1.3538700000000001,3.12,1
27.08.2021 01:40:04.980,1.3540200000000002,1.35386,3.12,1
27.08.2021 01:40:05.865,1.3540400000000001,1.35388,2,1
27.08.2021 01:40:06.833,1.3540400000000001,1.35388,1,1
27.08.2021 01:40:10.030,1.3540400000000001,1.3539,2.75,1
27.08.2021 01:40:10.131,1.3540400000000001,1.35393,1.5,1
27.08.2021 01:40:10.242,1.35405,1.3539100000000002,1,1
27.08.2021 01:40:10.343,1.35407,1.3539100000000002,1,1
27.08.2021 01:40:10.393,1.35408,1.35393,1.12,1
27.08.2021 01:40:10.545,1.35406,1.3539200000000002,1,1
27.08.2021 01:40:16.820,1.35409,1.3539200000000002,1,1
27.08.2021 01:40:16.870,1.35409,1.35395,1,1
27.08.2021 01:40:16.971,1.3541,1.35396,1,1
27.08.2021 01:40:34.863,1.3541200000000002,1.35398,1,1
27.08.2021 01:40:34.964,1.35415,1.35403,1.5,1
27.08.2021 01:40:35.014,1.35418,1.3540200000000002,2,1
27.08.2021 01:40:35.137,1.35418,1.3540200000000002,1.5,1
27.08.2021 01:40:35.338,1.35415,1.3540100000000002,1,1
27.08.2021 01:42:21.806,1.35417,1.35403,1,1
27.08.2021 01:42:33.232,1.35419,1.3540400000000001,1.12,1
27.08.2021 01:42:33.451,1.35418,1.35406,1.12,1
27.08.2021 01:42:33.602,1.3542100000000001,1.35405,1.12,1
27.08.2021 01:42:34.029,1.35423,1.35407,1.5,1
27.08.2021 01:42:34.130,1.35424,1.35409,1.5,1
27.08.2021 01:42:34.231,1.35424,1.3541,2,1
27.08.2021 01:42:34.566,1.3542500000000002,1.35409,1.12,1
27.08.2021 01:42:36.192,1.35424,1.3541,1.5,1
27.08.2021 01:42:37.227,1.35424,1.3541,1.12,1
27.08.2021 01:42:48.511,1.35423,1.35409,1,1
27.08.2021 01:42:48.682,1.3542500000000002,1.35409,1,1
27.08.2021 01:42:48.934,1.35423,1.35409,1,1
27.08.2021 01:42:49.397,1.3542500000000002,1.3541100000000001,1,1
27.08.2021 01:42:49.709,1.35423,1.35409,1,1
27.08.2021 01:42:50.090,1.3542500000000002,1.3541,1,1
27.08.2021 01:43:12.739,1.35424,1.35408,1,1
27.08.2021 01:43:13.304,1.3542100000000001,1.35407,1,1
27.08.2021 01:43:47.737,1.3542,1.35403,1,1
27.08.2021 01:43:48.385,1.3542,1.35405,1,1
27.08.2021 01:43:48.536,1.35423,1.35406,1,1
27.08.2021 01:43:48.749,1.35419,1.35405,1,1.12
27.08.2021 01:43:48.903,1.3542100000000001,1.35405,1,1.12
27.08.2021 01:43:49.096,1.3542100000000001,1.35406,1,1
27.08.2021 01:43:49.477,1.3542200000000002,1.35407,1,1
27.08.2021 01:43:50.111,1.35424,1.35409,1,1
27.08.2021 01:43:50.212,1.3542500000000002,1.3541100000000001,1,1
27.08.2021 01:43:50.363,1.3542,1.35406,1,1
27.08.2021 01:43:50.567,1.3542200000000002,1.35408,1,1
27.08.2021 01:43:50.668,1.3542500000000002,1.35407,1,1
27.08.2021 01:43:50.769,1.35424,1.35409,1,1
27.08.2021 01:43:50.884,1.35423,1.35408,1,1
27.08.2021 01:43:50.934,1.3542500000000002,1.35409,1,1
27.08.2021 01:43:51.035,1.3542200000000002,1.35405,1,1
27.08.2021 01:43:51.186,1.3542200000000002,1.35407,1,1
27.08.2021 01:44:01.253,1.35424,1.35407,1,1
27.08.2021 01:44:02.841,1.3542,1.35405,1,1.12
27.08.2021 01:44:03.342,1.3542200000000002,1.35405,1,1
27.08.2021 01:44:03.844,1.35423,1.35406,1,1
27.08.2021 01:44:03.995,1.3542,1.35405,1,1
27.08.2021 01:44:04.329,1.3542,1.35407,1,1
27.08.2021 01:44:04.379,1.3542200000000002,1.35407,1,1.5
27.08.2021 01:44:04.480,1.35426,1.35409,1,1
27.08.2021 01:44:04.631,1.35424,1.35407,1,1
27.08.2021 01:44:04.733,1.3542100000000001,1.35405,1,1
