Gmt time,Ask,Bid,AskVolume,BidVolume
20.08.2021 00:00:00.442,1.36493,1.3647600000000002,1,1
20.08.2021 00:00:01.026,1.36494,1.3647600000000002,1,1
20.08.2021 00:00:02.059,1.36491,1.36474,1,1
20.08.2021 00:00:02.985,1.3649,1.36474,1,1
20.08.2021 00:00:03.186,1.36488,1.3647200000000002,1,1
20.08.2021 00:00:10.811,1.36489,1.36474,1,1
20.08.2021 00:00:41.496,1.36491,1.36474,1,1
20.08.2021 00:00:41.547,1.3649200000000001,1.3648200000000001,1,1
20.08.2021 00:00:41.597,1.36491,1.3647600000000002,1,1
20.08.2021 00:00:41.701,1.36491,1.36484,1,1
20.08.2021 00:00:42.136,1.3649200000000001,1.3647500000000001,1,1
20.08.2021 00:00:56.921,1.36491,1.36474,1,1
20.08.2021 00:00:58.418,1.36493,1.3647799999999999,1,1
20.08.2021 00:00:58.519,1.36495,1.3647799999999999,1,1
20.08.2021 00:00:58.670,1.3649600000000002,1.3648,1,1
20.08.2021 00:00:58.922,1.3649700000000002,1.36481,1,1
20.08.2021 00:00:59.023,1.365,1.36484,1,1
20.08.2021 00:00:59.124,1.36501,1.3648600000000002,1,1
20.08.2021 00:00:59.174,1.36501,1.36484,1,1.5
20.08.2021 00:01:00.574,1.3650200000000001,1.3648600000000002,1,1
20.08.2021 00:01:01.095,1.36503,1.3648500000000001,1.5,1
20.08.2021 00:01:08.554,1.3650200000000001,1.3648600000000002,1.5,1
20.08.2021 00:01:16.554,1.3650200000000001,1.3648600000000002,1.12,1
20.08.2021 00:01:19.757,1.36501,1.3648600000000002,1,1
20.08.2021 00:01:22.323,1.36499,1.3648500000000001,1,1
20.08.2021 00:01:23.287,1.36498,1.36483,1,1
20.08.2021 00:01:23.718,1.365,1.3648600000000002,1,1
20.08.2021 00:01:23.826,1.365,1.36484,1,1
20.08.2021 00:01:24.307,1.3650200000000001,1.36484,1.12,1
20.08.2021 00:01:24.358,1.36499,1.36483,1,1
20.08.2021 00:01:24.459,1.36495,1.36481,1,1
20.08.2021 00:01:25.651,1.36499,1.36484,1,1
20.08.2021 00:01:25.702,1.36499,1.36481,1,1
20.08.2021 00:01:25.809,1.36498,1.36481,1,1
20.08.2021 00:01:25.910,1.36499,1.3648500000000001,1,1.5
20.08.2021 00:01:26.011,1.36498,1.36484,1,1
20.08.2021 00:01:26.170,1.3649700000000002,1.36483,1,1
20.08.2021 00:01:30.167,1.36498,1.3648,1,1
20.08.2021 00:01:40.318,1.3649200000000001,1.3647600000000002,1,1
20.08.2021 00:01:40.986,1.36489,1.3647500000000001,1,1
20.08.2021 00:01:44.273,1.36491,1.36477,1,1
20.08.2021 00:01:44.374,1.36494,1.3648,1,1
20.08.2021 00:01:47.676,1.36493,1.3647799999999999,1,1
20.08.2021 00:01:54.925,1.3649200000000001,1.3647600000000002,1,1
20.08.2021 00:01:55.026,1.36487,1.3647,1,1.5
20.08.2021 00:01:55.127,1.3648500000000001,1.36469,1,1.5
20.08.2021 00:01:55.177,1.3648500000000001,1.36469,1,1
20.08.2021 00:01:55.228,1.3648200000000001,1.3646600000000002,1,1
20.08.2021 00:01:55.585,1.3648,1.36464,1,1
20.08.2021 00:01:55.810,1.3647799999999999,1.3646200000000002,1,1
20.08.2021 00:01:57.658,1.36477,1.36461,1,1
20.08.2021 00:01:58.204,1.3647500000000001,1.36459,1,1
20.08.2021 00:01:58.463,1.36473,1.36459,1,1
20.08.2021 00:01:59.402,1.3647200000000002,1.36456,1,1
20.08.2021 00:01:59.876,1.36471,1.3645500000000002,1,1.12
20.08.2021 00:02:00.128,1.3646600000000002,1.3645200000000002,1,1
20.08.2021 00:02:00.729,1.36469,1.36453,1,1
20.08.2021 00:02:10.267,1.3647,1.36454,1,1
20.08.2021 00:02:10.792,1.36471,1.36457,1,1
20.08.2021 00:02:11.851,1.36473,1.36457,1,1
20.08.2021 00:02:11.955,1.36473,1.36458,1,1
20.08.2021 00:02:12.309,1.36474,1.36459,1,1
20.08.2021 00:02:12.410,1.3647600000000002,1.36461,1,1
20.08.2021 00:02:12.511,1.3648,1.36464,1.87,1
20.08.2021 00:02:12.612,1.3648,1.3646500000000001,1,1
20.08.2021 00:02:19.218,1.36479,1.36464,1,1
20.08.2021 00:02:19.470,1.36477,1.3646200000000002,1,1
20.08.2021 00:02:30.621,1.36474,1.36459,1,1
20.08.2021 00:02:30.673,1.36477,1.36458,1,1
20.08.2021 00:02:30.774,1.36477,1.3646,1,1
20.08.2021 00:02:30.824,1.36473,1.36458,1,1
20.08.2021 00:02:30.976,1.36473,1.3645500000000002,1,1
20.08.2021 00:02:31.127,1.36473,1.36457,1,1
20.08.2021 00:02:31.228,1.36471,1.36456,1,1
20.08.2021 00:02:41.299,1.3647,1.36453,1,1
20.08.2021 00:02:41.408,1.36467,1.3645200000000002,1,1
20.08.2021 00:03:09.763,1.3647,1.36453,1,1
20.08.2021 00:03:10.200,1.36467,1.36453,1,1
20.08.2021 00:03:10.767,1.3646600000000002,1.3645200000000002,1,1
20.08.2021 00:03:11.320,1.3646500000000001,1.36449,1,1
20.08.2021 00:03:19.604,1.36464,1.36448,1,1
20.08.2021 00:03:19.705,1.36461,1.36447,1,1
20.08.2021 00:03:19.857,1.3646,1.3644500000000002,1,1
20.08.2021 00:03:19.958,1.36458,1.36444,1,1
20.08.2021 00:03:20.444,1.36457,1.36443,1,1
20.08.2021 00:03:30.212,1.36458,1.36444,1,1
20.08.2021 00:03:32.191,1.36458,1.3644200000000002,1,1
20.08.2021 00:03:46.700,1.36456,1.3644200000000002,1,1
20.08.2021 00:03:56.617,1.3645500000000002,1.36439,1,1
20.08.2021 00:03:56.718,1.3645200000000002,1.36436,1,1
20.08.2021 00:03:56.931,1.36448,1.36434,1,1
20.08.2021 00:03:57.032,1.3645,1.36434,1.5,1
20.08.2021 00:03:58.097,1.3645100000000001,1.36433,1.12,1
20.08.2021 00:04:02.663,1.36448,1.36433,1,1
20.08.2021 00:04:02.764,1.36447,1.36433,1,1
20.08.2021 00:04:02.992,1.36449,1.3643200000000002,1,1
20.08.2021 00:04:05.670,1.36448,1.3643100000000001,1,1
20.08.2021 00:04:11.001,1.36449,1.3643200000000002,1.12,1
20.08.2021 00:04:13.598,1.36449,1.36434,1.5,1
20.08.2021 00:04:15.459,1.3645100000000001,1.36436,1,1
20.08.2021 00:04:15.510,1.36453,1.36437,1.12,1
20.08.2021 00:04:15.711,1.36456,1.36437,3.12,1
20.08.2021 00:04:16.054,1.3645500000000002,1.36438,3,1
20.08.2021 00:04:17.481,1.36456,1.36439,1,1
20.08.2021 00:04:23.554,1.36457,1.36439,1.12,1
20.08.2021 00:04:31.598,1.36454,1.36438,1,1
20.08.2021 00:04:42.687,1.36453,1.36437,1.1,1
20.08.2021 00:04:46.025,1.3645200000000002,1.36437,1,1
20.08.2021 00:04:47.517,1.3645200000000002,1.36436,1,1
20.08.2021 00:04:48.917,1.3645100000000001,1.36436,1,1
20.08.2021 00:04:50.750,1.3645100000000001,1.36437,1.5,1
20.08.2021 00:04:51.879,1.3645,1.36437,1,1
20.08.2021 00:04:55.475,1.3645200000000002,1.36436,1,1
20.08.2021 00:04:55.898,1.3645200000000002,1.3643500000000002,1,1
20.08.2021 00:04:56.320,1.36453,1.3643500000000002,1,1
20.08.2021 00:04:59.378,1.3645100000000001,1.36434,1.5,1
20.08.2021 00:05:22.187,1.36449,1.3643100000000001,1,1
20.08.2021 00:05:22.237,1.3645,1.3643200000000002,1,1
20.08.2021 00:05:23.360,1.3645200000000002,1.3644100000000001,1,1
20.08.2021 00:05:23.410,1.36456,1.3644,1.5,1
20.08.2021 00:05:23.511,1.36457,1.3644,1.12,1
20.08.2021 00:05:23.612,1.36456,1.3644200000000002,1,1
20.08.2021 00:05:23.712,1.36459,1.3644100000000001,1,1
20.08.2021 00:05:23.763,1.36461,1.36444,1.87,1
20.08.2021 00:05:25.166,1.3646200000000002,1.36444,1.5,1
20.08.2021 00:05:31.822,1.3646200000000002,1.36447,1,1
20.08.2021 00:05:34.060,1.36464,1.36446,1,1
20.08.2021 00:05:49.988,1.3646500000000001,1.36447,1.5,1
20.08.2021 00:05:54.280,1.36459,1.36444,1,1
20.08.2021 00:05:54.381,1.36459,1.3644100000000001,1,1
20.08.2021 00:05:54.482,1.36458,1.3644200000000002,1.5,1
20.08.2021 00:05:56.269,1.36457,1.3644100000000001,1.5,1
20.08.2021 00:05:56.370,1.36456,1.36438,1.57,1
20.08.2021 00:05:56.421,1.3645200000000002,1.36438,1,1
20.08.2021 00:05:58.571,1.36453,1.36436,1.5,1
20.08.2021 00:06:00.653,1.3645200000000002,1.36436,3,1
20.08.2021 00:06:02.797,1.3645,1.36434,1.5,1
20.08.2021 00:06:02.948,1.36449,1.3643100000000001,1.5,1
20.08.2021 00:06:03.441,1.36448,1.36433,1,1
20.08.2021 00:06:04.183,1.36448,1.3643200000000002,1.5,1
20.08.2021 00:06:04.334,1.36447,1.3643,1.5,1
20.08.2021 00:06:15.314,1.36448,1.3643200000000002,1,1
20.08.2021 00:06:18.179,1.3645,1.36433,1.5,1
20.08.2021 00:06:18.281,1.36449,1.3643500000000002,1,1
20.08.2021 00:06:18.587,1.3645,1.36436,1,1
20.08.2021 00:06:20.441,1.3645,1.36437,1,1
20.08.2021 00:06:22.660,1.36454,1.36438,2.32,1
20.08.2021 00:06:29.141,1.36454,1.3644,1.12,1
20.08.2021 00:06:33.325,1.3645500000000002,1.3644100000000001,1,1
20.08.2021 00:06:33.476,1.36453,1.3644200000000002,1,1
20.08.2021 00:06:33.657,1.36453,1.3644100000000001,1,1
20.08.2021 00:06:38.640,1.36457,1.3644,1.1,1
20.08.2021 00:06:38.741,1.3645500000000002,1.3644100000000001,1.2,1
20.08.2021 00:06:38.842,1.3645500000000002,1.3644,1.95,1
20.08.2021 00:06:38.943,1.36456,1.36439,1.97,1
20.08.2021 00:06:40.509,1.36454,1.36439,1,1
20.08.2021 00:06:40.632,1.36454,1.36438,1,1
20.08.2021 00:06:40.834,1.3645200000000002,1.36439,1,1
20.08.2021 00:06:41.132,1.3645200000000002,1.36437,1.5,1
20.08.2021 00:06:41.699,1.3645200000000002,1.36436,1,1
20.08.2021 00:06:42.160,1.3645,1.36437,1,1
20.08.2021 00:06:45.391,1.36449,1.36437,1,1
20.08.2021 00:06:47.261,1.36449,1.36436,1,1
20.08.2021 00:06:54.551,1.3645100000000001,1.3643500000000002,1.5,1
20.08.2021 00:06:55.865,1.3645,1.3643500000000002,1,1
20.08.2021 00:06:56.982,1.3645,1.36436,1,1
20.08.2021 00:06:58.112,1.36449,1.36436,1,1
20.08.2021 00:07:05.907,1.3645100000000001,1.3643500000000002,1,1
20.08.2021 00:07:33.116,1.36449,1.36436,1,1
20.08.2021 00:07:33.288,1.3645100000000001,1.3643500000000002,1,1
20.08.2021 00:07:33.389,1.3645,1.3643,1,1
20.08.2021 00:07:33.591,1.36449,1.3643200000000002,1,1
20.08.2021 00:07:34.275,1.3645100000000001,1.36433,3.82,1
20.08.2021 00:07:34.376,1.36449,1.36433,1,1
20.08.2021 00:07:34.935,1.3645100000000001,1.36433,1,1
20.08.2021 00:07:35.086,1.3645100000000001,1.3643500000000002,4.2,1
20.08.2021 00:07:35.188,1.36449,1.36434,1,1
20.08.2021 00:07:35.562,1.3645,1.3643500000000002,2.25,1
20.08.2021 00:07:49.091,1.3645100000000001,1.36436,1,1
20.08.2021 00:07:51.415,1.36447,1.36437,1,1
20.08.2021 00:07:51.600,1.36447,1.36438,1,1
20.08.2021 00:07:51.651,1.3645500000000002,1.36437,3.82,1
20.08.2021 00:07:52.672,1.36453,1.36438,1,1
20.08.2021 00:07:56.254,1.36453,1.36437,1,1
20.08.2021 00:07:56.927,1.36453,1.36438,1.5,1
20.08.2021 00:07:57.163,1.36454,1.36438,3.45,1
20.08.2021 00:08:02.061,1.36454,1.36438,2.82,1
20.08.2021 00:08:08.129,1.36454,1.36437,2.82,1
20.08.2021 00:08:08.521,1.36454,1.36438,2.07,1
20.08.2021 00:08:10.112,1.3645500000000002,1.36437,1.95,1
20.08.2021 00:08:30.616,1.36454,1.36438,3.2,1
20.08.2021 00:08:30.766,1.36454,1.36438,3.07,1
20.08.2021 00:08:31.539,1.36454,1.36436,3.82,1
20.08.2021 00:08:31.640,1.36453,1.36436,1,1
20.08.2021 00:08:31.690,1.36453,1.36438,1,1
20.08.2021 00:08:34.670,1.3645200000000002,1.36438,1,1
20.08.2021 00:08:34.771,1.3645200000000002,1.36437,1,1
20.08.2021 00:08:34.890,1.3645100000000001,1.36436,1,1
20.08.2021 00:08:38.862,1.3645,1.36438,1,1
20.08.2021 00:08:38.913,1.3645500000000002,1.36437,2.82,1
20.08.2021 00:08:40.258,1.36454,1.3644,1,1
20.08.2021 00:08:40.409,1.36457,1.3644,3.12,1
20.08.2021 00:08:41.341,1.36456,1.3644100000000001,3,1
20.08.2021 00:09:10.165,1.36458,1.3644100000000001,1.6,1
20.08.2021 00:09:10.307,1.36457,1.3644,1.31,1
20.08.2021 00:09:10.408,1.36453,1.3644,1,1
20.08.2021 00:09:11.908,1.36457,1.36439,1.2,1
20.08.2021 00:09:20.427,1.3645500000000002,1.36439,1,1
20.08.2021 00:09:20.478,1.36454,1.36438,1.5,1
20.08.2021 00:09:21.532,1.3645200000000002,1.36438,1,1
20.08.2021 00:09:21.683,1.3645200000000002,1.36437,1,1
20.08.2021 00:09:25.520,1.36453,1.36437,1.5,1
20.08.2021 00:09:26.588,1.36453,1.3643500000000002,1.5,1
20.08.2021 00:09:26.689,1.3645200000000002,1.3643500000000002,1,1
20.08.2021 00:09:27.134,1.3645100000000001,1.36437,1,1
20.08.2021 00:09:28.706,1.3645,1.36437,1,1
20.08.2021 00:09:29.240,1.3645100000000001,1.36434,1,1
20.08.2021 00:09:33.362,1.3645,1.36434,1,1
20.08.2021 00:09:41.289,1.3645100000000001,1.36434,1,1
20.08.2021 00:09:41.391,1.3645100000000001,1.3643500000000002,1,1
20.08.2021 00:09:50.077,1.3645100000000001,1.36436,1.1,1
20.08.2021 00:09:50.271,1.36453,1.36438,2.45,1
20.08.2021 00:09:50.372,1.36454,1.36437,1.1,1
20.08.2021 00:09:50.725,1.3645500000000002,1.36439,3.95,1
20.08.2021 00:09:51.436,1.36454,1.3644,1.95,1
20.08.2021 00:09:59.698,1.3645500000000002,1.3644,1.12,1
20.08.2021 00:10:01.502,1.36454,1.3644200000000002,1,1
20.08.2021 00:10:02.360,1.36458,1.3644100000000001,1,1
20.08.2021 00:10:02.410,1.3646,1.36448,2,1
20.08.2021 00:10:02.612,1.3646600000000002,1.36447,1.5,1
20.08.2021 00:10:02.662,1.36467,1.3645200000000002,2.1,1
20.08.2021 00:10:02.814,1.36468,1.3645100000000001,1.22,1
20.08.2021 00:10:02.965,1.3647,1.3645200000000002,4.62,1
20.08.2021 00:10:03.116,1.3647200000000002,1.3645500000000002,1.5,1
20.08.2021 00:10:03.217,1.3647200000000002,1.36458,1.87,1
20.08.2021 00:10:03.676,1.36473,1.36458,1.2,1
20.08.2021 00:10:03.777,1.36474,1.36458,1.95,1
20.08.2021 00:10:05.677,1.36473,1.3646,1,1
20.08.2021 00:10:06.356,1.36474,1.3646,1.1,1
20.08.2021 00:10:17.694,1.36473,1.36459,1,1
20.08.2021 00:10:46.471,1.36473,1.36457,1,1
20.08.2021 00:10:46.572,1.36473,1.36458,1.5,1
20.08.2021 00:10:50.761,1.3647200000000002,1.36458,1.5,1
20.08.2021 00:10:53.644,1.36471,1.36458,1,1
20.08.2021 00:10:57.243,1.3647200000000002,1.36458,1,1
20.08.2021 00:11:01.787,1.36473,1.36459,2.32,1
20.08.2021 00:11:02.132,1.36474,1.36459,1.95,1
20.08.2021 00:11:02.333,1.36474,1.36458,1.95,1
20.08.2021 00:11:03.196,1.3647600000000002,1.36459,3.97,1
20.08.2021 00:11:03.347,1.36474,1.36459,1,1
20.08.2021 00:11:03.476,1.3647,1.3646,1,1
20.08.2021 00:11:05.972,1.3647,1.36461,1,1
20.08.2021 00:11:06.023,1.3647500000000001,1.3646,1,1
20.08.2021 00:11:06.074,1.3647500000000001,1.3646500000000001,1,1
20.08.2021 00:11:06.175,1.36479,1.3646600000000002,1.1,1
20.08.2021 00:11:06.276,1.36481,1.3646600000000002,1.6,1
20.08.2021 00:11:06.440,1.36483,1.3646600000000002,3.22,1
20.08.2021 00:11:08.639,1.36483,1.3646600000000002,1.1,1
20.08.2021 00:11:08.844,1.36483,1.3646600000000002,1.1,1
20.08.2021 00:11:58.721,1.3648200000000001,1.3646600000000002,1.12,1
20.08.2021 00:11:58.873,1.3648,1.36463,1,1
20.08.2021 00:11:58.974,1.36477,1.36459,1,1
20.08.2021 00:11:59.075,1.3647500000000001,1.3646,1,1
20.08.2021 00:11:59.125,1.36473,1.36458,1,1
20.08.2021 00:11:59.377,1.36473,1.36456,1,1
20.08.2021 00:12:00.809,1.36473,1.36458,1.7,1
20.08.2021 00:12:18.217,1.36474,1.36457,4.57,1
20.08.2021 00:12:19.838,1.36473,1.36457,1.5,1
20.08.2021 00:12:21.255,1.3647200000000002,1.36457,1,1
20.08.2021 00:12:26.270,1.36471,1.36457,1.5,1
20.08.2021 00:12:33.746,1.3647,1.36457,1,1
20.08.2021 00:12:33.846,1.36468,1.3645100000000001,1.5,1.5
20.08.2021 00:12:33.947,1.36467,1.3645,1,1
20.08.2021 00:12:34.300,1.36468,1.3645200000000002,1.1,1
20.08.2021 00:12:34.400,1.36467,1.3645,1,1
20.08.2021 00:12:37.704,1.36468,1.36453,3.12,1
20.08.2021 00:12:37.805,1.36468,1.3645500000000002,1.87,1
20.08.2021 00:12:38.758,1.36469,1.3645500000000002,2.25,1
20.08.2021 00:12:52.069,1.36468,1.36453,1,1
20.08.2021 00:12:52.228,1.36468,1.3645100000000001,1,1
20.08.2021 00:12:53.026,1.36467,1.3645200000000002,1.5,1
20.08.2021 00:12:58.554,1.36468,1.3645100000000001,1.5,1
20.08.2021 00:13:00.998,1.3646500000000001,1.3645,1.12,1
20.08.2021 00:13:01.486,1.36458,1.36447,1,1
20.08.2021 00:13:01.588,1.36458,1.36444,1.5,1
20.08.2021 00:13:01.689,1.36459,1.3644100000000001,2.75,1
20.08.2021 00:13:01.840,1.36459,1.3644100000000001,4.2,1
20.08.2021 00:13:02.834,1.36459,1.3644100000000001,3.57,1
20.08.2021 00:13:04.670,1.36457,1.3644100000000001,1.1,1
20.08.2021 00:13:04.721,1.36457,1.36439,1.6,1
20.08.2021 00:13:04.822,1.36454,1.36438,1,1
20.08.2021 00:13:05.424,1.3645500000000002,1.36438,1.1,1
20.08.2021 00:13:11.416,1.36454,1.36438,1,1
20.08.2021 00:13:16.036,1.36449,1.36438,1,1
20.08.2021 00:13:16.395,1.36448,1.36438,1,1
20.08.2021 00:13:16.446,1.36454,1.36437,1,1
20.08.2021 00:13:21.389,1.36453,1.36439,1.87,1
20.08.2021 00:13:27.604,1.3645200000000002,1.36439,1,1
20.08.2021 00:13:27.983,1.36453,1.36439,1.12,1
20.08.2021 00:13:45.909,1.3645500000000002,1.36438,2.07,1
20.08.2021 00:13:48.916,1.3645500000000002,1.36438,2.07,1
20.08.2021 00:13:59.204,1.36453,1.36437,1,1
20.08.2021 00:14:02.912,1.36449,1.3643500000000002,1,1
20.08.2021 00:14:03.013,1.36448,1.3643200000000002,1,1
20.08.2021 00:14:03.063,1.36447,1.36433,1.5,1
20.08.2021 00:14:03.214,1.36447,1.36433,1,1
20.08.2021 00:14:03.325,1.3645,1.36433,1.5,1
20.08.2021 00:14:04.284,1.3645,1.36433,1,1
20.08.2021 00:14:04.700,1.3645,1.36436,1,1
20.08.2021 00:14:05.984,1.3645200000000002,1.36438,1.5,1
20.08.2021 00:14:06.715,1.36448,1.36438,1,1
20.08.2021 00:14:06.816,1.36447,1.36433,1,1
20.08.2021 00:14:07.068,1.36447,1.3643100000000001,1,1
20.08.2021 00:14:19.909,1.36447,1.3643100000000001,1.5,1
20.08.2021 00:14:22.922,1.36446,1.3643200000000002,1.5,1
20.08.2021 00:14:23.924,1.36446,1.3643200000000002,1.5,1
20.08.2021 00:14:25.933,1.36447,1.3643100000000001,1.5,1
20.08.2021 00:14:26.034,1.36448,1.3643200000000002,1.5,1
20.08.2021 00:14:35.137,1.36447,1.36433,1,1
20.08.2021 00:14:35.187,1.36449,1.36434,1.12,1
20.08.2021 00:14:35.288,1.36448,1.36437,1,1
20.08.2021 00:14:35.407,1.36449,1.36437,1,1
20.08.2021 00:14:36.439,1.36449,1.36439,1,1
20.08.2021 00:14:40.425,1.36454,1.3644,1.12,1
20.08.2021 00:14:46.771,1.36454,1.36438,1,1
20.08.2021 00:15:00.596,1.3645200000000002,1.36436,1,1
20.08.2021 00:15:04.619,1.3645100000000001,1.36437,2.75,1
20.08.2021 00:15:12.868,1.36449,1.3643500000000002,1,1
20.08.2021 00:15:16.713,1.36449,1.36433,1,1
20.08.2021 00:15:39.662,1.36449,1.3643500000000002,1.12,1
20.08.2021 00:15:41.088,1.3645100000000001,1.36437,1.5,1
20.08.2021 00:15:41.239,1.3645200000000002,1.36436,1,1
20.08.2021 00:15:42.188,1.36453,1.36437,1.12,1
20.08.2021 00:15:47.077,1.36454,1.3644,1.5,1
20.08.2021 00:15:47.278,1.36454,1.3644,1.12,1
20.08.2021 00:15:47.585,1.36454,1.36438,1,1
20.08.2021 00:16:06.083,1.36454,1.36439,1,1
20.08.2021 00:16:14.716,1.3645500000000002,1.36439,1.12,1
20.08.2021 00:16:14.868,1.36457,1.36443,1.5,1
20.08.2021 00:16:14.918,1.36458,1.3644200000000002,1.5,1
20.08.2021 00:16:26.265,1.36457,1.36443,1,1
20.08.2021 00:16:26.315,1.3646,1.36446,1.62,1
20.08.2021 00:16:26.366,1.36463,1.36447,1.12,1
20.08.2021 00:16:26.416,1.3646500000000001,1.3645100000000001,2,1
20.08.2021 00:16:26.521,1.3646600000000002,1.3645,1.12,1
20.08.2021 00:16:26.623,1.36464,1.3645,1,1
20.08.2021 00:16:26.724,1.3646600000000002,1.3645200000000002,1,1
20.08.2021 00:16:27.371,1.36467,1.36453,1,1
20.08.2021 00:16:27.472,1.36469,1.3645500000000002,1,1
20.08.2021 00:16:28.030,1.3647200000000002,1.36456,1.12,1
20.08.2021 00:16:40.625,1.3647200000000002,1.36458,1,1
20.08.2021 00:17:19.533,1.36474,1.3646,1.87,1
20.08.2021 00:18:01.002,1.36477,1.36461,2.25,1
20.08.2021 00:18:01.104,1.3647799999999999,1.36464,1.5,1
20.08.2021 00:18:07.280,1.36477,1.36463,1,1
20.08.2021 00:18:07.381,1.36474,1.3646,1,1
20.08.2021 00:18:07.482,1.36473,1.36457,1,1
20.08.2021 00:18:11.288,1.3647200000000002,1.36456,1,1
20.08.2021 00:18:36.848,1.36469,1.3645500000000002,1,1
20.08.2021 00:18:36.949,1.36468,1.3645200000000002,1,1
20.08.2021 00:19:41.660,1.3646600000000002,1.36453,1,1
20.08.2021 00:19:46.803,1.36468,1.3645200000000002,1,1
20.08.2021 00:20:33.463,1.36468,1.36454,1,1
20.08.2021 00:20:34.759,1.36471,1.36456,1.12,1
20.08.2021 00:20:35.828,1.36473,1.36458,1.5,1
20.08.2021 00:20:35.929,1.36474,1.36458,1.5,1
20.08.2021 00:20:41.933,1.36473,1.36458,1,1
20.08.2021 00:20:44.540,1.3647200000000002,1.36456,1,1
20.08.2021 00:20:44.641,1.36471,1.36456,1,1
20.08.2021 00:20:45.681,1.3647,1.36459,1,1
20.08.2021 00:21:00.105,1.36469,1.36456,1,1
20.08.2021 00:21:00.156,1.36467,1.3645100000000001,1.5,1
20.08.2021 00:21:00.257,1.3646600000000002,1.3645,1,1
20.08.2021 00:21:00.358,1.36464,1.3645,1,1
20.08.2021 00:21:01.013,1.3646200000000002,1.36447,1,1
20.08.2021 00:21:01.063,1.3646200000000002,1.3645,1,1
20.08.2021 00:21:01.114,1.3646,1.36446,1,1
20.08.2021 00:21:01.164,1.36463,1.36447,1,1
20.08.2021 00:21:01.265,1.3646500000000001,1.36449,1,1
20.08.2021 00:21:09.205,1.3646600000000002,1.3645200000000002,1,1
20.08.2021 00:21:09.306,1.36468,1.3645200000000002,1,1
20.08.2021 00:21:09.407,1.36468,1.36456,1,1
20.08.2021 00:21:29.136,1.36471,1.3645500000000002,1,1
20.08.2021 00:21:32.337,1.3647200000000002,1.36458,1.5,1
20.08.2021 00:22:02.208,1.36471,1.3645500000000002,1,1
20.08.2021 00:22:05.975,1.36469,1.36453,1,1
20.08.2021 00:22:06.501,1.36464,1.36448,1,1.62
20.08.2021 00:22:06.602,1.36463,1.36449,1,1.5
20.08.2021 00:22:06.703,1.36463,1.36449,1,1
20.08.2021 00:22:07.446,1.36461,1.3644500000000002,1,1.12
20.08.2021 00:22:07.547,1.36456,1.3644,1,1.62
20.08.2021 00:22:07.598,1.36456,1.3644200000000002,1,1
20.08.2021 00:22:07.699,1.36456,1.3644,1,1
20.08.2021 00:22:13.849,1.36457,1.36443,1,1
20.08.2021 00:22:22.748,1.36459,1.3644500000000002,1,1
20.08.2021 00:22:36.397,1.36461,1.3644500000000002,1,1
20.08.2021 00:22:44.348,1.36459,1.36443,1,1
20.08.2021 00:22:44.449,1.36456,1.3644,1,1.87
20.08.2021 00:22:44.550,1.36453,1.36439,1,1.5
20.08.2021 00:22:44.651,1.36453,1.36439,1,1
20.08.2021 00:22:44.832,1.3645100000000001,1.3644,1,1
20.08.2021 00:22:44.883,1.3645200000000002,1.36436,1,1.62
20.08.2021 00:22:45.016,1.3645100000000001,1.36437,1,1.12
20.08.2021 00:22:45.745,1.36453,1.36437,1,1
20.08.2021 00:22:53.942,1.3645,1.3643500000000002,1,1.12
20.08.2021 00:22:54.062,1.3645,1.36434,1,1.6
20.08.2021 00:23:04.135,1.3645,1.36433,1,1.62
20.08.2021 00:23:21.619,1.3645,1.36433,1,1.5
20.08.2021 00:23:22.308,1.36447,1.36434,1,1.5
20.08.2021 00:23:22.409,1.36447,1.36434,1,1.5
20.08.2021 00:23:26.146,1.36446,1.36434,1,1.5
20.08.2021 00:23:26.247,1.36447,1.3643200000000002,1,1.6
20.08.2021 00:23:26.348,1.36446,1.3643100000000001,1,1.6
20.08.2021 00:23:27.641,1.36448,1.36433,1,1
20.08.2021 00:23:28.701,1.36448,1.3643100000000001,1,1.7
20.08.2021 00:23:30.357,1.36448,1.3643200000000002,1,1.7
20.08.2021 00:23:33.654,1.36448,1.36433,1,1
20.08.2021 00:23:39.126,1.36448,1.36434,1,1
20.08.2021 00:23:41.995,1.36449,1.3643200000000002,1,1.12
20.08.2021 00:23:42.045,1.36446,1.3643,1,1
20.08.2021 00:23:42.147,1.36443,1.36428,1,1.1
20.08.2021 00:23:42.197,1.36444,1.36427,1,1.1
20.08.2021 00:23:42.408,1.36443,1.36428,1,1
20.08.2021 00:23:42.511,1.3644100000000001,1.36428,1,1
20.08.2021 00:23:43.035,1.3644100000000001,1.36426,1,1.7
20.08.2021 00:23:43.237,1.3644200000000002,1.36425,1,1.5
20.08.2021 00:23:45.165,1.3644200000000002,1.36425,1,1.5
20.08.2021 00:23:46.797,1.36443,1.36427,1,1.5
20.08.2021 00:24:02.547,1.36443,1.36426,1,1
20.08.2021 00:24:04.932,1.3644100000000001,1.36426,1,1.12
20.08.2021 00:24:05.202,1.3644,1.3642400000000001,1,1.5
20.08.2021 00:24:09.596,1.3644,1.3642400000000001,1,1.12
20.08.2021 00:24:16.110,1.3644100000000001,1.3642200000000002,1,1
20.08.2021 00:24:16.268,1.36438,1.3642100000000001,1,1.22
20.08.2021 00:24:21.991,1.36436,1.36418,1,2.88
20.08.2021 00:24:22.092,1.36433,1.36419,1,1
20.08.2021 00:24:22.193,1.36433,1.36418,1,1
20.08.2021 00:24:22.294,1.36433,1.36416,1,1.5
20.08.2021 00:24:22.652,1.3643,1.36415,1,1.62
20.08.2021 00:24:22.878,1.3643,1.36415,1,1.5
20.08.2021 00:24:27.408,1.3643100000000001,1.36415,1,1.12
20.08.2021 00:24:28.456,1.3643100000000001,1.36417,1,1
20.08.2021 00:24:33.489,1.3643100000000001,1.3641400000000001,1,1.5
20.08.2021 00:24:33.918,1.3643,1.36415,1,1.12
20.08.2021 00:24:41.366,1.3643,1.36413,1,1.5
20.08.2021 00:24:41.417,1.36428,1.36413,1,2.62
20.08.2021 00:24:41.467,1.3642400000000001,1.3641,1,1.12
20.08.2021 00:24:41.571,1.36423,1.36409,1,1
20.08.2021 00:24:41.672,1.36423,1.3640700000000001,1,2.1
20.08.2021 00:24:41.773,1.3642400000000001,1.36406,1,1.6
20.08.2021 00:24:41.948,1.36423,1.3640700000000001,1,1.5
20.08.2021 00:24:43.827,1.3642200000000002,1.36406,1,1.2
20.08.2021 00:24:44.992,1.3642100000000001,1.36404,1,2.25
20.08.2021 00:24:47.472,1.36419,1.36403,1,1.5
20.08.2021 00:24:51.752,1.3642,1.36406,1,1
20.08.2021 00:25:26.737,1.3642100000000001,1.3640700000000001,1,1
20.08.2021 00:25:27.582,1.3642200000000002,1.36408,1,1
20.08.2021 00:25:27.684,1.3642400000000001,1.3641,1,1
20.08.2021 00:25:27.785,1.36426,1.3641200000000002,1.12,1
20.08.2021 00:26:20.783,1.36427,1.36413,1.5,1
20.08.2021 00:26:42.769,1.36426,1.3641200000000002,1,1
20.08.2021 00:26:43.566,1.36426,1.36417,1,1
20.08.2021 00:26:43.897,1.36426,1.3641200000000002,1,1
20.08.2021 00:26:57.180,1.36425,1.3641,1,1
20.08.2021 00:26:57.281,1.36425,1.36409,1,1
20.08.2021 00:26:57.432,1.3642400000000001,1.3640700000000001,1,2.25
20.08.2021 00:27:02.388,1.3642200000000002,1.36408,1,1
20.08.2021 00:27:02.457,1.3642,1.36406,1,1
20.08.2021 00:27:06.729,1.36419,1.36405,1,2.25
20.08.2021 00:27:06.830,1.36417,1.36404,1,1
20.08.2021 00:27:06.931,1.36418,1.3640100000000002,1,3.5
20.08.2021 00:27:07.032,1.36418,1.3640100000000002,1,3
20.08.2021 00:27:07.156,1.36416,1.3640200000000002,1,1
20.08.2021 00:27:07.448,1.36415,1.3640200000000002,1,1
20.08.2021 00:27:07.549,1.36417,1.3640100000000002,1,1
20.08.2021 00:27:07.650,1.36417,1.364,1,3
20.08.2021 00:27:14.365,1.36417,1.3640200000000002,1,1
20.08.2021 00:27:16.608,1.36418,1.36403,1,1
20.08.2021 00:27:16.709,1.3642100000000001,1.36404,1,1
20.08.2021 00:27:16.962,1.3642200000000002,1.36405,1,1
20.08.2021 00:27:17.063,1.3642200000000002,1.36408,1,1
20.08.2021 00:27:17.182,1.3642400000000001,1.3640700000000001,1,1
20.08.2021 00:27:17.736,1.3642400000000001,1.36409,1,1.5
20.08.2021 00:27:26.210,1.36426,1.36409,1,1
20.08.2021 00:27:34.812,1.36426,1.3641100000000002,1,1
20.08.2021 00:27:39.455,1.36429,1.36415,1,1
20.08.2021 00:27:39.556,1.3643100000000001,1.36415,1,1
20.08.2021 00:27:39.707,1.36429,1.36415,1,1
20.08.2021 00:27:39.808,1.3643100000000001,1.36415,1,1
20.08.2021 00:27:59.203,1.36429,1.36415,1,1
20.08.2021 00:28:00.710,1.36429,1.36415,1.5,1
20.08.2021 00:28:01.522,1.36428,1.3641400000000001,1.12,1
20.08.2021 00:28:08.519,1.36428,1.3641200000000002,1,1
20.08.2021 00:28:33.405,1.36428,1.3641400000000001,1.12,1
20.08.2021 00:28:33.506,1.3643,1.36416,1.5,1
20.08.2021 00:28:33.853,1.3643100000000001,1.36415,1.12,1
20.08.2021 00:29:07.059,1.3643,1.36416,1.5,1
20.08.2021 00:29:08.651,1.36429,1.36413,1,1.5
20.08.2021 00:29:25.351,1.3643,1.3641400000000001,1.12,1
20.08.2021 00:29:48.872,1.36429,1.36413,1,1
20.08.2021 00:29:53.413,1.36427,1.36413,1,1
20.08.2021 00:29:53.514,1.36426,1.3641200000000002,1,1
20.08.2021 00:29:53.665,1.36425,1.36409,1,1
20.08.2021 00:29:53.716,1.36425,1.3640700000000001,1,1
20.08.2021 00:29:53.766,1.3642200000000002,1.3640700000000001,1,1.5
20.08.2021 00:30:01.647,1.36423,1.36409,1,1
20.08.2021 00:30:01.800,1.36425,1.36409,1.12,1
20.08.2021 00:30:24.368,1.3642400000000001,1.36408,1,1
20.08.2021 00:30:41.143,1.3642400000000001,1.3640700000000001,1.12,1.12
20.08.2021 00:30:41.245,1.3642200000000002,1.36406,1,1
20.08.2021 00:30:41.346,1.3642100000000001,1.36405,1,1
20.08.2021 00:30:41.448,1.36419,1.36403,1,1
20.08.2021 00:30:42.536,1.36419,1.36403,1.5,1
20.08.2021 00:30:48.992,1.36416,1.3640200000000002,1.12,1
20.08.2021 00:30:49.143,1.3641200000000002,1.36399,1,1
20.08.2021 00:30:49.193,1.3641100000000002,1.3639700000000001,1,1.5
20.08.2021 00:30:49.463,1.36409,1.36395,1,1
20.08.2021 00:30:49.665,1.3641,1.36394,1.5,1
20.08.2021 00:30:50.172,1.3641,1.36394,1.5,1
20.08.2021 00:30:50.276,1.36409,1.36393,1.12,1
20.08.2021 00:30:50.718,1.36408,1.36394,1.5,1
20.08.2021 00:30:56.046,1.36409,1.3639200000000002,1.5,1
20.08.2021 00:30:57.362,1.36408,1.36393,1.5,1
20.08.2021 00:30:57.465,1.36409,1.3639200000000002,1.5,1
20.08.2021 00:30:59.521,1.36406,1.3639200000000002,1.5,1
20.08.2021 00:31:00.043,1.36409,1.3639200000000002,1.5,1
20.08.2021 00:31:02.199,1.36409,1.3639100000000002,1.5,1
20.08.2021 00:31:02.655,1.36409,1.3639100000000002,1.5,1
20.08.2021 00:31:09.530,1.3640700000000001,1.3639100000000002,1.62,1
20.08.2021 00:31:09.631,1.36406,1.3639000000000001,1.5,1
20.08.2021 00:31:09.732,1.36405,1.36389,2.37,1
20.08.2021 00:31:09.934,1.36404,1.36388,1.5,1
20.08.2021 00:31:10.113,1.3640100000000002,1.36388,1,1
20.08.2021 00:31:15.774,1.36406,1.3638700000000001,1.5,1
20.08.2021 00:31:15.886,1.36403,1.3638700000000001,1.5,1
20.08.2021 00:31:16.024,1.36404,1.36389,1.5,1
20.08.2021 00:31:21.275,1.36404,1.36386,1.5,1
20.08.2021 00:31:21.376,1.3640200000000002,1.36386,1,1
20.08.2021 00:31:21.477,1.3640100000000002,1.36385,1.5,1
20.08.2021 00:31:26.065,1.364,1.36383,1.5,1
20.08.2021 00:31:26.695,1.36399,1.36384,1.12,1
20.08.2021 00:31:29.410,1.3640200000000002,1.36385,1.5,1
20.08.2021 00:31:29.567,1.3640200000000002,1.3638700000000001,1.5,1
20.08.2021 00:31:29.668,1.36405,1.3639000000000001,1.5,1
20.08.2021 00:31:29.769,1.3640700000000001,1.3639000000000001,1.5,1
20.08.2021 00:31:31.564,1.3640700000000001,1.3639000000000001,1.12,1
20.08.2021 00:31:38.908,1.36406,1.3639100000000002,1.5,1
20.08.2021 00:31:53.656,1.36406,1.3639000000000001,1.5,1
20.08.2021 00:31:53.756,1.3640200000000002,1.36388,1,1
20.08.2021 00:31:53.908,1.36403,1.36385,1.12,1
20.08.2021 00:31:54.009,1.3640200000000002,1.36386,2,1
20.08.2021 00:31:54.110,1.3640200000000002,1.36386,2,1
20.08.2021 00:31:54.211,1.3640100000000002,1.36385,1.5,1
20.08.2021 00:31:59.655,1.36403,1.36386,2.75,1
20.08.2021 00:32:00.262,1.36398,1.3638100000000002,1,1
20.08.2021 00:32:02.017,1.36395,1.3638000000000001,1,1.87
20.08.2021 00:32:08.058,1.36396,1.36378,1,1.5
20.08.2021 00:32:08.209,1.36394,1.3637700000000001,1,2.75
20.08.2021 00:32:09.160,1.36394,1.3637700000000001,1,1.12
20.08.2021 00:32:26.173,1.36396,1.36379,1,1
20.08.2021 00:32:26.274,1.3639700000000001,1.3638000000000001,1,1
20.08.2021 00:32:28.880,1.36395,1.36379,1,1.5
20.08.2021 00:32:29.133,1.36393,1.36379,1,1.12
20.08.2021 00:32:31.659,1.36395,1.36379,1,1
20.08.2021 00:32:32.011,1.3639700000000001,1.36379,1,1
20.08.2021 00:32:32.112,1.3639700000000001,1.3638000000000001,1,1
20.08.2021 00:32:37.303,1.3639200000000002,1.36379,1,1.87
20.08.2021 00:32:37.404,1.36394,1.36378,1,2.25
20.08.2021 00:32:38.807,1.3639200000000002,1.36378,1,1.5
20.08.2021 00:32:44.855,1.36393,1.36376,1,1.87
20.08.2021 00:32:53.430,1.36393,1.3637700000000001,1,1
20.08.2021 00:33:00.437,1.3639200000000002,1.3637700000000001,1,1.87
20.08.2021 00:33:40.014,1.3639200000000002,1.3638000000000001,1,1
20.08.2021 00:33:40.065,1.36396,1.36382,1,1
20.08.2021 00:33:40.166,1.36398,1.36382,1.12,1
20.08.2021 00:33:59.974,1.364,1.36383,1,1
20.08.2021 00:34:03.658,1.364,1.36385,1,1
20.08.2021 00:34:03.709,1.3640100000000002,1.36386,1,1
20.08.2021 00:34:03.860,1.36404,1.3638700000000001,1,1
20.08.2021 00:34:04.198,1.36406,1.36389,1,1
20.08.2021 00:34:04.300,1.36406,1.3639000000000001,1,1
20.08.2021 00:34:04.401,1.36405,1.3639200000000002,1,1
20.08.2021 00:34:04.452,1.3641,1.3639200000000002,2.75,1
20.08.2021 00:34:04.553,1.36409,1.36393,2.25,1
20.08.2021 00:34:04.694,1.3641,1.36393,1.5,1
20.08.2021 00:34:07.026,1.3641100000000002,1.36395,1.5,1
20.08.2021 00:34:07.077,1.36413,1.36396,1.12,1
20.08.2021 00:34:21.935,1.36413,1.36398,1.12,1
20.08.2021 00:34:33.594,1.36415,1.3639700000000001,1.57,1
20.08.2021 00:34:37.198,1.3641200000000002,1.36398,1,1
20.08.2021 00:34:37.299,1.36413,1.36399,1,1
20.08.2021 00:34:37.400,1.36417,1.36403,2,1
20.08.2021 00:34:37.501,1.3642100000000001,1.36406,2,1
20.08.2021 00:34:37.602,1.3642200000000002,1.3640700000000001,2.07,1
20.08.2021 00:34:37.702,1.36423,1.3640700000000001,1.6,1
20.08.2021 00:34:39.543,1.3642400000000001,1.3640700000000001,1.6,1
20.08.2021 00:34:39.790,1.3642400000000001,1.3640700000000001,3.6,1
20.08.2021 00:34:45.386,1.36425,1.36406,3.6,1
20.08.2021 00:34:46.585,1.3642400000000001,1.3641,2.85,1
20.08.2021 00:34:46.635,1.36426,1.3641,2.7,1
20.08.2021 00:34:46.686,1.3642400000000001,1.36409,1.1,1
20.08.2021 00:34:46.787,1.3642400000000001,1.36408,1.1,1
20.08.2021 00:34:52.276,1.3642400000000001,1.36408,2.1,1
20.08.2021 00:34:53.775,1.36425,1.36408,2.75,1
20.08.2021 00:34:53.926,1.36425,1.3641100000000002,2,1
20.08.2021 00:34:54.077,1.3642400000000001,1.3641100000000002,1,1
20.08.2021 00:34:54.178,1.36428,1.3641100000000002,2.07,1
20.08.2021 00:34:54.279,1.3643,1.3641200000000002,2.07,1
20.08.2021 00:34:54.732,1.3643,1.3641400000000001,2,1
20.08.2021 00:34:56.556,1.3643100000000001,1.3641400000000001,2.82,1
20.08.2021 00:34:57.737,1.36429,1.3641400000000001,1,1
20.08.2021 00:34:57.838,1.3643200000000002,1.36415,2.25,1
20.08.2021 00:34:57.888,1.36433,1.36418,1.72,1
20.08.2021 00:34:57.989,1.36434,1.36417,3.22,1
20.08.2021 00:35:09.481,1.36433,1.36418,1.7,1
20.08.2021 00:35:09.582,1.36433,1.36419,1.62,1
20.08.2021 00:35:10.512,1.3643,1.36419,1,1
20.08.2021 00:35:16.621,1.3643100000000001,1.3641400000000001,1,1
20.08.2021 00:35:16.959,1.3643100000000001,1.36417,1,1
20.08.2021 00:35:25.770,1.3643,1.36419,1,1
20.08.2021 00:35:26.354,1.3643100000000001,1.36419,1,1
20.08.2021 00:35:26.456,1.3643200000000002,1.3642,1,1
20.08.2021 00:35:28.310,1.36436,1.36419,1.12,1
20.08.2021 00:35:31.122,1.36434,1.3642,1.5,1
20.08.2021 00:35:32.825,1.36434,1.3642100000000001,1.5,1
20.08.2021 00:35:32.926,1.3643500000000002,1.3642100000000001,3.37,1
20.08.2021 00:35:38.892,1.3643500000000002,1.3642,1,1
20.08.2021 00:35:43.581,1.3643500000000002,1.36419,1,1
20.08.2021 00:35:44.053,1.36436,1.36419,3.82,1
20.08.2021 00:35:54.143,1.36437,1.3642200000000002,2.82,1
20.08.2021 00:35:54.245,1.36439,1.36423,2,1
20.08.2021 00:35:54.296,1.36438,1.3642400000000001,1.5,1
20.08.2021 00:35:54.397,1.36439,1.3642400000000001,1.87,1
20.08.2021 00:35:54.549,1.36439,1.36425,1.87,1
20.08.2021 00:35:54.877,1.36439,1.36426,1.87,1
20.08.2021 00:35:55.134,1.3644200000000002,1.36425,1.5,1
20.08.2021 00:35:55.296,1.36443,1.36425,1.57,1
20.08.2021 00:36:07.296,1.3644100000000001,1.36425,1,1
20.08.2021 00:36:07.793,1.3644100000000001,1.36425,1.6,1
20.08.2021 00:36:31.187,1.3644200000000002,1.3642400000000001,2.1,1
20.08.2021 00:36:43.867,1.3644200000000002,1.36423,2.1,1
20.08.2021 00:37:11.830,1.36436,1.3642,1,1
20.08.2021 00:37:11.990,1.3643500000000002,1.36419,1,1
20.08.2021 00:37:12.040,1.3643500000000002,1.36417,1.1,1
20.08.2021 00:37:12.141,1.36434,1.36417,1.2,1
20.08.2021 00:37:12.292,1.36433,1.36415,1,1
20.08.2021 00:37:13.377,1.3643200000000002,1.36413,1,1
20.08.2021 00:37:13.479,1.36429,1.3641200000000002,1,1
20.08.2021 00:37:13.631,1.36429,1.3641100000000002,1,1
20.08.2021 00:37:13.833,1.36428,1.3641200000000002,1.5,1
20.08.2021 00:37:13.984,1.36427,1.36408,1,1
20.08.2021 00:37:19.765,1.36428,1.3641,1,1
20.08.2021 00:37:19.866,1.3643,1.3641100000000002,1.62,1
20.08.2021 00:37:19.967,1.3643,1.36413,3.12,1
20.08.2021 00:37:20.118,1.3643100000000001,1.3641200000000002,1.12,1
20.08.2021 00:37:40.890,1.3643100000000001,1.36415,1.2,1
20.08.2021 00:37:41.786,1.36429,1.3641400000000001,1,1
20.08.2021 00:37:47.627,1.3643200000000002,1.36416,1,1
20.08.2021 00:37:47.829,1.36433,1.36416,1,1
20.08.2021 00:37:48.785,1.36433,1.36417,1,1
20.08.2021 00:38:02.626,1.36436,1.36417,2.62,1
20.08.2021 00:38:04.056,1.3643500000000002,1.36418,2.75,1
20.08.2021 00:38:05.639,1.36433,1.36416,1,1
20.08.2021 00:38:05.740,1.36433,1.36416,1,1
20.08.2021 00:38:22.694,1.3643,1.36415,1,1
20.08.2021 00:38:46.441,1.36433,1.36416,1.5,1
20.08.2021 00:38:51.537,1.3643,1.3641400000000001,1,1
20.08.2021 00:40:34.491,1.3643100000000001,1.36415,1,1
20.08.2021 00:40:34.592,1.3643200000000002,1.36418,1,1
20.08.2021 00:40:34.995,1.36434,1.36418,1,1
20.08.2021 00:40:35.097,1.3643500000000002,1.3642100000000001,1,1
20.08.2021 00:40:41.847,1.36436,1.3642200000000002,1,1
20.08.2021 00:41:20.570,1.36438,1.3642400000000001,1.5,1
20.08.2021 00:41:20.671,1.3644,1.3642400000000001,1,1
20.08.2021 00:41:32.253,1.3644100000000001,1.36426,1,1
20.08.2021 00:41:32.360,1.36444,1.36426,1.87,1
20.08.2021 00:41:45.825,1.36444,1.36427,1,1
20.08.2021 00:41:45.876,1.3644500000000002,1.36429,1.12,1
20.08.2021 00:41:45.977,1.36446,1.36433,2,1
20.08.2021 00:41:46.079,1.36448,1.36436,1.5,1
20.08.2021 00:41:46.130,1.36448,1.36434,1,1
20.08.2021 00:41:46.231,1.36448,1.36436,1,1
20.08.2021 00:41:46.962,1.3645200000000002,1.3643500000000002,1.12,1
20.08.2021 00:41:49.728,1.36453,1.36437,1,1
20.08.2021 00:42:01.080,1.36454,1.36437,1.5,1
20.08.2021 00:42:02.126,1.3645100000000001,1.36436,1,1
20.08.2021 00:42:04.815,1.36449,1.36434,1,1
20.08.2021 00:42:05.067,1.36448,1.3643200000000002,1,1
20.08.2021 00:42:31.593,1.36443,1.36429,1,1
20.08.2021 00:43:34.910,1.3644500000000002,1.3643100000000001,1,1
20.08.2021 00:43:35.011,1.36444,1.36429,1,1
20.08.2021 00:43:56.329,1.36444,1.36429,1,1.5
20.08.2021 00:43:56.437,1.36444,1.36429,1,1.12
20.08.2021 00:44:05.025,1.3644500000000002,1.3643100000000001,1,1
20.08.2021 00:44:47.092,1.36447,1.3643100000000001,1,1
20.08.2021 00:44:50.825,1.36448,1.36434,1,1
20.08.2021 00:44:51.574,1.36448,1.36433,1,1
20.08.2021 00:44:51.725,1.36449,1.36433,1,1.1
20.08.2021 00:44:51.876,1.3645200000000002,1.3643500000000002,1,1
20.08.2021 00:44:52.077,1.3645200000000002,1.36436,1,1
20.08.2021 00:44:52.178,1.3645500000000002,1.36437,1,1
20.08.2021 00:44:52.279,1.36456,1.3644100000000001,1,1
20.08.2021 00:45:21.638,1.36454,1.36439,1,1.6
20.08.2021 00:45:22.428,1.36454,1.36439,1,1.6
20.08.2021 00:45:22.975,1.36454,1.36439,1,1.12
20.08.2021 00:45:23.087,1.36453,1.36438,1,1.7
20.08.2021 00:45:23.207,1.36454,1.36437,1,1.5
20.08.2021 00:45:26.662,1.36454,1.3644,1,1
20.08.2021 00:45:42.342,1.36454,1.36437,1,1
20.08.2021 00:45:42.443,1.36453,1.36436,1,1.12
20.08.2021 00:45:42.611,1.3645100000000001,1.36434,1,2.37
20.08.2021 00:45:42.712,1.36449,1.36434,1,3.37
20.08.2021 00:45:49.222,1.36448,1.36433,1,1
20.08.2021 00:45:59.666,1.36449,1.36429,1,2.47
20.08.2021 00:46:00.508,1.36447,1.36429,1,2.47
20.08.2021 00:46:00.905,1.3644500000000002,1.3643,1,1.1
20.08.2021 00:46:01.762,1.3644500000000002,1.3643,1,1.7
20.08.2021 00:46:02.555,1.36443,1.3643,1,1.5
20.08.2021 00:46:05.709,1.36443,1.3643,1,1.12
20.08.2021 00:46:12.212,1.3644200000000002,1.3643,1,1
20.08.2021 00:46:12.779,1.36443,1.3642400000000001,1,1.57
20.08.2021 00:46:17.408,1.3644500000000002,1.36427,1,1
20.08.2021 00:46:43.815,1.36444,1.36425,1,1
20.08.2021 00:46:43.916,1.3644200000000002,1.3642400000000001,1,1
20.08.2021 00:46:44.196,1.3644100000000001,1.36423,1,1
20.08.2021 00:46:44.695,1.3644,1.3642200000000002,1,1
20.08.2021 00:46:53.856,1.3644,1.3642200000000002,1,1
20.08.2021 00:47:04.013,1.36437,1.3642200000000002,1,1
20.08.2021 00:47:04.063,1.36436,1.3642,1,1
20.08.2021 00:47:04.203,1.36436,1.36418,1,1
20.08.2021 00:47:26.210,1.36434,1.36418,1,1
20.08.2021 00:47:31.722,1.36436,1.36419,1,1
20.08.2021 00:47:32.954,1.36436,1.3642,1,1
20.08.2021 00:47:33.055,1.3644,1.3642100000000001,1,1
20.08.2021 00:47:33.106,1.3644100000000001,1.3642400000000001,1,1
20.08.2021 00:47:42.811,1.3644100000000001,1.3642200000000002,1,1
20.08.2021 00:47:52.911,1.3644,1.3642400000000001,1,1
20.08.2021 00:48:06.960,1.3644100000000001,1.3642200000000002,1,1.57
20.08.2021 00:48:10.385,1.3644,1.3642200000000002,1,1
20.08.2021 00:48:21.546,1.36438,1.3642,1,1
20.08.2021 00:48:24.237,1.36436,1.3642,1,1
20.08.2021 00:48:25.346,1.36436,1.36417,1,1.6
20.08.2021 00:48:25.455,1.36436,1.36417,1,1.12
20.08.2021 00:48:26.869,1.36434,1.36417,1,1.12
20.08.2021 00:48:27.031,1.36433,1.36416,1,1.5
20.08.2021 00:48:27.133,1.36434,1.36418,1,1
20.08.2021 00:48:27.740,1.3643500000000002,1.36418,1,1
20.08.2021 00:48:27.790,1.36434,1.36415,1,1.5
20.08.2021 00:48:38.826,1.36434,1.36418,1,1
20.08.2021 00:48:39.077,1.3643200000000002,1.36416,1,1
20.08.2021 00:48:39.127,1.36434,1.36417,1,1
20.08.2021 00:48:39.178,1.3643200000000002,1.3641400000000001,1,1
20.08.2021 00:48:39.279,1.3643,1.36415,1,1
20.08.2021 00:48:39.866,1.3643,1.3641200000000002,1,1.87
20.08.2021 00:48:53.691,1.3643100000000001,1.3641400000000001,1,1
20.08.2021 00:49:00.973,1.3643200000000002,1.36415,1,1
20.08.2021 00:49:04.468,1.36433,1.36417,1,1
20.08.2021 00:49:04.569,1.36434,1.36419,1,1
20.08.2021 00:49:04.770,1.3643500000000002,1.3642,1,1
20.08.2021 00:49:10.753,1.36436,1.36418,1,1
20.08.2021 00:49:27.451,1.36434,1.36416,1,1.5
20.08.2021 00:49:28.643,1.36433,1.36416,1,1.57
20.08.2021 00:49:43.412,1.3643200000000002,1.36416,1,1
20.08.2021 00:49:43.463,1.3643200000000002,1.36413,1,1.2
20.08.2021 00:49:51.856,1.3643100000000001,1.36416,1,1
20.08.2021 00:50:19.863,1.3643100000000001,1.36415,1,1.1
20.08.2021 00:50:19.964,1.3643100000000001,1.36416,1,1
20.08.2021 00:50:23.470,1.3643100000000001,1.36413,1,1.57
20.08.2021 00:50:24.582,1.36429,1.36413,1,1
20.08.2021 00:50:24.633,1.36427,1.3641200000000002,1,1.5
20.08.2021 00:50:29.515,1.36426,1.3641100000000002,1,1
20.08.2021 00:50:30.017,1.36426,1.36408,1,1.87
20.08.2021 00:51:01.149,1.36427,1.3641,1,1
20.08.2021 00:51:22.446,1.36425,1.36409,1,1
20.08.2021 00:51:30.039,1.36426,1.3641100000000002,1,1
20.08.2021 00:51:56.115,1.36425,1.36409,1,1
20.08.2021 00:52:14.157,1.36427,1.3641200000000002,1,1
20.08.2021 00:52:14.258,1.36428,1.36413,1,1
20.08.2021 00:52:16.623,1.36429,1.3641400000000001,1,1
20.08.2021 00:52:16.774,1.3643100000000001,1.36416,1,1
20.08.2021 00:52:16.875,1.3643100000000001,1.36415,1,1
20.08.2021 00:52:21.079,1.3643100000000001,1.3641200000000002,1,1.2
20.08.2021 00:52:21.130,1.36429,1.3641100000000002,1,1.12
20.08.2021 00:52:27.010,1.36428,1.3641100000000002,1,1
20.08.2021 00:52:27.680,1.36427,1.3641,1,1
20.08.2021 00:52:47.057,1.36427,1.3641200000000002,1,1
20.08.2021 00:52:55.157,1.36429,1.3641100000000002,1,1.5
20.08.2021 00:52:55.308,1.3643,1.3641200000000002,1,1.12
20.08.2021 00:52:55.409,1.3643,1.3641200000000002,1,1.5
20.08.2021 00:52:55.608,1.36429,1.36413,1,1.12
20.08.2021 00:53:03.852,1.36427,1.3641100000000002,1,1.5
20.08.2021 00:53:15.195,1.36427,1.3641100000000002,1,1.5
20.08.2021 00:53:29.784,1.36427,1.3641100000000002,1,1.5
20.08.2021 00:53:29.834,1.3643,1.36413,1,1
20.08.2021 00:53:37.796,1.36428,1.3641200000000002,1,1.5
20.08.2021 00:53:37.979,1.36428,1.3641200000000002,1,1.5
20.08.2021 00:53:38.080,1.36428,1.3641100000000002,1,1.5
20.08.2021 00:53:38.678,1.36428,1.3641,1,1.62
20.08.2021 00:53:52.651,1.36428,1.3641,1,1.12
20.08.2021 00:53:58.615,1.36427,1.3641100000000002,1,1.5
20.08.2021 00:54:02.276,1.36426,1.36408,1,1.7
20.08.2021 00:54:02.505,1.36426,1.36408,1,1.7
20.08.2021 00:54:08.576,1.36425,1.36409,1,2.07
20.08.2021 00:54:09.031,1.36426,1.36408,1,2.07
20.08.2021 00:54:11.395,1.36425,1.36409,1,3.07
20.08.2021 00:54:11.445,1.36426,1.36408,1,2.07
20.08.2021 00:54:23.626,1.36426,1.3641100000000002,1,1
20.08.2021 00:54:30.238,1.36429,1.3641100000000002,1,1.5
20.08.2021 00:54:31.326,1.36428,1.3641200000000002,1,1.6
20.08.2021 00:54:31.477,1.36428,1.3641200000000002,1,1.6
20.08.2021 00:54:31.732,1.3643,1.3641200000000002,1,1.5
20.08.2021 00:54:34.651,1.3643,1.36415,1,1.12
20.08.2021 00:54:34.802,1.36433,1.36416,1,1
20.08.2021 00:54:35.003,1.36433,1.36416,1,1.5
20.08.2021 00:54:35.105,1.36433,1.36417,1,1.6
20.08.2021 00:54:36.146,1.36433,1.36417,1,1.6
20.08.2021 00:54:41.227,1.3643500000000002,1.3642,1,1.12
20.08.2021 00:54:45.505,1.3643500000000002,1.3642,1,1.5
20.08.2021 00:54:55.470,1.36436,1.36419,1,1.12
20.08.2021 00:54:56.690,1.36434,1.36417,1,1.6
20.08.2021 00:54:56.791,1.36433,1.36418,1,1.5
20.08.2021 00:54:57.350,1.36433,1.36418,1,1.12
20.08.2021 00:54:58.206,1.3643100000000001,1.36416,1,1.12
20.08.2021 00:54:58.307,1.36427,1.3641200000000002,1,1.5
20.08.2021 00:54:58.408,1.36427,1.3641200000000002,1,1.12
20.08.2021 00:54:58.509,1.36425,1.3641,1,1.5
20.08.2021 00:54:58.610,1.36426,1.36409,1,1.12
20.08.2021 00:54:58.815,1.3642100000000001,1.36406,1,1.5
20.08.2021 00:54:58.916,1.3642100000000001,1.36404,1,1.5
20.08.2021 00:54:59.017,1.3642200000000002,1.3640700000000001,1,1
20.08.2021 00:54:59.880,1.3642100000000001,1.36406,1,1
20.08.2021 00:54:59.931,1.36419,1.36405,1,1
20.08.2021 00:55:00.082,1.36418,1.3640100000000002,1,1.12
20.08.2021 00:55:00.362,1.36418,1.36404,1,1
20.08.2021 00:55:00.464,1.36418,1.3640100000000002,1,1
20.08.2021 00:55:00.565,1.36416,1.3640200000000002,1,1
20.08.2021 00:55:00.874,1.36415,1.36398,1,1.5
20.08.2021 00:55:00.975,1.36413,1.3639700000000001,1,1
20.08.2021 00:55:01.076,1.3641100000000002,1.36396,1,1
20.08.2021 00:55:01.378,1.36409,1.36394,1,1
20.08.2021 00:55:08.770,1.3640700000000001,1.36393,1,1
20.08.2021 00:55:08.971,1.3640700000000001,1.3639100000000002,1,1
20.08.2021 00:55:09.072,1.3640200000000002,1.36388,1,1.12
20.08.2021 00:55:09.467,1.36404,1.36388,1,1
20.08.2021 00:55:09.837,1.3640200000000002,1.3638700000000001,1,1.5
20.08.2021 00:55:10.396,1.3640200000000002,1.36383,1,1.6
20.08.2021 00:55:10.516,1.3640100000000002,1.36384,1,1.6
20.08.2021 00:55:12.945,1.3640200000000002,1.36383,1,1.1
20.08.2021 00:55:15.623,1.3640200000000002,1.36385,1,1
20.08.2021 00:55:15.730,1.36403,1.36386,1,1
20.08.2021 00:55:18.542,1.3640200000000002,1.36386,1,1
20.08.2021 00:55:19.584,1.364,1.36385,1,1.12
20.08.2021 00:56:33.951,1.36404,1.3638700000000001,1,1
20.08.2021 00:56:34.575,1.36403,1.36389,1,1
20.08.2021 00:56:35.914,1.36404,1.36389,1,1
20.08.2021 00:56:47.802,1.36403,1.36389,1,1.12
20.08.2021 00:56:50.340,1.36408,1.3639100000000002,1,1
20.08.2021 00:56:50.441,1.36408,1.36393,1,1
20.08.2021 00:56:52.929,1.3641,1.36395,1,1
20.08.2021 00:56:53.030,1.3641400000000001,1.36398,1.12,1
20.08.2021 00:56:55.405,1.36417,1.3640100000000002,1,1
20.08.2021 00:56:56.312,1.36419,1.3640200000000002,1,1
20.08.2021 00:57:24.045,1.36418,1.36404,1,1
20.08.2021 00:57:25.999,1.3642,1.36404,1,1
20.08.2021 00:57:26.099,1.3642200000000002,1.36406,1,1
20.08.2021 00:57:26.402,1.36425,1.36408,1,1
20.08.2021 00:57:26.452,1.36427,1.3641,1,1
20.08.2021 00:57:30.808,1.36426,1.3641200000000002,1,1
20.08.2021 00:57:32.880,1.36429,1.3641200000000002,1,1.5
20.08.2021 00:57:38.752,1.36427,1.3641,1,1.12
20.08.2021 00:57:39.572,1.36425,1.36409,1,1.5
20.08.2021 00:57:39.673,1.3642400000000001,1.3640700000000001,1,1.5
20.08.2021 00:57:39.775,1.3642400000000001,1.3640700000000001,1,1
20.08.2021 00:57:46.595,1.36423,1.3640700000000001,1,1
20.08.2021 00:57:46.931,1.36423,1.36405,1,1.12
20.08.2021 00:57:49.557,1.3642200000000002,1.36405,1,1
20.08.2021 00:58:02.228,1.36423,1.36405,1,1
20.08.2021 00:58:03.191,1.3642200000000002,1.36404,1,1
20.08.2021 00:58:03.728,1.36419,1.3640200000000002,1,1.12
20.08.2021 00:58:03.829,1.36419,1.3640100000000002,1,1.95
20.08.2021 00:58:04.038,1.36418,1.364,1,1.5
20.08.2021 00:58:04.140,1.3641400000000001,1.364,1,1
20.08.2021 00:58:04.241,1.3641400000000001,1.36399,1,1
20.08.2021 00:58:04.342,1.3641400000000001,1.36398,1,1.12
20.08.2021 00:58:04.443,1.36413,1.3639700000000001,1,1
20.08.2021 00:58:05.061,1.3641400000000001,1.36395,1,1.12
20.08.2021 00:58:38.980,1.36415,1.3639700000000001,1,1
20.08.2021 00:58:39.081,1.36415,1.36398,1,1
20.08.2021 00:58:39.182,1.36417,1.36399,1,1
20.08.2021 00:58:39.816,1.36419,1.3640200000000002,1,1
20.08.2021 00:58:40.620,1.3642100000000001,1.36404,1,1
20.08.2021 00:58:49.166,1.3642,1.36406,1,1
20.08.2021 00:59:01.047,1.36419,1.36405,1,1
20.08.2021 01:00:03.154,1.36419,1.36403,1,1
20.08.2021 01:01:32.752,1.3642,1.36404,1,1
20.08.2021 01:01:35.442,1.3642200000000002,1.36408,1,1
20.08.2021 01:01:35.543,1.3642400000000001,1.36408,1.12,1
20.08.2021 01:01:43.389,1.36425,1.36408,1,1
20.08.2021 01:01:43.490,1.36427,1.3641200000000002,1.62,1
20.08.2021 01:01:43.896,1.3642400000000001,1.36408,1,1
20.08.2021 01:01:43.997,1.36425,1.3641100000000002,1,1
20.08.2021 01:01:47.098,1.3642400000000001,1.36408,1,1.12
20.08.2021 01:01:52.194,1.36425,1.36408,1,1.12
20.08.2021 01:01:52.296,1.3642,1.36406,1,1
20.08.2021 01:01:52.658,1.3642200000000002,1.36408,1,1
20.08.2021 01:02:11.531,1.36423,1.36409,1,1
20.08.2021 01:02:11.682,1.36425,1.3641100000000002,1.12,1
20.08.2021 01:02:18.919,1.36426,1.3641200000000002,1,1
20.08.2021 01:02:19.588,1.36426,1.3641,1,1
20.08.2021 01:02:19.689,1.36425,1.36409,1,1
20.08.2021 01:03:27.017,1.36427,1.3641,1.12,1
20.08.2021 01:03:27.168,1.36427,1.36413,1.5,1
20.08.2021 01:03:27.945,1.36426,1.3641,1,1.5
20.08.2021 01:03:38.576,1.3642400000000001,1.3641,1,1
20.08.2021 01:03:38.678,1.36423,1.3640700000000001,1,1
20.08.2021 01:03:38.953,1.3642400000000001,1.3641,1,1
20.08.2021 01:04:05.224,1.36423,1.36409,1,1
20.08.2021 01:04:05.325,1.3642100000000001,1.3640700000000001,1,1
20.08.2021 01:04:05.426,1.36418,1.36404,1,1.12
20.08.2021 01:04:44.064,1.36417,1.3640100000000002,1,1.5
20.08.2021 01:04:44.165,1.36415,1.3640100000000002,1,1
20.08.2021 01:04:47.464,1.36415,1.36398,1,1.5
20.08.2021 01:04:50.549,1.36415,1.36396,1,1.95
20.08.2021 01:04:54.354,1.36413,1.36395,1,1.97
20.08.2021 01:04:55.194,1.3641100000000002,1.36393,1,2.85
20.08.2021 01:04:55.296,1.3640700000000001,1.3639100000000002,1,1.6
20.08.2021 01:04:55.447,1.36404,1.3638700000000001,1,2.1
20.08.2021 01:04:55.498,1.36404,1.36386,1,3.87
20.08.2021 01:04:55.548,1.3640100000000002,1.3638700000000001,1,2
20.08.2021 01:04:55.649,1.3640200000000002,1.36385,1,1.95
20.08.2021 01:04:57.949,1.364,1.36382,1,2.85
20.08.2021 01:04:58.050,1.36399,1.36383,1,1.22
20.08.2021 01:04:58.152,1.36398,1.36383,1,1.2
20.08.2021 01:05:01.277,1.36399,1.3638100000000002,1,1.2
20.08.2021 01:05:03.690,1.3639700000000001,1.3638000000000001,1,2.85
20.08.2021 01:05:03.791,1.3639700000000001,1.36379,1,1.1
20.08.2021 01:05:03.897,1.3639700000000001,1.36378,1,2.72
20.08.2021 01:05:04.048,1.36395,1.36378,1,1.97
20.08.2021 01:05:07.051,1.36393,1.36378,1,2.1
20.08.2021 01:05:07.420,1.3639200000000002,1.36376,1,3.6
20.08.2021 01:05:07.759,1.36393,1.36375,1,1.97
20.08.2021 01:05:09.497,1.3639200000000002,1.3637700000000001,1,1.1
20.08.2021 01:05:09.598,1.36393,1.3637700000000001,1,1.1
20.08.2021 01:05:14.544,1.3639200000000002,1.36376,1,1.97
20.08.2021 01:05:17.466,1.3639200000000002,1.36376,1,1.97
20.08.2021 01:05:17.517,1.36395,1.36376,1,1.1
20.08.2021 01:05:17.618,1.36395,1.36378,1,1.6
20.08.2021 01:05:17.769,1.36396,1.3637700000000001,1,3.6
20.08.2021 01:05:17.950,1.36398,1.3638100000000002,1,1.2
20.08.2021 01:05:18.101,1.36398,1.3638100000000002,1,1.97
20.08.2021 01:05:21.590,1.36399,1.36382,1,1.1
20.08.2021 01:05:24.184,1.364,1.36382,1,1.57
20.08.2021 01:05:28.339,1.36398,1.36382,1,1.97
20.08.2021 01:05:28.920,1.36398,1.36382,1,1.2
20.08.2021 01:05:34.216,1.36399,1.36382,1,1
20.08.2021 01:05:47.799,1.3639700000000001,1.36382,1,1
20.08.2021 01:05:47.904,1.36395,1.3638000000000001,1,1
20.08.2021 01:05:48.950,1.36393,1.36378,1,1.5
20.08.2021 01:05:49.161,1.36393,1.36378,1,1.12
20.08.2021 01:05:59.968,1.3639200000000002,1.3637700000000001,1,1.5
20.08.2021 01:06:00.157,1.36393,1.36376,1,1
20.08.2021 01:06:00.819,1.36394,1.36378,1,1
20.08.2021 01:06:10.250,1.3639200000000002,1.36378,1,1.5
20.08.2021 01:06:11.191,1.3639200000000002,1.36378,1,1.12
20.08.2021 01:06:24.639,1.36395,1.36379,1,1
20.08.2021 01:06:24.740,1.36395,1.36382,1,1
20.08.2021 01:06:24.841,1.3639700000000001,1.3638100000000002,1.5,1
20.08.2021 01:06:24.942,1.36398,1.36385,1,1
20.08.2021 01:06:25.043,1.364,1.3638700000000001,1,1
20.08.2021 01:06:25.144,1.364,1.36386,1.5,1
20.08.2021 01:06:25.245,1.364,1.3638700000000001,1,1
20.08.2021 01:06:27.801,1.3640100000000002,1.3638700000000001,1.12,1
20.08.2021 01:06:27.934,1.3640200000000002,1.36388,1.5,1
20.08.2021 01:06:28.085,1.36403,1.3638700000000001,1.12,1
20.08.2021 01:06:28.186,1.36405,1.36389,1.5,1
20.08.2021 01:06:28.337,1.36406,1.3639200000000002,1.5,1
20.08.2021 01:06:32.721,1.3640700000000001,1.3639100000000002,1,1
20.08.2021 01:07:26.251,1.36404,1.3639000000000001,1,1
20.08.2021 01:07:28.450,1.3640700000000001,1.3639100000000002,1,1
20.08.2021 01:07:28.551,1.3640700000000001,1.36393,1,1
20.08.2021 01:07:28.602,1.3640700000000001,1.3639100000000002,1,1
20.08.2021 01:07:28.803,1.36409,1.36393,1,1
20.08.2021 01:07:33.011,1.3641,1.36394,1,1
20.08.2021 01:07:34.853,1.36408,1.36394,1,1
20.08.2021 01:07:34.954,1.36408,1.36393,1,1
20.08.2021 01:07:36.571,1.36406,1.3639100000000002,1,1
20.08.2021 01:07:36.672,1.36405,1.3639000000000001,1,1
20.08.2021 01:07:36.824,1.36403,1.36388,1,1
20.08.2021 01:07:48.529,1.3640200000000002,1.3638700000000001,1,1
20.08.2021 01:07:48.630,1.3640200000000002,1.36385,1,1
20.08.2021 01:07:48.731,1.364,1.36385,1,1
20.08.2021 01:07:57.510,1.3640200000000002,1.3638700000000001,1,1
20.08.2021 01:07:59.213,1.36403,1.36389,1,1
20.08.2021 01:08:06.682,1.3640100000000002,1.3638700000000001,1,1.5
20.08.2021 01:08:49.255,1.3640200000000002,1.36388,1,1
20.08.2021 01:08:49.413,1.36405,1.3639100000000002,1,1
20.08.2021 01:08:49.514,1.36406,1.3639000000000001,1.5,1.87
20.08.2021 01:08:49.617,1.36406,1.3639000000000001,1,1
20.08.2021 01:09:04.675,1.36405,1.3639100000000002,1.5,1.12
20.08.2021 01:09:15.079,1.36406,1.3639000000000001,1,1
20.08.2021 01:09:15.180,1.3640700000000001,1.3639100000000002,1.5,1.12
20.08.2021 01:09:15.281,1.36408,1.3639200000000002,1.5,1
20.08.2021 01:09:15.483,1.36409,1.36393,2.75,1
20.08.2021 01:09:15.584,1.36408,1.36394,1.5,1
20.08.2021 01:09:15.634,1.36409,1.36393,2,1
20.08.2021 01:09:15.735,1.36409,1.36393,2,1
20.08.2021 01:09:16.131,1.36409,1.36393,1.5,1
20.08.2021 01:09:16.232,1.36408,1.36396,1,1
20.08.2021 01:09:16.282,1.36409,1.36393,1.5,1
20.08.2021 01:09:16.333,1.36406,1.3639200000000002,1,2
20.08.2021 01:09:16.484,1.3640700000000001,1.3639100000000002,1.12,1
20.08.2021 01:09:18.301,1.36404,1.36388,1,1
20.08.2021 01:09:36.627,1.36403,1.36389,1.5,1.12
20.08.2021 01:09:36.749,1.36406,1.3639200000000002,1.5,1
20.08.2021 01:09:49.790,1.3640700000000001,1.3639100000000002,1.12,1
20.08.2021 01:09:49.841,1.36409,1.36393,2.75,1
20.08.2021 01:09:50.887,1.36408,1.36394,2.37,1
20.08.2021 01:09:51.852,1.36409,1.36393,2.37,1
20.08.2021 01:09:52.889,1.36408,1.36394,2,1
20.08.2021 01:10:00.508,1.36408,1.36395,1,1
20.08.2021 01:10:00.609,1.36408,1.36395,2,1
20.08.2021 01:10:00.760,1.36409,1.36394,1.87,1
20.08.2021 01:10:02.534,1.36409,1.36395,1.12,1
20.08.2021 01:10:02.635,1.3641100000000002,1.36395,1.12,1
20.08.2021 01:10:05.706,1.3641200000000002,1.36396,1.12,1
20.08.2021 01:10:23.751,1.3641200000000002,1.36398,1.12,1
20.08.2021 01:10:28.375,1.3641200000000002,1.36396,1,1
20.08.2021 01:10:34.894,1.3641,1.36394,1,1
20.08.2021 01:10:45.300,1.3641100000000002,1.3639700000000001,1.5,1
20.08.2021 01:10:45.465,1.36413,1.36399,1.5,1
20.08.2021 01:10:45.872,1.3641400000000001,1.36398,1.12,1
20.08.2021 01:11:09.372,1.36415,1.36399,1.12,1
20.08.2021 01:11:09.474,1.36417,1.3640100000000002,1,1
20.08.2021 01:11:09.584,1.36417,1.36403,1,1
20.08.2021 01:11:09.788,1.3642,1.36404,1.12,1
20.08.2021 01:11:30.152,1.36417,1.36403,1,1
20.08.2021 01:12:19.393,1.3642100000000001,1.36405,1,1
20.08.2021 01:12:19.494,1.36423,1.36406,1,1
20.08.2021 01:12:19.544,1.3642400000000001,1.36408,1,1
20.08.2021 01:12:26.665,1.3642400000000001,1.3641,1,1
20.08.2021 01:12:26.766,1.36426,1.3641200000000002,1,1
20.08.2021 01:12:26.867,1.36428,1.36413,1,1
20.08.2021 01:12:26.968,1.36429,1.36413,1,1
20.08.2021 01:12:32.487,1.36433,1.36417,1.6,1
20.08.2021 01:12:32.588,1.3643200000000002,1.36418,1.1,1
20.08.2021 01:12:43.233,1.36434,1.3642,1,1
20.08.2021 01:12:47.059,1.36433,1.36417,1,1
20.08.2021 01:13:04.201,1.3643200000000002,1.36416,1,1
20.08.2021 01:13:19.045,1.3643200000000002,1.36418,1,1
20.08.2021 01:13:19.146,1.3643100000000001,1.36417,1,1
20.08.2021 01:14:05.059,1.36433,1.36419,1,1
20.08.2021 01:14:05.160,1.36437,1.3642100000000001,1.12,1
20.08.2021 01:14:05.261,1.3644,1.3642400000000001,1.57,1
20.08.2021 01:14:12.755,1.3644,1.36426,1,1
20.08.2021 01:15:00.855,1.36439,1.3642200000000002,1,1
20.08.2021 01:15:00.956,1.36438,1.3642100000000001,1,1
20.08.2021 01:15:01.208,1.36437,1.36419,1,1
20.08.2021 01:15:01.744,1.3643500000000002,1.36419,1,1
20.08.2021 01:15:02.893,1.36434,1.36417,1,1
20.08.2021 01:15:03.095,1.3643100000000001,1.36415,1,1
20.08.2021 01:15:03.227,1.3643,1.36415,1,1
20.08.2021 01:15:04.727,1.36428,1.3641400000000001,1,1
20.08.2021 01:15:06.274,1.36428,1.3641100000000002,1,1
20.08.2021 01:15:16.330,1.36429,1.36413,1.5,1
20.08.2021 01:15:16.659,1.3643,1.3641400000000001,1.12,1
20.08.2021 01:15:20.009,1.3643100000000001,1.36416,1,1
20.08.2021 01:15:53.873,1.3643100000000001,1.3641400000000001,1,1
20.08.2021 01:15:54.030,1.36428,1.3641400000000001,1,1
20.08.2021 01:15:54.282,1.36427,1.3641200000000002,1,1
20.08.2021 01:15:57.159,1.36425,1.3641100000000002,1,1
20.08.2021 01:15:57.261,1.3642400000000001,1.3641,1,1
20.08.2021 01:15:57.362,1.3642400000000001,1.36408,1,1
20.08.2021 01:15:57.463,1.36425,1.36408,1,1
20.08.2021 01:15:57.513,1.36427,1.36409,1,1
20.08.2021 01:16:00.850,1.36427,1.3641100000000002,1,1
20.08.2021 01:16:00.951,1.36428,1.3641200000000002,1,1
20.08.2021 01:16:02.787,1.36426,1.3641200000000002,1,1
20.08.2021 01:16:05.372,1.36427,1.3641,1,1
20.08.2021 01:16:05.473,1.36425,1.3641,1.5,1
20.08.2021 01:16:09.734,1.36423,1.36408,1,1
20.08.2021 01:16:10.258,1.3642200000000002,1.3640700000000001,1,1
20.08.2021 01:16:13.416,1.3642400000000001,1.36408,1,1
20.08.2021 01:16:13.466,1.36426,1.36409,1,1
20.08.2021 01:16:14.701,1.3642400000000001,1.36409,1,1
20.08.2021 01:16:14.802,1.36425,1.3641100000000002,1,1
20.08.2021 01:16:14.903,1.36423,1.36408,1,1
20.08.2021 01:16:22.879,1.3642200000000002,1.36406,1,1
20.08.2021 01:16:23.988,1.3642100000000001,1.36405,1,1
20.08.2021 01:16:25.351,1.3642100000000001,1.36404,1,1
20.08.2021 01:16:26.850,1.36419,1.36404,1,1
20.08.2021 01:16:37.687,1.36419,1.36403,1.25,1
20.08.2021 01:16:38.204,1.3642,1.36403,1,1
20.08.2021 01:16:40.820,1.3642100000000001,1.36405,1,1
20.08.2021 01:16:40.921,1.36423,1.36406,4.62,1
20.08.2021 01:16:41.548,1.36423,1.36406,1.12,1
20.08.2021 01:16:51.901,1.3642400000000001,1.36408,1.5,1
20.08.2021 01:16:52.568,1.3642400000000001,1.36408,1.12,1
20.08.2021 01:17:04.170,1.36426,1.36409,2,1
20.08.2021 01:17:04.674,1.36426,1.36409,1.12,1
20.08.2021 01:17:05.559,1.36423,1.36409,1,1
20.08.2021 01:17:05.682,1.36426,1.3641200000000002,1.5,1
20.08.2021 01:17:06.676,1.36426,1.3641200000000002,1.5,1
20.08.2021 01:17:13.359,1.36427,1.36413,1.12,1
20.08.2021 01:17:13.409,1.3643100000000001,1.36415,1.5,1
20.08.2021 01:17:13.510,1.3643500000000002,1.3642,1.5,1
20.08.2021 01:17:13.561,1.3643500000000002,1.3642,1,1
20.08.2021 01:17:13.662,1.36438,1.3642200000000002,1.12,1
20.08.2021 01:17:13.864,1.36438,1.3642400000000001,1,1
20.08.2021 01:17:28.079,1.3644,1.36426,1,1
20.08.2021 01:17:33.836,1.36443,1.36426,1.87,1
20.08.2021 01:17:44.341,1.36443,1.36428,1,1
20.08.2021 01:18:23.281,1.3644500000000002,1.36428,1.87,1
20.08.2021 01:18:25.314,1.3644500000000002,1.3643,1.62,1
20.08.2021 01:18:25.415,1.3644500000000002,1.3643,1.12,1
20.08.2021 01:18:29.481,1.36444,1.36429,1,1
20.08.2021 01:18:37.746,1.3644200000000002,1.36426,1,1
20.08.2021 01:18:37.847,1.3644200000000002,1.36425,1,1
20.08.2021 01:18:46.191,1.36443,1.36425,1,1
20.08.2021 01:18:50.873,1.3644100000000001,1.36426,1,1
20.08.2021 01:18:50.974,1.3644,1.36425,1,1
20.08.2021 01:19:02.120,1.36438,1.36423,1,1
20.08.2021 01:19:09.894,1.36437,1.3642,1,1
20.08.2021 01:19:09.996,1.3643500000000002,1.3642,1,1
20.08.2021 01:19:10.097,1.36433,1.36418,1,1
20.08.2021 01:19:10.198,1.3643200000000002,1.36417,1,1
20.08.2021 01:19:10.349,1.36433,1.36415,1,1
20.08.2021 01:19:24.369,1.3643100000000001,1.3641400000000001,1,1
20.08.2021 01:19:24.903,1.36433,1.36415,1,1
20.08.2021 01:19:31.489,1.3643100000000001,1.3641400000000001,1,1
20.08.2021 01:19:31.767,1.3643,1.3641400000000001,1,1
20.08.2021 01:19:32.256,1.36428,1.36413,1,1
20.08.2021 01:19:32.357,1.36427,1.3641,1,1
20.08.2021 01:19:32.458,1.36426,1.36409,1,1
20.08.2021 01:19:32.809,1.36427,1.3641,1.2,1
20.08.2021 01:19:37.609,1.36428,1.3641100000000002,1,1
20.08.2021 01:19:37.660,1.3643,1.3641400000000001,2.62,1
20.08.2021 01:19:37.761,1.36429,1.3641200000000002,1,1
20.08.2021 01:19:38.142,1.3643,1.3641400000000001,1,1
20.08.2021 01:19:40.748,1.3643100000000001,1.36416,2.25,1
20.08.2021 01:19:45.833,1.3643200000000002,1.36416,1.5,1
20.08.2021 01:19:46.228,1.36433,1.36416,1.5,1
20.08.2021 01:19:46.329,1.3643,1.36417,1,1
20.08.2021 01:19:46.547,1.3643100000000001,1.3642,1,1
20.08.2021 01:19:46.598,1.36438,1.3642,2.25,1
20.08.2021 01:19:46.749,1.3644,1.3642,1.97,1
20.08.2021 01:19:46.900,1.3644,1.3642,1.95,1
20.08.2021 01:19:46.951,1.3644100000000001,1.3642200000000002,2,1
20.08.2021 01:19:47.102,1.36437,1.3642100000000001,1,1
20.08.2021 01:19:47.363,1.36439,1.3642100000000001,1,1
20.08.2021 01:19:49.089,1.36437,1.3642100000000001,1,1
20.08.2021 01:19:56.281,1.3643500000000002,1.3642,1,1
20.08.2021 01:19:56.579,1.36436,1.3642,1,1
20.08.2021 01:19:58.147,1.36438,1.36419,1,1
20.08.2021 01:20:00.699,1.36434,1.36419,1,1
20.08.2021 01:20:00.800,1.3643200000000002,1.36417,1,1
20.08.2021 01:20:03.596,1.36436,1.36419,1.5,1
20.08.2021 01:20:03.697,1.36437,1.3642200000000002,1,1
20.08.2021 01:20:03.799,1.36439,1.3642200000000002,1.87,1
20.08.2021 01:20:06.732,1.36439,1.36423,1,1
20.08.2021 01:20:06.852,1.3644,1.36423,1.12,1
20.08.2021 01:20:09.753,1.3644,1.3642200000000002,1,1
20.08.2021 01:20:11.361,1.36439,1.3642200000000002,1,1
20.08.2021 01:20:12.822,1.3644,1.3642200000000002,1,1
20.08.2021 01:20:15.624,1.36437,1.3642200000000002,1,1
20.08.2021 01:20:17.337,1.36428,1.36419,1.25,1
20.08.2021 01:20:17.388,1.36429,1.36416,1,1
20.08.2021 01:20:17.439,1.36429,1.36413,1,1.12
20.08.2021 01:20:17.641,1.36426,1.3641100000000002,1.12,1
20.08.2021 01:20:21.743,1.36426,1.36409,1,1
20.08.2021 01:20:22.004,1.36423,1.36408,1,1
20.08.2021 01:20:29.735,1.3642200000000002,1.36406,1,1
20.08.2021 01:20:29.988,1.3642200000000002,1.36404,1,1
20.08.2021 01:20:30.762,1.3642,1.36404,1,1
20.08.2021 01:20:33.774,1.3642200000000002,1.36404,1,1
20.08.2021 01:20:47.219,1.3642,1.36404,1,1
20.08.2021 01:20:52.971,1.36419,1.3640200000000002,1,1
20.08.2021 01:21:00.656,1.36418,1.3640100000000002,1,1
20.08.2021 01:21:00.857,1.36416,1.36399,1,1
20.08.2021 01:21:01.707,1.36418,1.364,1,1
20.08.2021 01:21:01.858,1.36418,1.3640200000000002,1,1
20.08.2021 01:21:04.806,1.36419,1.36404,1,1
20.08.2021 01:21:06.330,1.3642,1.36404,1,1
20.08.2021 01:21:06.869,1.3642100000000001,1.3640200000000002,1,1
20.08.2021 01:21:58.857,1.3642100000000001,1.36403,1,1
20.08.2021 01:22:11.836,1.3642200000000002,1.36405,1,1
20.08.2021 01:22:11.886,1.36423,1.3640700000000001,1.57,1
20.08.2021 01:22:11.937,1.3642400000000001,1.36408,1,1
20.08.2021 01:22:12.188,1.36425,1.36408,1.12,1
20.08.2021 01:22:14.317,1.36426,1.36409,1.12,1
20.08.2021 01:22:20.072,1.3642400000000001,1.36409,1,1
20.08.2021 01:22:26.417,1.36426,1.36409,1,1
20.08.2021 01:22:26.527,1.36427,1.3641,1.5,1
20.08.2021 01:22:27.047,1.36426,1.3641100000000002,1.5,1
20.08.2021 01:22:27.884,1.36426,1.3641100000000002,1.5,1
20.08.2021 01:22:27.935,1.36428,1.36413,1.12,1
20.08.2021 01:22:27.985,1.36428,1.36413,2,1
20.08.2021 01:22:31.779,1.36429,1.3641200000000002,1.87,1
20.08.2021 01:22:31.829,1.36429,1.36413,1.5,1
20.08.2021 01:22:33.261,1.36429,1.36413,1.5,1
20.08.2021 01:22:35.264,1.36429,1.36413,1.5,1
20.08.2021 01:22:44.797,1.36429,1.3641200000000002,2,1
20.08.2021 01:22:56.934,1.36426,1.3641200000000002,1.5,1
20.08.2021 01:22:57.370,1.36427,1.36413,1.5,1
20.08.2021 01:22:57.848,1.36428,1.3641200000000002,1.5,1
20.08.2021 01:22:57.973,1.36426,1.3641,1.5,1
20.08.2021 01:22:58.191,1.36427,1.36413,2,1
20.08.2021 01:22:58.456,1.36427,1.36413,1.12,1
20.08.2021 01:22:58.511,1.36428,1.36416,1.5,1
20.08.2021 01:22:58.562,1.3643200000000002,1.36416,1.62,1
20.08.2021 01:22:58.684,1.36433,1.36417,1.5,1
20.08.2021 01:22:58.785,1.36433,1.36417,1,1
20.08.2021 01:22:59.204,1.3643500000000002,1.36419,1.87,1
20.08.2021 01:22:59.460,1.36434,1.36418,1,1
20.08.2021 01:22:59.566,1.36433,1.36418,1,1
20.08.2021 01:23:00.259,1.3643100000000001,1.36417,1,1
20.08.2021 01:23:00.360,1.36428,1.36413,1,1.5
20.08.2021 01:23:00.461,1.36428,1.3641200000000002,1,1
20.08.2021 01:23:00.562,1.36425,1.3641200000000002,1,1
20.08.2021 01:23:00.663,1.36425,1.3641100000000002,1,1
20.08.2021 01:23:00.764,1.3642400000000001,1.3641,1,1
20.08.2021 01:23:00.865,1.36427,1.3641100000000002,1,1
20.08.2021 01:23:02.451,1.3642400000000001,1.3641,1,1
20.08.2021 01:23:02.912,1.36425,1.3641200000000002,1,1
20.08.2021 01:23:03.013,1.36426,1.3641200000000002,1,1
20.08.2021 01:23:04.921,1.3642400000000001,1.3641,1,1
20.08.2021 01:23:09.784,1.3642400000000001,1.36408,1,1.12
20.08.2021 01:23:09.885,1.3642400000000001,1.3641,1,1
20.08.2021 01:23:11.210,1.3642400000000001,1.36408,1,1.5
20.08.2021 01:23:14.017,1.3642,1.36409,1,1
20.08.2021 01:23:14.068,1.3642,1.36404,1,4.12
20.08.2021 01:23:16.175,1.36417,1.36403,1,1.12
20.08.2021 01:23:16.276,1.36415,1.36403,1,1
20.08.2021 01:23:16.327,1.3641400000000001,1.364,1,1.62
20.08.2021 01:23:16.428,1.3641100000000002,1.36398,1,3.5
20.08.2021 01:23:16.478,1.3641100000000002,1.36398,1,3
20.08.2021 01:23:20.597,1.3641,1.36398,1,1
20.08.2021 01:23:20.647,1.36409,1.3639700000000001,1,1
20.08.2021 01:23:20.698,1.36408,1.36393,1,1.62
20.08.2021 01:23:20.806,1.36409,1.3639200000000002,1,2.62
20.08.2021 01:23:32.949,1.36406,1.3639000000000001,1,1
20.08.2021 01:23:33.050,1.36406,1.36389,1,1.87
20.08.2021 01:23:33.151,1.36404,1.36389,1,1
20.08.2021 01:23:35.616,1.36404,1.3639000000000001,1,1
20.08.2021 01:23:40.616,1.36406,1.3639200000000002,1,1
20.08.2021 01:23:40.994,1.36405,1.36389,1,1.5
20.08.2021 01:23:41.045,1.3640200000000002,1.36386,1,1.12
20.08.2021 01:23:41.095,1.36404,1.3639000000000001,1,1
20.08.2021 01:23:41.196,1.3640700000000001,1.3639100000000002,1,1
20.08.2021 01:23:41.995,1.36405,1.36389,1,1
20.08.2021 01:23:46.637,1.3640700000000001,1.3639100000000002,1.5,1
20.08.2021 01:23:51.027,1.36406,1.3639100000000002,2.62,1
20.08.2021 01:23:51.128,1.36403,1.3638700000000001,1,1.5
20.08.2021 01:23:55.694,1.36404,1.36388,1,1
20.08.2021 01:23:55.795,1.36406,1.3639000000000001,1.12,1
20.08.2021 01:23:55.996,1.36406,1.3639200000000002,1,1
20.08.2021 01:23:57.899,1.3641,1.36395,2.35,1
20.08.2021 01:23:57.950,1.3641,1.36395,1,1
20.08.2021 01:24:06.426,1.36409,1.36393,1,1
20.08.2021 01:24:12.991,1.3640700000000001,1.36393,1,1
20.08.2021 01:24:21.682,1.36406,1.3639100000000002,1,1.5
20.08.2021 01:24:22.240,1.3640700000000001,1.36389,1,1
20.08.2021 01:24:22.441,1.36403,1.36385,1,1.5
20.08.2021 01:24:22.542,1.3640200000000002,1.36386,1,1
20.08.2021 01:24:23.116,1.36404,1.3638700000000001,1,1
20.08.2021 01:24:26.010,1.36404,1.36389,1,1
20.08.2021 01:24:29.589,1.36404,1.3638700000000001,1,1
20.08.2021 01:24:44.190,1.36405,1.3639000000000001,1,1
20.08.2021 01:24:46.113,1.3640700000000001,1.3639100000000002,1,1
20.08.2021 01:24:46.164,1.36409,1.3639200000000002,1,1
20.08.2021 01:24:46.315,1.3641200000000002,1.36395,1,1
20.08.2021 01:24:46.667,1.3641200000000002,1.3639700000000001,1,1
20.08.2021 01:24:49.617,1.3641200000000002,1.36398,1,1.5
20.08.2021 01:24:49.771,1.36415,1.36398,1,1
20.08.2021 01:24:49.822,1.36417,1.364,1,1
20.08.2021 01:24:49.973,1.3642100000000001,1.36408,1,1
20.08.2021 01:24:50.074,1.3642200000000002,1.36405,1,1
20.08.2021 01:24:51.214,1.3642,1.36404,1,1.12
20.08.2021 01:24:51.265,1.36419,1.36403,1,1
20.08.2021 01:24:51.366,1.36417,1.3640200000000002,1,1.5
20.08.2021 01:24:51.771,1.36418,1.36404,1,1
20.08.2021 01:24:52.961,1.36418,1.3640200000000002,1,1
20.08.2021 01:24:55.479,1.36417,1.3640200000000002,1,1
20.08.2021 01:24:57.856,1.36417,1.3640100000000002,1,1.5
20.08.2021 01:25:00.621,1.36418,1.364,1,2
20.08.2021 01:25:00.900,1.36418,1.364,1,3.94
20.08.2021 01:25:08.667,1.36416,1.36398,1,2
20.08.2021 01:25:08.768,1.36415,1.36399,1,1.87
20.08.2021 01:25:11.438,1.36415,1.36399,1,2
20.08.2021 01:25:12.110,1.36418,1.364,1,1
20.08.2021 01:25:12.589,1.36415,1.364,1,2.75
20.08.2021 01:25:12.690,1.36415,1.364,1,1.87
20.08.2021 01:25:14.676,1.36415,1.36398,1,2.62
20.08.2021 01:25:14.777,1.3641200000000002,1.36396,1,1.87
20.08.2021 01:25:14.879,1.3641100000000002,1.36396,1,1.87
20.08.2021 01:25:15.644,1.3641100000000002,1.36393,1,3.87
20.08.2021 01:25:15.745,1.3641100000000002,1.36396,1,1
20.08.2021 01:25:18.666,1.36413,1.36396,1,1
20.08.2021 01:25:39.574,1.36413,1.36399,1,1
20.08.2021 01:25:46.518,1.3641200000000002,1.36398,1,1.5
20.08.2021 01:26:00.699,1.3641400000000001,1.3639700000000001,1,1.5
20.08.2021 01:26:07.073,1.36413,1.3639700000000001,1,1
20.08.2021 01:26:07.863,1.36409,1.36395,1,1
20.08.2021 01:26:07.964,1.36406,1.3639200000000002,1,1
20.08.2021 01:26:35.474,1.36405,1.3639100000000002,1,1
20.08.2021 01:26:39.134,1.36404,1.3638700000000001,1,1.5
20.08.2021 01:26:39.336,1.36404,1.3638700000000001,1,1
20.08.2021 01:26:39.441,1.36403,1.36388,1,1
20.08.2021 01:26:40.183,1.36403,1.3638700000000001,1,1.12
20.08.2021 01:26:40.648,1.3640100000000002,1.36385,1,1.62
20.08.2021 01:26:40.750,1.3640100000000002,1.36384,1,1
20.08.2021 01:26:40.901,1.36399,1.36383,1,1.87
20.08.2021 01:26:41.684,1.36398,1.36383,1,1
20.08.2021 01:26:48.143,1.36396,1.3638100000000002,1,1.62
20.08.2021 01:26:48.244,1.36395,1.3638100000000002,1,1.12
20.08.2021 01:26:48.345,1.36396,1.36379,1,1
20.08.2021 01:26:48.446,1.36394,1.3637700000000001,1,1.5
20.08.2021 01:26:48.547,1.36395,1.36378,1,1.5
20.08.2021 01:26:48.802,1.3639700000000001,1.36379,1,1
20.08.2021 01:26:49.249,1.36396,1.3638100000000002,1,1
20.08.2021 01:26:49.738,1.36399,1.36382,1,1
20.08.2021 01:26:49.889,1.36399,1.36383,1,1
20.08.2021 01:26:49.990,1.364,1.36383,1,1
20.08.2021 01:26:51.523,1.364,1.36385,1,1
20.08.2021 01:26:51.624,1.36403,1.36386,1,1
20.08.2021 01:26:51.876,1.36403,1.36388,1,1
20.08.2021 01:26:52.585,1.36405,1.3639000000000001,1,1
20.08.2021 01:26:52.685,1.36405,1.3638700000000001,1,1.5
20.08.2021 01:26:59.794,1.36406,1.36388,1,1
20.08.2021 01:27:00.664,1.36406,1.3639100000000002,1,1
20.08.2021 01:27:08.781,1.36408,1.3639200000000002,1,1
20.08.2021 01:27:08.883,1.36409,1.36395,1,1
20.08.2021 01:27:09.034,1.36408,1.36394,1,1
20.08.2021 01:27:09.232,1.3641,1.36394,1,1
20.08.2021 01:27:09.333,1.3641100000000002,1.36395,1,1
20.08.2021 01:27:16.355,1.36409,1.36393,1,1
20.08.2021 01:27:24.964,1.3640700000000001,1.3639100000000002,1,2.25
20.08.2021 01:27:25.014,1.36406,1.36389,1,1.12
20.08.2021 01:27:25.115,1.36405,1.36389,1,1.5
20.08.2021 01:27:25.216,1.36403,1.3638700000000001,1,1.12
20.08.2021 01:27:25.382,1.36404,1.36384,1,1
20.08.2021 01:27:25.433,1.36404,1.36386,1,1
20.08.2021 01:27:28.549,1.36404,1.36385,1,1
20.08.2021 01:27:29.401,1.36405,1.3639000000000001,1.12,1
20.08.2021 01:27:30.918,1.36404,1.36388,1,1
20.08.2021 01:27:33.145,1.36403,1.36386,1,1
20.08.2021 01:27:33.297,1.36403,1.36385,1,1
20.08.2021 01:27:33.347,1.36399,1.36383,1,1.5
20.08.2021 01:27:33.448,1.3639700000000001,1.36383,1,1
20.08.2021 01:27:33.549,1.36398,1.3638100000000002,1,1
20.08.2021 01:27:33.651,1.3639100000000002,1.36379,1,1
20.08.2021 01:27:33.752,1.36394,1.36379,1,1
20.08.2021 01:27:33.853,1.36396,1.36379,1,1
20.08.2021 01:27:34.545,1.36395,1.36379,1,1.12
20.08.2021 01:27:36.867,1.3639200000000002,1.36378,1,1
20.08.2021 01:27:36.969,1.3639100000000002,1.3637700000000001,1,1.5
20.08.2021 01:27:37.070,1.3639000000000001,1.36376,1,1
20.08.2021 01:27:37.323,1.3639100000000002,1.36374,1,1.87
20.08.2021 01:27:37.424,1.36389,1.3637299999999999,1,3.5
20.08.2021 01:27:38.324,1.36389,1.3637299999999999,1,1.5
20.08.2021 01:27:43.106,1.36388,1.3637299999999999,1,1.5
20.08.2021 01:27:43.207,1.36383,1.36366,1,1.5
20.08.2021 01:27:43.308,1.3638100000000002,1.36365,1,1.5
20.08.2021 01:27:43.409,1.36383,1.36366,1,1
20.08.2021 01:27:44.082,1.36384,1.36366,1,1
20.08.2021 01:27:45.168,1.36382,1.36365,1,1.87
20.08.2021 01:27:52.499,1.3638100000000002,1.36364,1,1.12
20.08.2021 01:27:52.651,1.3638100000000002,1.36363,1,1
20.08.2021 01:27:52.802,1.36382,1.36365,1,1
20.08.2021 01:27:52.953,1.36378,1.3636100000000002,1,1
20.08.2021 01:27:53.154,1.3637700000000001,1.3636000000000001,1,2.62
20.08.2021 01:27:53.205,1.36375,1.3636000000000001,1,2.25
20.08.2021 01:27:54.049,1.3637299999999999,1.3636000000000001,1,1
20.08.2021 01:27:54.108,1.36376,1.36359,1,1.5
20.08.2021 01:27:54.216,1.3637700000000001,1.36359,1,1.5
20.08.2021 01:27:54.528,1.36376,1.36359,1,1
20.08.2021 01:27:54.629,1.3637299999999999,1.36358,1,1.5
20.08.2021 01:27:54.780,1.3637299999999999,1.3635700000000002,1,1
20.08.2021 01:27:57.208,1.36372,1.3635700000000002,1,1
20.08.2021 01:27:58.070,1.3637299999999999,1.36358,1,1
20.08.2021 01:27:58.411,1.36372,1.36358,1,1
20.08.2021 01:27:58.529,1.3637100000000002,1.36356,1,1.12
20.08.2021 01:27:58.579,1.36375,1.36358,1,1
20.08.2021 01:27:59.659,1.36372,1.36358,1,1
20.08.2021 01:27:59.810,1.3637100000000002,1.36358,1,1
20.08.2021 01:27:59.982,1.36372,1.36356,1,1.87
20.08.2021 01:28:00.635,1.36372,1.36355,1,1
20.08.2021 01:28:00.736,1.36369,1.36354,1,1
20.08.2021 01:28:00.837,1.36369,1.36353,1,1
20.08.2021 01:28:00.989,1.3636700000000002,1.36353,1,1
20.08.2021 01:28:01.248,1.3636700000000002,1.36351,1,1
20.08.2021 01:28:01.299,1.3637000000000001,1.36353,1,1
20.08.2021 01:28:02.401,1.3637000000000001,1.36354,1,1
20.08.2021 01:28:04.091,1.3637000000000001,1.36356,1.12,1
20.08.2021 01:28:04.528,1.36369,1.36353,1,1
20.08.2021 01:28:11.236,1.36368,1.36352,1,1
20.08.2021 01:28:11.998,1.3637000000000001,1.36356,1.5,1
20.08.2021 01:28:12.372,1.3637100000000002,1.36355,1.12,1
20.08.2021 01:28:13.825,1.3637299999999999,1.36359,1.5,1
20.08.2021 01:28:13.926,1.36376,1.3636000000000001,1.5,1
20.08.2021 01:28:14.579,1.36375,1.3636100000000002,1.5,1
20.08.2021 01:28:14.680,1.36376,1.3636000000000001,2,1
20.08.2021 01:28:14.837,1.36374,1.3636000000000001,1.5,1
20.08.2021 01:28:14.938,1.36376,1.3636000000000001,1.5,1
20.08.2021 01:28:18.068,1.36375,1.36359,1.5,1
20.08.2021 01:28:25.488,1.36372,1.36358,1,1
20.08.2021 01:28:25.589,1.3637299999999999,1.36356,1,1
20.08.2021 01:28:30.828,1.36374,1.36358,1,1
20.08.2021 01:28:34.216,1.3637299999999999,1.36356,1,1
20.08.2021 01:28:35.829,1.36372,1.36354,1,1.12
20.08.2021 01:28:35.879,1.36369,1.36354,1,1.5
20.08.2021 01:28:35.980,1.36372,1.36353,1,1.12
20.08.2021 01:28:44.295,1.36372,1.3635700000000002,1,1
20.08.2021 01:28:50.060,1.36372,1.36354,1,1.12
20.08.2021 01:28:50.161,1.3637000000000001,1.36354,1,1.12
20.08.2021 01:29:01.674,1.3637000000000001,1.36352,1,1.12
20.08.2021 01:29:16.927,1.36368,1.36353,1,1
20.08.2021 01:29:19.448,1.36369,1.36353,1,1
20.08.2021 01:29:20.147,1.3637100000000002,1.36354,1,1
20.08.2021 01:29:20.428,1.3637100000000002,1.36354,1,1.5
20.08.2021 01:29:20.529,1.3637100000000002,1.36354,1,1.5
20.08.2021 01:29:20.784,1.36372,1.36356,1,1.12
20.08.2021 01:29:20.986,1.3637100000000002,1.3635700000000002,1,1.5
20.08.2021 01:29:21.087,1.36374,1.36358,1,1.12
20.08.2021 01:29:21.188,1.36375,1.36358,1,1.12
20.08.2021 01:29:21.289,1.36374,1.36359,1,1.5
20.08.2021 01:29:21.390,1.36375,1.36358,1,1.5
20.08.2021 01:29:21.962,1.36375,1.36358,1,1.5
20.08.2021 01:29:23.192,1.3637299999999999,1.36358,1,1.5
20.08.2021 01:29:23.293,1.36372,1.36356,1,1.5
20.08.2021 01:29:23.344,1.3637299999999999,1.36358,1,1.12
20.08.2021 01:29:24.064,1.36374,1.3635700000000002,1,1.5
20.08.2021 01:29:24.165,1.36374,1.36359,1,1.5
20.08.2021 01:29:24.266,1.36374,1.36358,1,1.5
20.08.2021 01:29:26.375,1.3637299999999999,1.36359,1,1.5
20.08.2021 01:29:32.317,1.3637299999999999,1.36359,1,1.12
20.08.2021 01:29:34.018,1.36376,1.36359,1,1
20.08.2021 01:29:52.491,1.36375,1.3636000000000001,1,1.5
20.08.2021 01:30:00.785,1.3637700000000001,1.3636100000000002,1,1
20.08.2021 01:30:00.886,1.36378,1.36363,1,1
20.08.2021 01:30:01.539,1.36378,1.36362,1,1.12
20.08.2021 01:30:01.640,1.36378,1.36362,1,1.5
20.08.2021 01:30:01.741,1.3637700000000001,1.36363,1,1
20.08.2021 01:30:11.762,1.36379,1.36362,1,1.12
20.08.2021 01:30:17.636,1.3638000000000001,1.36364,1,1
20.08.2021 01:30:17.737,1.36379,1.36364,1,1
20.08.2021 01:30:17.888,1.3638000000000001,1.36363,1,1.5
20.08.2021 01:30:18.190,1.3638100000000002,1.36364,1,1.5
20.08.2021 01:30:18.308,1.3638100000000002,1.3636700000000002,1,1
20.08.2021 01:30:23.488,1.36382,1.36366,1,1.5
20.08.2021 01:30:23.601,1.36382,1.36366,1,1.12
20.08.2021 01:30:24.257,1.3638100000000002,1.3636700000000002,1,1.5
20.08.2021 01:30:24.358,1.36383,1.36368,1,1.12
20.08.2021 01:30:24.408,1.36385,1.3637000000000001,1,1
20.08.2021 01:30:24.509,1.3638700000000001,1.3637000000000001,1,1
20.08.2021 01:30:25.425,1.3638700000000001,1.36372,1,1.2
20.08.2021 01:30:28.574,1.3639000000000001,1.36375,1,1
20.08.2021 01:30:28.625,1.36393,1.3637700000000001,1,1
20.08.2021 01:30:28.982,1.36393,1.3637700000000001,1,1.5
20.08.2021 01:30:29.083,1.3639100000000002,1.36375,1,1
20.08.2021 01:30:29.386,1.3639000000000001,1.36376,1,1
20.08.2021 01:30:33.481,1.36389,1.36376,1,1
20.08.2021 01:30:33.582,1.36389,1.36372,1,1.5
20.08.2021 01:30:33.683,1.36389,1.36372,1,1.5
20.08.2021 01:30:33.784,1.3639000000000001,1.3637100000000002,1,1.5
20.08.2021 01:30:35.964,1.36386,1.36369,1,1.62
20.08.2021 01:30:36.065,1.36386,1.36369,1,1.62
20.08.2021 01:30:40.112,1.36384,1.36369,1,1
20.08.2021 01:30:40.240,1.36383,1.3636700000000002,1,1.5
20.08.2021 01:30:40.354,1.36384,1.36366,1,1.5
20.08.2021 01:30:40.589,1.3638100000000002,1.36366,1,1
20.08.2021 01:30:40.690,1.3638100000000002,1.36365,1,1.5
20.08.2021 01:30:40.740,1.36384,1.36366,1,1.5
20.08.2021 01:30:40.944,1.36383,1.3636700000000002,1,1.12
20.08.2021 01:30:40.995,1.3638000000000001,1.36364,1,2.07
20.08.2021 01:30:41.113,1.36382,1.36366,1,1.5
20.08.2021 01:30:41.215,1.36383,1.36365,1,1.12
20.08.2021 01:30:42.087,1.36382,1.36363,1,1.6
20.08.2021 01:30:49.952,1.3638100000000002,1.36366,1,1
20.08.2021 01:30:59.792,1.36382,1.36364,1,1.5
20.08.2021 01:30:59.875,1.36382,1.36364,1,1.5
20.08.2021 01:30:59.977,1.36382,1.36364,1,1.5
20.08.2021 01:31:02.325,1.3638100000000002,1.36365,1,1.5
20.08.2021 01:31:07.963,1.3638000000000001,1.36364,1,1.62
20.08.2021 01:31:08.063,1.36379,1.36363,1,1
20.08.2021 01:31:08.165,1.36378,1.3636100000000002,1,1.5
20.08.2021 01:31:08.215,1.36375,1.3636100000000002,1,1
20.08.2021 01:31:08.316,1.36372,1.36359,1,1
20.08.2021 01:31:08.418,1.36372,1.3636000000000001,1,1
20.08.2021 01:31:08.733,1.36372,1.36359,1,1
20.08.2021 01:31:09.321,1.3637100000000002,1.36355,1,1
20.08.2021 01:31:09.422,1.36372,1.36355,1,1
20.08.2021 01:31:13.993,1.3637100000000002,1.36355,1,1
20.08.2021 01:31:14.094,1.36372,1.36354,1,2.07
20.08.2021 01:31:14.195,1.36372,1.36354,1,2.07
20.08.2021 01:31:14.316,1.3637100000000002,1.36355,1,2.07
20.08.2021 01:31:14.862,1.36372,1.36354,1,2.07
20.08.2021 01:31:14.964,1.36372,1.3635700000000002,1,1
20.08.2021 01:31:17.447,1.3637000000000001,1.36358,1,1
20.08.2021 01:31:17.548,1.36369,1.36353,1,1.6
20.08.2021 01:31:17.649,1.3637100000000002,1.36355,1,1
20.08.2021 01:31:17.750,1.3637000000000001,1.36354,1,1.5
20.08.2021 01:31:20.585,1.36372,1.36354,1,1.12
20.08.2021 01:31:25.073,1.36372,1.36354,1,1.5
20.08.2021 01:31:27.582,1.36372,1.36354,1,1.12
20.08.2021 01:31:27.790,1.3637100000000002,1.36352,1,1.6
20.08.2021 01:31:30.316,1.3637100000000002,1.36355,1,1.12
20.08.2021 01:31:31.553,1.3637100000000002,1.36354,1,1.12
20.08.2021 01:31:31.604,1.36368,1.36352,1,1.7
20.08.2021 01:31:31.706,1.3636700000000002,1.36352,1,1
20.08.2021 01:31:31.918,1.36368,1.36351,1,1
20.08.2021 01:31:33.847,1.3637100000000002,1.36353,1,1
20.08.2021 01:31:33.959,1.3637000000000001,1.36351,1,1.5
20.08.2021 01:31:35.013,1.36369,1.36354,1,1.12
20.08.2021 01:31:35.164,1.3637000000000001,1.36354,1,1.12
20.08.2021 01:31:41.435,1.3637100000000002,1.36352,1,1.12
20.08.2021 01:31:41.536,1.3637000000000001,1.36351,1,1
20.08.2021 01:31:41.806,1.36369,1.36352,1,1.5
20.08.2021 01:31:45.682,1.3637000000000001,1.36351,1,1.5
20.08.2021 01:31:46.343,1.3637000000000001,1.36351,1,1.12
20.08.2021 01:31:46.444,1.3637000000000001,1.36353,1,1
20.08.2021 01:31:47.541,1.36369,1.36352,1,1.5
20.08.2021 01:31:48.456,1.36369,1.36351,1,1.7
20.08.2021 01:31:48.582,1.36372,1.36354,1,1
20.08.2021 01:31:51.169,1.36369,1.36353,1,1.12
20.08.2021 01:31:51.295,1.36369,1.36354,1,1
20.08.2021 01:31:52.518,1.3637000000000001,1.36355,1,1
20.08.2021 01:31:52.619,1.36372,1.3635700000000002,1,1
20.08.2021 01:31:53.335,1.36372,1.36355,1,1
20.08.2021 01:32:00.298,1.3637299999999999,1.36356,1,1
20.08.2021 01:32:01.735,1.36374,1.3635700000000002,1,1
20.08.2021 01:32:02.131,1.3637100000000002,1.36356,1,1.5
20.08.2021 01:32:11.580,1.36374,1.3636000000000001,1,1
20.08.2021 01:32:15.008,1.36374,1.36358,1,2.25
20.08.2021 01:32:18.782,1.36376,1.3636000000000001,1,1
20.08.2021 01:32:19.322,1.3637700000000001,1.36363,1.12,1
20.08.2021 01:32:19.423,1.36379,1.36362,1,1
20.08.2021 01:32:38.333,1.36379,1.36363,1,1
20.08.2021 01:32:42.486,1.3638000000000001,1.36364,1,1
20.08.2021 01:32:42.587,1.36384,1.3637000000000001,1,1
20.08.2021 01:32:42.688,1.36385,1.3637100000000002,1,1
20.08.2021 01:32:42.789,1.3638700000000001,1.3637100000000002,1,1
20.08.2021 01:32:42.890,1.3639000000000001,1.36374,1.12,1
20.08.2021 01:32:48.539,1.3639000000000001,1.36376,1,1
20.08.2021 01:32:55.389,1.3639000000000001,1.36374,1,1
20.08.2021 01:33:03.914,1.3639000000000001,1.3637299999999999,1,2.25
20.08.2021 01:33:04.015,1.3638700000000001,1.36374,1,1
20.08.2021 01:33:04.166,1.36389,1.36372,1,2.62
20.08.2021 01:33:05.630,1.36388,1.36374,1,1
20.08.2021 01:33:07.974,1.36386,1.3637299999999999,1,1
20.08.2021 01:33:08.479,1.3638700000000001,1.3637299999999999,1,1
20.08.2021 01:33:10.324,1.36385,1.36374,1,1
20.08.2021 01:33:12.835,1.3638700000000001,1.3637299999999999,1,1
20.08.2021 01:33:14.311,1.36385,1.36374,1,1
20.08.2021 01:33:14.815,1.36386,1.36374,1,1
20.08.2021 01:33:16.729,1.3638700000000001,1.36374,1,1
20.08.2021 01:33:17.615,1.3638700000000001,1.3637299999999999,1,1.5
20.08.2021 01:33:19.421,1.3638700000000001,1.36374,1,1
20.08.2021 01:33:21.150,1.36386,1.36372,1,1
20.08.2021 01:33:23.018,1.36386,1.3637100000000002,1,2.25
20.08.2021 01:33:23.119,1.36385,1.3637100000000002,1,1
20.08.2021 01:33:25.282,1.36386,1.36369,1,2.7
20.08.2021 01:33:27.181,1.36385,1.3637100000000002,1,1
20.08.2021 01:33:28.024,1.36385,1.36372,1,1
20.08.2021 01:33:28.755,1.36384,1.3637100000000002,1,1
20.08.2021 01:33:28.857,1.36385,1.3637100000000002,1,1
20.08.2021 01:33:29.527,1.36386,1.3637100000000002,1,1
20.08.2021 01:33:45.477,1.36385,1.3637100000000002,1,1.87
20.08.2021 01:33:45.582,1.36385,1.3637000000000001,1,1.87
20.08.2021 01:33:53.541,1.36385,1.36368,1,1.62
20.08.2021 01:33:55.559,1.36384,1.36369,1,1
20.08.2021 01:33:55.660,1.36384,1.3636700000000002,1,1.62
20.08.2021 01:33:55.711,1.3638100000000002,1.3636700000000002,1,1
20.08.2021 01:33:57.071,1.3638000000000001,1.36365,1,1
20.08.2021 01:33:57.837,1.3638000000000001,1.36363,1,1.62
20.08.2021 01:33:57.938,1.3638000000000001,1.36363,1,1.5
20.08.2021 01:33:58.039,1.36379,1.36362,1,1.5
20.08.2021 01:33:58.240,1.36379,1.36362,1,1.12
20.08.2021 01:33:58.546,1.36378,1.3636000000000001,1,1.1
20.08.2021 01:33:58.951,1.36378,1.36359,1,2.07
20.08.2021 01:34:00.423,1.36376,1.3636000000000001,1,2.56
20.08.2021 01:34:00.473,1.36375,1.36359,1,1
20.08.2021 01:34:00.574,1.36374,1.36359,1,1.62
20.08.2021 01:34:00.675,1.36374,1.36359,1,1.5
20.08.2021 01:34:01.788,1.3637299999999999,1.36358,1,1.62
20.08.2021 01:34:02.000,1.36374,1.3635700000000002,1,1.5
20.08.2021 01:34:02.634,1.3637299999999999,1.36355,1,1.6
20.08.2021 01:34:02.836,1.36372,1.36356,1,1.5
20.08.2021 01:34:03.817,1.3637299999999999,1.36355,1,1.5
20.08.2021 01:34:05.549,1.36375,1.36358,1,1
20.08.2021 01:34:05.650,1.36376,1.36359,1,1
20.08.2021 01:34:08.175,1.36374,1.36358,1,1.12
20.08.2021 01:34:08.276,1.36374,1.36355,1,2.07
20.08.2021 01:34:08.582,1.3637299999999999,1.36356,1,2.07
20.08.2021 01:34:08.883,1.36375,1.3635700000000002,1,1.12
20.08.2021 01:34:08.988,1.36375,1.3636000000000001,1,1
20.08.2021 01:34:10.358,1.3637700000000001,1.36362,1,1
20.08.2021 01:34:14.109,1.3637700000000001,1.3636000000000001,1,1.12
20.08.2021 01:34:14.691,1.36378,1.3636100000000002,1,1
20.08.2021 01:34:17.144,1.36379,1.36362,1,1
20.08.2021 01:34:18.181,1.36379,1.36364,1,1
20.08.2021 01:34:18.383,1.3638000000000001,1.36365,1,1
20.08.2021 01:34:18.484,1.36382,1.36366,1,1
20.08.2021 01:34:18.585,1.36383,1.36366,1,1
20.08.2021 01:34:18.686,1.36383,1.36366,1,1.5
20.08.2021 01:34:19.852,1.36383,1.3636700000000002,1,1.5
20.08.2021 01:34:20.070,1.36385,1.3637000000000001,1,1
20.08.2021 01:34:24.257,1.3638700000000001,1.3637100000000002,1,1
20.08.2021 01:34:38.687,1.3638700000000001,1.3637299999999999,1,1
20.08.2021 01:34:40.539,1.36388,1.36374,1,1
20.08.2021 01:34:42.264,1.3639000000000001,1.36376,1,1
20.08.2021 01:34:43.068,1.3639200000000002,1.36378,1.5,1
20.08.2021 01:34:43.755,1.3639200000000002,1.36378,1.12,1
20.08.2021 01:34:49.013,1.36393,1.36379,1.12,1
20.08.2021 01:34:49.115,1.36398,1.36382,1.5,1
20.08.2021 01:34:49.165,1.36398,1.36384,1.12,1
20.08.2021 01:34:49.266,1.36399,1.36385,2.75,1
20.08.2021 01:34:49.368,1.364,1.36384,1,1
20.08.2021 01:34:49.723,1.364,1.36385,1,1
20.08.2021 01:34:50.249,1.3640100000000002,1.3638700000000001,1,1
20.08.2021 01:34:51.850,1.3640200000000002,1.3638700000000001,1.12,1
20.08.2021 01:34:51.951,1.3640200000000002,1.36388,1.12,1
20.08.2021 01:35:00.595,1.3640200000000002,1.36386,1,1
20.08.2021 01:35:05.541,1.3640100000000002,1.36385,1,1
20.08.2021 01:35:05.889,1.36398,1.36382,1,1.5
20.08.2021 01:35:07.069,1.36396,1.3638000000000001,1,1.12
20.08.2021 01:35:08.090,1.36394,1.3638000000000001,1,1
20.08.2021 01:35:09.546,1.36396,1.3638000000000001,1,1
20.08.2021 01:35:16.626,1.36399,1.36384,1.5,1
20.08.2021 01:35:17.684,1.36399,1.36384,1,1
20.08.2021 01:35:19.188,1.364,1.36385,1.12,1
20.08.2021 01:35:39.828,1.3640100000000002,1.36386,1,1
20.08.2021 01:35:42.224,1.36403,1.36386,1,1
20.08.2021 01:36:00.931,1.36403,1.36389,1.12,1
20.08.2021 01:36:12.579,1.36403,1.3638700000000001,1,1
20.08.2021 01:36:23.802,1.36405,1.36389,1.5,1
20.08.2021 01:36:24.825,1.36405,1.36389,1.5,1
20.08.2021 01:36:35.304,1.36406,1.3639000000000001,1.5,1
20.08.2021 01:36:39.635,1.3640700000000001,1.3639100000000002,1,1
20.08.2021 01:36:39.736,1.36409,1.36395,1.5,1
20.08.2021 01:36:39.891,1.36409,1.36395,1,1
20.08.2021 01:36:39.941,1.3641200000000002,1.36394,1,1
20.08.2021 01:36:40.143,1.3641100000000002,1.36396,1,1
20.08.2021 01:36:47.998,1.36413,1.36395,1,1
20.08.2021 01:36:48.099,1.3641400000000001,1.36396,1.2,1
20.08.2021 01:36:48.577,1.3641200000000002,1.3639700000000001,1,1
20.08.2021 01:36:53.118,1.3641400000000001,1.36398,1.2,1
20.08.2021 01:36:53.219,1.36415,1.36399,1.2,1
20.08.2021 01:36:53.320,1.36416,1.3640200000000002,1,1
20.08.2021 01:36:56.732,1.36417,1.36403,1,1
20.08.2021 01:36:56.834,1.36419,1.36404,1.5,1
20.08.2021 01:36:56.935,1.3642,1.3640700000000001,1,1
20.08.2021 01:36:57.165,1.3642200000000002,1.36406,1,1
20.08.2021 01:36:57.702,1.3642200000000002,1.3640700000000001,2.25,1
20.08.2021 01:36:58.256,1.3642200000000002,1.36408,1,1
20.08.2021 01:37:01.408,1.3642400000000001,1.3640700000000001,1.5,1
20.08.2021 01:37:02.217,1.36423,1.36409,1.12,1
20.08.2021 01:37:02.354,1.36426,1.3641,1.12,1
20.08.2021 01:37:11.463,1.36426,1.3641,1.62,1
20.08.2021 01:37:11.514,1.3642400000000001,1.36408,1,1
20.08.2021 01:37:18.065,1.3642400000000001,1.36408,2.45,1
20.08.2021 01:37:23.305,1.3642400000000001,1.36408,2.82,1
20.08.2021 01:37:23.490,1.36423,1.36406,1.7,1
20.08.2021 01:37:23.852,1.3642100000000001,1.36406,1.2,1
20.08.2021 01:37:29.006,1.3642200000000002,1.3640700000000001,2.07,1
20.08.2021 01:37:29.160,1.36423,1.36406,1.87,1
20.08.2021 01:37:29.312,1.3642200000000002,1.36408,1.12,1
20.08.2021 01:37:30.277,1.36425,1.3640700000000001,1.62,1
20.08.2021 01:37:33.789,1.3642400000000001,1.36409,1,1
20.08.2021 01:37:36.045,1.36423,1.36409,1.5,1
20.08.2021 01:37:43.509,1.36425,1.36408,1.57,1
20.08.2021 01:37:43.610,1.3642400000000001,1.3641,1,1
20.08.2021 01:37:44.113,1.36426,1.36409,1.5,1
20.08.2021 01:37:44.724,1.36425,1.3641,1.95,1
20.08.2021 01:37:46.033,1.36425,1.36408,2.82,1
20.08.2021 01:37:46.135,1.36423,1.36409,1.35,1
20.08.2021 01:37:46.307,1.3642100000000001,1.36408,1,1
20.08.2021 01:37:55.268,1.3642400000000001,1.36408,2.47,1
20.08.2021 01:37:58.235,1.36425,1.3640700000000001,1.95,1
20.08.2021 01:38:01.259,1.36425,1.3640700000000001,2.07,1
20.08.2021 01:38:02.246,1.3642400000000001,1.36408,1.95,1
20.08.2021 01:38:07.491,1.3642400000000001,1.3641,1,1
20.08.2021 01:38:10.898,1.36426,1.36409,1.12,1
20.08.2021 01:38:10.999,1.36427,1.3641,1.7,1
20.08.2021 01:38:12.558,1.36425,1.36409,2.45,1
20.08.2021 01:38:16.774,1.36425,1.36408,2.07,1
20.08.2021 01:38:17.776,1.36425,1.36408,1.5,1
20.08.2021 01:38:18.478,1.36427,1.3641,1.1,1
20.08.2021 01:38:18.528,1.36427,1.3641200000000002,1.2,1
20.08.2021 01:38:18.579,1.36428,1.3641400000000001,1.1,1
20.08.2021 01:38:18.679,1.36429,1.36415,1.1,1
20.08.2021 01:38:18.831,1.3643200000000002,1.36415,1.7,1
20.08.2021 01:38:19.811,1.3643500000000002,1.36417,1.6,1
20.08.2021 01:38:19.912,1.3643500000000002,1.36417,1.57,1
20.08.2021 01:38:20.996,1.3643500000000002,1.36417,1.97,1
20.08.2021 01:38:28.419,1.3643500000000002,1.36418,1.22,1
20.08.2021 01:38:28.744,1.3643500000000002,1.36418,1.12,1
20.08.2021 01:38:28.854,1.36436,1.36419,1.62,1
20.08.2021 01:38:29.005,1.36436,1.3642100000000001,1.72,1
20.08.2021 01:38:29.106,1.36436,1.36419,1.2,1
20.08.2021 01:38:29.157,1.36436,1.3642200000000002,1.1,1
20.08.2021 01:38:29.953,1.36436,1.3642200000000002,1.1,1
20.08.2021 01:38:31.967,1.36436,1.3642100000000001,1.95,1
20.08.2021 01:38:32.068,1.3643500000000002,1.3642,1,1
20.08.2021 01:38:33.382,1.36436,1.3642,1.1,1
20.08.2021 01:38:38.677,1.36438,1.3642100000000001,1.72,1
20.08.2021 01:38:38.957,1.36437,1.3642200000000002,1.7,1
20.08.2021 01:38:41.084,1.3643500000000002,1.3642100000000001,1,1
20.08.2021 01:38:41.219,1.36434,1.3642100000000001,1,1
20.08.2021 01:38:42.018,1.36436,1.3642100000000001,1.57,1
20.08.2021 01:38:42.119,1.36436,1.3642,1.1,1
20.08.2021 01:38:48.168,1.3643500000000002,1.3642100000000001,1,1
20.08.2021 01:38:48.218,1.3643500000000002,1.36423,1,1
20.08.2021 01:38:51.154,1.3643500000000002,1.36423,1,1
20.08.2021 01:38:51.869,1.36437,1.36425,1,1
20.08.2021 01:38:52.181,1.36438,1.3642400000000001,1,1
20.08.2021 01:38:53.194,1.36438,1.3642400000000001,1,1
20.08.2021 01:38:56.114,1.3644100000000001,1.3642400000000001,4.32,1
20.08.2021 01:38:56.215,1.36439,1.36425,1.75,1
20.08.2021 01:38:56.266,1.3644100000000001,1.36425,1.7,1
20.08.2021 01:38:56.367,1.3644100000000001,1.36427,1,1
20.08.2021 01:38:57.255,1.3644200000000002,1.36427,1.6,1
20.08.2021 01:38:59.929,1.36444,1.36427,2.85,1
20.08.2021 01:39:00.184,1.36444,1.36429,1.6,1
20.08.2021 01:39:00.295,1.36444,1.36429,1.2,1
20.08.2021 01:39:02.269,1.36446,1.36429,2.47,1
20.08.2021 01:39:03.264,1.36446,1.36429,1.57,1
20.08.2021 01:39:06.336,1.36444,1.3643,1,1
20.08.2021 01:39:06.387,1.36443,1.36428,1.1,1
20.08.2021 01:39:10.603,1.3644500000000002,1.36427,1.57,1
20.08.2021 01:39:11.468,1.3644500000000002,1.3643,2.07,1
20.08.2021 01:39:19.595,1.3644500000000002,1.3643,1.95,1
20.08.2021 01:39:20.973,1.3644500000000002,1.36429,1,1
20.08.2021 01:39:22.816,1.36444,1.36429,1,1
20.08.2021 01:39:23.659,1.36443,1.3643,1.6,1
20.08.2021 01:39:33.562,1.36444,1.3643,1.51,1
20.08.2021 01:39:36.275,1.36443,1.36428,1,1
20.08.2021 01:39:36.376,1.3644200000000002,1.36428,1.2,1
20.08.2021 01:39:39.440,1.36443,1.36428,1.1,1
20.08.2021 01:39:40.319,1.36444,1.36428,1.2,1
20.08.2021 01:39:40.712,1.36443,1.3643,1.2,1
20.08.2021 01:39:41.337,1.36446,1.36429,2.1,1
20.08.2021 01:39:42.380,1.36446,1.36429,1.95,1
20.08.2021 01:39:43.038,1.3644500000000002,1.3643,1.6,1
20.08.2021 01:39:43.139,1.3644500000000002,1.36433,1.5,1
20.08.2021 01:39:44.163,1.36446,1.3643200000000002,1.5,1
20.08.2021 01:39:52.631,1.36447,1.36434,1,1
20.08.2021 01:39:52.782,1.36446,1.36434,1,1
20.08.2021 01:39:54.986,1.3645,1.36433,2.1,1
20.08.2021 01:39:55.036,1.36447,1.36434,1.5,1
20.08.2021 01:39:55.086,1.36449,1.36434,1.6,1
20.08.2021 01:39:55.187,1.36447,1.36434,1.62,1
20.08.2021 01:39:55.288,1.36447,1.3643200000000002,1.81,1
20.08.2021 01:39:56.144,1.36446,1.3643200000000002,1,1
20.08.2021 01:40:00.260,1.36446,1.3643100000000001,1,1
20.08.2021 01:40:04.943,1.3644500000000002,1.3643100000000001,1,1
20.08.2021 01:40:09.205,1.36444,1.3643100000000001,1.5,1
20.08.2021 01:40:10.037,1.3644500000000002,1.36429,1.5,1
20.08.2021 01:40:27.778,1.3644500000000002,1.36428,1.5,1
20.08.2021 01:40:28.433,1.3644500000000002,1.36428,1.5,1
20.08.2021 01:40:31.440,1.36444,1.36429,1.5,1
20.08.2021 01:40:34.732,1.3644500000000002,1.36428,1.87,1
20.08.2021 01:40:34.833,1.36439,1.3642400000000001,1.5,1.5
20.08.2021 01:40:34.934,1.36436,1.36419,1,1.62
20.08.2021 01:40:34.985,1.36434,1.36419,1,1
20.08.2021 01:40:35.086,1.3643500000000002,1.3642100000000001,1,1
20.08.2021 01:40:35.255,1.36436,1.3642100000000001,1.2,1
20.08.2021 01:40:39.818,1.36434,1.36419,1,1
20.08.2021 01:40:46.375,1.36436,1.36418,1,1
20.08.2021 01:40:48.079,1.36434,1.36418,1,1
20.08.2021 01:40:50.552,1.36433,1.36417,1,1
20.08.2021 01:40:52.738,1.3643100000000001,1.36415,1,1.12
20.08.2021 01:41:00.853,1.3643200000000002,1.36417,1.12,1
20.08.2021 01:41:04.960,1.36436,1.3642,1,1
20.08.2021 01:41:05.061,1.3643500000000002,1.3642,1,1
20.08.2021 01:41:05.162,1.36437,1.36419,1,1
20.08.2021 01:41:07.824,1.3643500000000002,1.36419,1,1
20.08.2021 01:41:07.925,1.36433,1.36419,1,1
20.08.2021 01:41:09.094,1.3643500000000002,1.36418,1.12,1
20.08.2021 01:41:23.405,1.36433,1.36418,1,1
20.08.2021 01:41:40.956,1.36437,1.36419,1,1
20.08.2021 01:41:46.786,1.36437,1.3642,1,1
20.08.2021 01:41:52.168,1.36434,1.36419,1,1
20.08.2021 01:41:52.269,1.36434,1.36418,1,1
20.08.2021 01:42:02.237,1.3643200000000002,1.36416,1,1
20.08.2021 01:42:16.627,1.3643,1.36416,1,1
20.08.2021 01:42:19.169,1.3643200000000002,1.36417,1,1
20.08.2021 01:42:42.582,1.36434,1.36418,1,1
20.08.2021 01:42:42.894,1.3643200000000002,1.36417,1,1
20.08.2021 01:42:42.945,1.36434,1.36418,1.2,1
20.08.2021 01:42:44.447,1.36433,1.36417,1,1
20.08.2021 01:42:44.599,1.3643200000000002,1.36417,1,1
20.08.2021 01:42:45.096,1.3643200000000002,1.36416,1,1
20.08.2021 01:42:48.201,1.3643200000000002,1.36417,1,1
20.08.2021 01:42:51.609,1.36433,1.36415,1,1
20.08.2021 01:42:55.047,1.36434,1.36419,1,1
20.08.2021 01:42:55.148,1.36436,1.36419,1,1
20.08.2021 01:42:55.517,1.36436,1.3642,1,1
20.08.2021 01:42:56.482,1.36434,1.36419,1.12,1
20.08.2021 01:42:56.583,1.36433,1.36416,1,1
20.08.2021 01:43:00.299,1.36433,1.36417,1,1
20.08.2021 01:43:04.625,1.3643200000000002,1.36417,1,1
20.08.2021 01:43:06.129,1.36433,1.36415,1,1
20.08.2021 01:43:06.701,1.3643100000000001,1.36415,1,1
20.08.2021 01:43:14.587,1.3643100000000001,1.36417,1,1
20.08.2021 01:43:17.076,1.3643200000000002,1.36416,1.5,1
20.08.2021 01:43:17.491,1.3643200000000002,1.36416,1.5,1
20.08.2021 01:43:17.634,1.3643100000000001,1.36417,1.12,1
20.08.2021 01:43:46.642,1.36434,1.3642,1.12,1
20.08.2021 01:43:46.743,1.36436,1.3642200000000002,1.5,1
20.08.2021 01:43:46.794,1.36437,1.36423,1,1
20.08.2021 01:43:46.950,1.36439,1.3642200000000002,1.5,1
20.08.2021 01:43:47.051,1.36439,1.3642200000000002,1.12,1
20.08.2021 01:43:48.037,1.3644,1.3642400000000001,1,1
20.08.2021 01:43:49.530,1.3644100000000001,1.36427,1.12,1
20.08.2021 01:43:56.506,1.36443,1.36427,1.12,1
20.08.2021 01:43:57.047,1.36444,1.3643,1.62,1
20.08.2021 01:43:57.400,1.36444,1.3643,1.5,1
20.08.2021 01:43:59.983,1.36446,1.3643,1.12,1
20.08.2021 01:44:00.341,1.36448,1.3643200000000002,1.12,1
20.08.2021 01:44:00.753,1.36448,1.36434,1,1
20.08.2021 01:44:16.720,1.3645,1.3643500000000002,1.5,1
20.08.2021 01:44:16.821,1.3645100000000001,1.36434,1.62,1
20.08.2021 01:44:18.321,1.3645200000000002,1.36436,1.62,1
20.08.2021 01:44:18.424,1.3645100000000001,1.36437,1.5,1
20.08.2021 01:44:18.853,1.3645100000000001,1.36437,1.62,1
20.08.2021 01:44:19.203,1.3645200000000002,1.36436,1.12,1
20.08.2021 01:44:19.554,1.3645100000000001,1.36437,1.5,1
20.08.2021 01:44:19.655,1.3645200000000002,1.36436,1.12,1
20.08.2021 01:44:23.586,1.3645200000000002,1.36438,1.62,1
20.08.2021 01:44:23.777,1.3645200000000002,1.36438,1.5,1
20.08.2021 01:44:24.134,1.36453,1.36437,1.62,1
20.08.2021 01:44:24.404,1.3645200000000002,1.36438,1.5,1
20.08.2021 01:44:28.025,1.36454,1.36439,1,1
20.08.2021 01:44:28.127,1.36453,1.3644,1,1
20.08.2021 01:44:28.228,1.36453,1.3644,1,1
20.08.2021 01:44:28.375,1.36454,1.36439,1,1
20.08.2021 01:44:35.534,1.36453,1.3644,1,1
20.08.2021 01:44:35.685,1.36454,1.3644100000000001,1,1
20.08.2021 01:44:35.931,1.36456,1.3644,1.62,1
20.08.2021 01:44:39.088,1.36456,1.3644100000000001,1.5,1
20.08.2021 01:44:39.138,1.36457,1.3644200000000002,1,1
20.08.2021 01:44:39.239,1.36458,1.3644200000000002,1,1
20.08.2021 01:44:39.340,1.36457,1.3644500000000002,1,1
20.08.2021 01:44:39.391,1.36458,1.3644200000000002,1.12,1
20.08.2021 01:44:39.492,1.36458,1.3644100000000001,1.62,1
20.08.2021 01:44:44.335,1.36457,1.3644200000000002,1.62,1
20.08.2021 01:44:44.436,1.36458,1.36443,1,1
20.08.2021 01:44:44.537,1.36459,1.36443,1.12,1
20.08.2021 01:44:48.782,1.3646,1.36444,1,1
20.08.2021 01:44:50.500,1.36461,1.36447,1.5,1
20.08.2021 01:44:53.526,1.36463,1.36448,1,1
20.08.2021 01:44:56.770,1.36463,1.36449,1.62,1
20.08.2021 01:44:57.323,1.36461,1.36447,1.12,1
20.08.2021 01:45:06.445,1.3646,1.36446,1,1
20.08.2021 01:45:22.263,1.3646200000000002,1.36448,1.5,1
20.08.2021 01:45:24.571,1.3646500000000001,1.3645200000000002,1,1
20.08.2021 01:45:24.672,1.3646500000000001,1.3645200000000002,1,1
20.08.2021 01:45:24.773,1.36467,1.36453,1.5,1
20.08.2021 01:45:24.874,1.36468,1.3645200000000002,1.12,1
20.08.2021 01:45:30.778,1.36469,1.3645500000000002,1.12,1
20.08.2021 01:45:30.879,1.36471,1.36458,1,1
20.08.2021 01:45:30.929,1.36473,1.36458,1,1
20.08.2021 01:45:31.030,1.3647200000000002,1.36458,1,1
20.08.2021 01:45:31.131,1.36474,1.36458,1,1
20.08.2021 01:45:38.697,1.36473,1.3646,1,1
20.08.2021 01:45:39.373,1.36473,1.36459,1,1
20.08.2021 01:45:39.477,1.36474,1.36459,1,1
20.08.2021 01:45:40.089,1.36473,1.36459,1,1
20.08.2021 01:45:46.110,1.36473,1.36459,1.5,1.12
20.08.2021 01:45:53.214,1.36474,1.36458,1.5,2
20.08.2021 01:45:54.247,1.36473,1.36461,1.5,1
20.08.2021 01:45:54.348,1.36479,1.36463,3.12,1.12
20.08.2021 01:45:54.398,1.36479,1.36467,1,1
20.08.2021 01:45:54.499,1.3648200000000001,1.3647200000000002,1,1
20.08.2021 01:45:54.600,1.3648200000000001,1.36468,1,1
20.08.2021 01:45:54.834,1.36481,1.36467,1,1
20.08.2021 01:45:54.884,1.36479,1.3646500000000001,1,1.12
20.08.2021 01:45:57.562,1.3648200000000001,1.36468,1,1
20.08.2021 01:46:00.612,1.36484,1.36468,1,1
20.08.2021 01:46:00.713,1.36487,1.36471,1,1
20.08.2021 01:46:01.272,1.36489,1.36473,1,1
20.08.2021 01:46:02.914,1.3648600000000002,1.3647200000000002,1,1
20.08.2021 01:46:05.653,1.36487,1.3647799999999999,1,1.25
20.08.2021 01:46:05.704,1.36493,1.3647799999999999,2,1.75
20.08.2021 01:46:05.805,1.3649600000000002,1.3648,1,1.37
20.08.2021 01:46:06.246,1.36495,1.3647799999999999,1,1.25
20.08.2021 01:46:06.593,1.36495,1.3647799999999999,1,1
20.08.2021 01:46:09.131,1.36495,1.36481,1,1
20.08.2021 01:46:09.232,1.36501,1.36487,1.1,1
20.08.2021 01:46:09.333,1.3650200000000001,1.3648600000000002,1,1
20.08.2021 01:46:09.434,1.3650200000000001,1.3648600000000002,1,1
20.08.2021 01:46:09.535,1.36503,1.36484,1,1
20.08.2021 01:46:11.928,1.3650200000000001,1.36489,1.1,1
20.08.2021 01:46:12.029,1.3650200000000001,1.36489,1,1
20.08.2021 01:46:12.180,1.36503,1.36488,1,1
20.08.2021 01:46:12.440,1.36504,1.3649,1,1
20.08.2021 01:46:12.541,1.36503,1.3649,1,1
20.08.2021 01:46:12.866,1.36505,1.36489,2.85,1
20.08.2021 01:46:12.966,1.3650200000000001,1.3649,1,1
20.08.2021 01:46:13.370,1.36505,1.3649,1.6,1
20.08.2021 01:46:13.903,1.36505,1.36487,1.2,1
20.08.2021 01:46:14.003,1.36504,1.36488,1.6,1
20.08.2021 01:46:16.011,1.36504,1.3648600000000002,3.6,1
20.08.2021 01:46:18.060,1.36504,1.36488,1.6,1
20.08.2021 01:46:18.161,1.36504,1.36488,1.5,1
20.08.2021 01:46:20.332,1.3650700000000002,1.36487,1.1,1
20.08.2021 01:46:20.383,1.36508,1.36489,1.1,1
20.08.2021 01:46:20.433,1.3651,1.36489,1.6,1
20.08.2021 01:46:21.430,1.3651,1.3649200000000001,4.35,1
20.08.2021 01:46:21.531,1.3650700000000002,1.3649200000000001,1,1
20.08.2021 01:46:21.631,1.36513,1.36494,2.07,1
20.08.2021 01:46:22.994,1.36513,1.36493,1.6,1
20.08.2021 01:46:24.329,1.3650900000000001,1.36494,1,1
20.08.2021 01:46:25.354,1.3650900000000001,1.36495,1,1
20.08.2021 01:46:25.455,1.3650900000000001,1.36494,1,1
20.08.2021 01:46:26.848,1.3650900000000001,1.36493,1.1,1
20.08.2021 01:46:26.949,1.3651,1.3649200000000001,1.6,1
20.08.2021 01:46:27.296,1.36508,1.36493,1.6,1
20.08.2021 01:46:27.397,1.36511,1.36491,3.6,1
20.08.2021 01:46:27.498,1.3651,1.3649200000000001,2.07,1
20.08.2021 01:46:27.712,1.36511,1.36491,1.95,1
20.08.2021 01:46:27.863,1.3651,1.36494,1.95,1
20.08.2021 01:46:27.914,1.3651,1.3649200000000001,1.95,1
20.08.2021 01:46:31.226,1.3651200000000001,1.36495,2.85,1
20.08.2021 01:46:31.277,1.36513,1.3649200000000001,2.85,1
20.08.2021 01:46:32.331,1.36513,1.3649600000000002,3.6,1
20.08.2021 01:46:32.381,1.36513,1.36494,3.6,1
20.08.2021 01:46:32.482,1.36513,1.3649600000000002,3.6,1
20.08.2021 01:46:32.533,1.36513,1.36493,3.6,1
20.08.2021 01:46:32.583,1.36514,1.36494,3.6,1
20.08.2021 01:46:32.684,1.36513,1.36494,2.85,1
20.08.2021 01:46:33.029,1.3651200000000001,1.36495,1.6,1
20.08.2021 01:46:33.537,1.36514,1.36495,1.5,1
20.08.2021 01:46:34.707,1.36513,1.3649600000000002,1.5,1
