Gmt time,Ask,Bid,AskVolume,BidVolume
12.08.2021 00:00:00.506,1.3569200000000001,1.3568200000000001,1,1
12.08.2021 00:00:00.607,1.35698,1.35681,1,1
12.08.2021 00:00:00.658,1.3569600000000002,1.3568,1,1.5
12.08.2021 00:00:02.286,1.3569700000000002,1.35679,1,1.62
12.08.2021 00:00:02.490,1.3569700000000002,1.3568200000000001,1,1
12.08.2021 00:00:08.964,1.357,1.3568200000000001,1,1
12.08.2021 00:00:11.314,1.35693,1.3568200000000001,1,1
12.08.2021 00:00:13.822,1.3569200000000001,1.3568500000000001,1,1
12.08.2021 00:00:13.873,1.35698,1.3568500000000001,1,1.87
12.08.2021 00:00:14.169,1.35698,1.3568600000000002,1,1
12.08.2021 00:00:14.220,1.35703,1.3568600000000002,1.62,1
12.08.2021 00:00:14.421,1.3570200000000001,1.3568700000000002,1,1
12.08.2021 00:00:15.483,1.35705,1.3568700000000002,1,1
12.08.2021 00:00:45.742,1.35703,1.3568700000000002,1,1.62
12.08.2021 00:00:47.429,1.35704,1.35688,1,1.12
12.08.2021 00:00:48.955,1.3570600000000002,1.3568700000000002,1,1.12
12.08.2021 00:00:49.337,1.3570600000000002,1.35688,1,1
12.08.2021 00:00:49.438,1.35705,1.3568700000000002,1,1.12
12.08.2021 00:00:49.822,1.35704,1.3568600000000002,1,1.62
12.08.2021 00:00:50.907,1.3570200000000001,1.35684,1,1.62
12.08.2021 00:00:51.267,1.35701,1.3568500000000001,1,1.12
12.08.2021 00:00:51.317,1.35699,1.35681,1,1.7
12.08.2021 00:00:51.468,1.3569700000000002,1.35681,1,1.62
12.08.2021 00:00:51.569,1.35699,1.3568,1,1.62
12.08.2021 00:00:59.819,1.3569600000000002,1.3568,1,1.62
12.08.2021 00:00:59.869,1.3569700000000002,1.35679,1,1.12
12.08.2021 00:01:00.878,1.3569600000000002,1.35679,1,1.5
12.08.2021 00:01:00.929,1.35695,1.35677,1,2.1
12.08.2021 00:01:01.080,1.35694,1.3567500000000001,1,1.72
12.08.2021 00:01:01.436,1.35694,1.3567500000000001,1,1.72
12.08.2021 00:01:08.185,1.35694,1.3567500000000001,1,1.2
12.08.2021 00:01:16.792,1.35693,1.35673,1,1.72
12.08.2021 00:01:18.630,1.3569200000000001,1.35673,1,1.1
12.08.2021 00:01:33.201,1.35695,1.3567500000000001,1,1.2
12.08.2021 00:01:33.780,1.35694,1.3567600000000002,1,1.22
12.08.2021 00:01:36.403,1.35694,1.3567600000000002,1,1.2
12.08.2021 00:01:36.841,1.35695,1.3567500000000001,1,1.22
12.08.2021 00:01:37.940,1.3569200000000001,1.3567600000000002,1,1.2
12.08.2021 00:01:39.686,1.3569200000000001,1.3567500000000001,1,1.6
12.08.2021 00:01:50.440,1.3569200000000001,1.3567200000000001,1,3.97
12.08.2021 00:01:50.569,1.35693,1.3567200000000001,1,3.97
12.08.2021 00:01:52.125,1.3569,1.35673,1,3.97
12.08.2021 00:01:52.226,1.35691,1.35673,1,3.97
12.08.2021 00:02:06.251,1.35689,1.35673,1,1
12.08.2021 00:02:06.352,1.3568700000000002,1.35671,1,1.1
12.08.2021 00:02:06.403,1.3568700000000002,1.35671,1,1.1
12.08.2021 00:02:09.803,1.3568700000000002,1.3566799999999999,1,1.72
12.08.2021 00:02:10.770,1.3568600000000002,1.3566799999999999,1,3.22
12.08.2021 00:02:15.435,1.3569,1.35671,1,1.57
12.08.2021 00:02:15.486,1.3569,1.3567200000000001,1,1.6
12.08.2021 00:02:16.486,1.35691,1.35673,1,1.72
12.08.2021 00:02:18.346,1.3569,1.35673,1,1.72
12.08.2021 00:02:18.921,1.35691,1.35673,1,3.22
12.08.2021 00:02:19.525,1.35691,1.35673,1,1.72
12.08.2021 00:02:22.968,1.35693,1.35674,1,1.6
12.08.2021 00:02:26.218,1.35693,1.3567500000000001,1,1.6
12.08.2021 00:02:51.540,1.35695,1.35674,1,1.72
12.08.2021 00:02:51.774,1.35689,1.3567500000000001,1,2.47
12.08.2021 00:03:00.071,1.35695,1.3567500000000001,1,2.47
12.08.2021 00:03:05.186,1.35695,1.3567600000000002,1,2.45
12.08.2021 00:03:07.326,1.35695,1.3567600000000002,1,2.1
12.08.2021 00:03:07.377,1.35693,1.35677,1,1.22
12.08.2021 00:03:07.885,1.35693,1.35677,1,2.1
12.08.2021 00:03:08.049,1.3569700000000002,1.35677,1,2.1
12.08.2021 00:03:08.388,1.35693,1.35678,1,1.6
12.08.2021 00:03:08.843,1.35694,1.35679,1,1.6
12.08.2021 00:03:10.679,1.35695,1.35679,1,1.97
12.08.2021 00:03:15.191,1.35698,1.35679,1,1.85
12.08.2021 00:03:34.377,1.35698,1.35681,1,1.6
12.08.2021 00:03:34.428,1.35698,1.35683,1,1.6
12.08.2021 00:03:34.478,1.35701,1.35683,1,1.1
12.08.2021 00:03:34.630,1.35701,1.35684,1,1.97
12.08.2021 00:03:35.450,1.35699,1.35683,1,1.22
12.08.2021 00:03:35.652,1.3570200000000001,1.35683,1,1.6
12.08.2021 00:04:01.327,1.35703,1.3568500000000001,1,1.2
12.08.2021 00:04:01.378,1.357,1.3568500000000001,1,1.2
12.08.2021 00:04:02.716,1.35699,1.3568600000000002,1,3.1
12.08.2021 00:04:04.398,1.35704,1.3568600000000002,1,1.1
12.08.2021 00:04:10.068,1.35704,1.3568700000000002,1,1.6
12.08.2021 00:04:12.278,1.35705,1.3568600000000002,1,1.2
12.08.2021 00:04:12.882,1.35705,1.3568600000000002,1,1.22
12.08.2021 00:04:13.122,1.35705,1.3568700000000002,1,1.22
12.08.2021 00:04:14.070,1.3570700000000002,1.35689,1,1
12.08.2021 00:04:15.182,1.35708,1.35688,1,1.6
12.08.2021 00:04:15.424,1.3570700000000002,1.35689,1,1.6
12.08.2021 00:04:16.234,1.3570700000000002,1.35689,1,1.79
12.08.2021 00:04:30.283,1.3570700000000002,1.3569,1,1.6
12.08.2021 00:04:30.384,1.3570600000000002,1.35689,1,2.35
12.08.2021 00:04:31.749,1.3570600000000002,1.35689,1,1.57
12.08.2021 00:04:34.191,1.3570700000000002,1.3569,1,1.2
12.08.2021 00:04:38.309,1.35708,1.35691,1,2
12.08.2021 00:04:38.411,1.35708,1.35693,1,1.12
12.08.2021 00:04:39.408,1.3570900000000001,1.3569200000000001,1,1.5
12.08.2021 00:04:44.146,1.3570900000000001,1.3569,1.5,1.1
12.08.2021 00:04:44.247,1.3570700000000002,1.35689,1,1
12.08.2021 00:04:44.349,1.35704,1.35689,1,1.1
12.08.2021 00:04:44.729,1.3570200000000001,1.3568600000000002,1,1.1
12.08.2021 00:04:45.901,1.35703,1.3568500000000001,1,1.1
12.08.2021 00:04:46.376,1.35701,1.3568500000000001,1,1.1
12.08.2021 00:04:46.477,1.35698,1.35679,1,2.45
12.08.2021 00:04:46.578,1.35695,1.3568,1,1
12.08.2021 00:04:46.628,1.35695,1.35678,1,1.1
12.08.2021 00:04:46.981,1.35694,1.3567500000000001,1,1.72
12.08.2021 00:04:47.109,1.3569200000000001,1.3567500000000001,1,1.1
12.08.2021 00:04:47.210,1.3569200000000001,1.3567500000000001,1,1.1
12.08.2021 00:04:47.918,1.3569,1.3567500000000001,1,1.1
12.08.2021 00:04:48.134,1.3569,1.3567500000000001,1,1.1
12.08.2021 00:04:48.393,1.35688,1.3567500000000001,1,1.1
12.08.2021 00:04:48.443,1.35689,1.3567,1,1.1
12.08.2021 00:04:48.494,1.3568500000000001,1.3567,1,1
12.08.2021 00:04:48.595,1.3568200000000001,1.3566200000000002,1,3.47
12.08.2021 00:04:48.646,1.3568200000000001,1.3566200000000002,1,2.35
12.08.2021 00:04:48.747,1.35681,1.35663,1,1.6
12.08.2021 00:04:51.514,1.3568200000000001,1.3566200000000002,1,1.1
12.08.2021 00:04:57.015,1.35681,1.3566200000000002,1,1.12
12.08.2021 00:05:01.169,1.35679,1.3566200000000002,1,1.5
12.08.2021 00:05:02.229,1.3568,1.35661,1,1.12
12.08.2021 00:05:12.959,1.35677,1.3566,1,2.75
12.08.2021 00:05:13.060,1.35677,1.3566,1,1
12.08.2021 00:05:17.939,1.35677,1.3566,1.62,1
12.08.2021 00:05:18.040,1.35673,1.35657,1,2.75
12.08.2021 00:05:18.090,1.35674,1.35654,1,1.7
12.08.2021 00:05:18.241,1.3567200000000001,1.35654,1,1
12.08.2021 00:05:18.292,1.3567200000000001,1.35654,1,1
12.08.2021 00:05:18.443,1.35671,1.35654,1,1
12.08.2021 00:05:19.040,1.35667,1.35653,1,1.7
12.08.2021 00:05:19.245,1.35671,1.3565200000000002,1,1.7
12.08.2021 00:05:19.412,1.35671,1.3565200000000002,1,1.2
12.08.2021 00:05:21.130,1.3567,1.35653,1,1.22
12.08.2021 00:05:40.509,1.3567200000000001,1.35653,1,1.1
12.08.2021 00:05:42.862,1.3567200000000001,1.35653,1,1.7
12.08.2021 00:05:45.836,1.3567600000000002,1.35659,1,1
12.08.2021 00:06:20.648,1.35677,1.3566,1,1
12.08.2021 00:06:36.565,1.35667,1.35658,1,1
12.08.2021 00:06:37.230,1.3567600000000002,1.35661,1,1
12.08.2021 00:07:05.317,1.3566799999999999,1.35657,1,1
12.08.2021 00:07:06.068,1.35677,1.3566,1,1
12.08.2021 00:07:08.535,1.3567600000000002,1.35659,1,1
12.08.2021 00:07:09.506,1.3567200000000001,1.35657,1,1
12.08.2021 00:07:09.607,1.3566799999999999,1.3565200000000002,1,1.12
12.08.2021 00:07:09.758,1.3566600000000002,1.35649,1,1.5
12.08.2021 00:07:09.808,1.3566500000000001,1.3565,1,1
12.08.2021 00:07:10.110,1.3566500000000001,1.35649,1,1
12.08.2021 00:07:10.161,1.35664,1.35647,1,1
12.08.2021 00:07:10.471,1.35663,1.35646,1,1
12.08.2021 00:07:35.091,1.35664,1.35647,1,1
12.08.2021 00:07:35.193,1.35664,1.35648,1.5,1
12.08.2021 00:08:17.860,1.3566500000000001,1.3565,1.87,1
12.08.2021 00:09:33.132,1.35664,1.35649,1,1
12.08.2021 00:09:40.837,1.35663,1.35646,1,1
12.08.2021 00:09:41.347,1.35661,1.35644,1,1
12.08.2021 00:10:05.015,1.35664,1.35647,1,1
12.08.2021 00:10:05.116,1.3566500000000001,1.35648,1,1
12.08.2021 00:10:05.218,1.3566600000000002,1.35651,1.12,1
12.08.2021 00:11:01.726,1.35669,1.35651,1,1.5
12.08.2021 00:11:01.776,1.3567,1.3565500000000001,1,1
12.08.2021 00:11:01.827,1.35671,1.3565600000000002,1,1
12.08.2021 00:11:02.028,1.3567200000000001,1.3565500000000001,1,1.5
12.08.2021 00:11:02.129,1.35673,1.35658,1.5,1
12.08.2021 00:11:02.473,1.35673,1.35658,1,1
12.08.2021 00:11:10.236,1.35671,1.3565600000000002,1,1
12.08.2021 00:11:10.337,1.3567200000000001,1.35657,1,1
12.08.2021 00:11:16.284,1.35673,1.35658,1,1
12.08.2021 00:11:16.486,1.35673,1.3565600000000002,1,1
12.08.2021 00:11:16.688,1.35674,1.35657,1,1
12.08.2021 00:11:21.476,1.3567200000000001,1.35657,1.12,1
12.08.2021 00:11:23.416,1.35673,1.35658,1.5,1
12.08.2021 00:11:23.531,1.35674,1.35657,1.12,1
12.08.2021 00:12:00.181,1.3567500000000001,1.35658,1.5,1
12.08.2021 00:12:07.938,1.3567500000000001,1.35658,1.12,1
12.08.2021 00:12:08.040,1.35673,1.35658,1.12,1
12.08.2021 00:12:14.849,1.35673,1.35657,1,1
12.08.2021 00:12:16.781,1.3567200000000001,1.3566,1,1
12.08.2021 00:12:16.882,1.3567600000000002,1.35659,1,1
12.08.2021 00:12:18.879,1.35677,1.3566,1,1
12.08.2021 00:12:27.813,1.35677,1.3566200000000002,1,1
12.08.2021 00:12:54.689,1.35679,1.35664,1,1
12.08.2021 00:12:55.093,1.3568200000000001,1.3566500000000001,1,1
12.08.2021 00:12:59.539,1.35683,1.3566600000000002,1,1
12.08.2021 00:14:47.816,1.3568500000000001,1.3566799999999999,1.12,1
12.08.2021 00:15:02.528,1.3568200000000001,1.35667,1,1
12.08.2021 00:15:20.192,1.3568200000000001,1.3566500000000001,1,1
12.08.2021 00:15:20.294,1.3567600000000002,1.35659,1,1.5
12.08.2021 00:15:20.496,1.3567500000000001,1.35658,1,1
12.08.2021 00:16:52.641,1.35673,1.3565600000000002,1,1
12.08.2021 00:16:52.745,1.3567,1.3565500000000001,1,1.5
12.08.2021 00:16:52.950,1.35671,1.35654,1,1
12.08.2021 00:16:53.051,1.3566799999999999,1.35653,1,1
12.08.2021 00:16:53.256,1.35667,1.3565,1,1.5
12.08.2021 00:17:02.710,1.3566600000000002,1.3565200000000002,1,1.5
12.08.2021 00:17:02.811,1.3567,1.35653,1,1.12
12.08.2021 00:17:02.974,1.3567,1.35654,1,1.12
12.08.2021 00:17:03.075,1.3567200000000001,1.3565500000000001,1,1
12.08.2021 00:17:03.744,1.3567200000000001,1.3565600000000002,1,1
12.08.2021 00:17:12.119,1.3567200000000001,1.3565500000000001,1,1
12.08.2021 00:17:19.394,1.35673,1.3565500000000001,1,1.12
12.08.2021 00:17:19.495,1.35674,1.35657,1,1
12.08.2021 00:17:27.490,1.3567200000000001,1.35657,1,1
12.08.2021 00:17:29.086,1.35673,1.3565500000000001,1,1.12
12.08.2021 00:17:29.258,1.35671,1.35654,1,1.5
12.08.2021 00:17:29.359,1.3567,1.35653,1,1.12
12.08.2021 00:17:29.410,1.3566799999999999,1.35651,1,1.5
12.08.2021 00:17:29.511,1.35663,1.35649,1,1
12.08.2021 00:17:29.562,1.35663,1.35647,1,1.1
12.08.2021 00:17:29.662,1.3566200000000002,1.35647,1,1.22
12.08.2021 00:17:29.763,1.35663,1.35646,1,1.12
12.08.2021 00:17:33.305,1.3566200000000002,1.3564500000000002,1,1.1
12.08.2021 00:17:33.406,1.3566,1.3564500000000002,1,1.6
12.08.2021 00:17:33.507,1.3566,1.3564500000000002,1,1.5
12.08.2021 00:17:36.223,1.3566200000000002,1.3564500000000002,1,1
12.08.2021 00:17:36.828,1.3566200000000002,1.3564500000000002,1,1.1
12.08.2021 00:17:36.932,1.35661,1.35646,1,1
12.08.2021 00:17:45.079,1.35661,1.35646,1,1.1
12.08.2021 00:17:45.230,1.3566200000000002,1.3564500000000002,1,1.1
12.08.2021 00:17:53.491,1.35661,1.35646,1,1.22
12.08.2021 00:17:53.592,1.35664,1.35647,1,1.1
12.08.2021 00:18:08.470,1.3566200000000002,1.3564500000000002,1,1.1
12.08.2021 00:18:08.642,1.35661,1.35646,1,1
12.08.2021 00:18:08.743,1.35661,1.35646,1,1.5
12.08.2021 00:18:16.674,1.35661,1.35646,1,1.12
12.08.2021 00:18:23.501,1.3566200000000002,1.3564500000000002,1,1.1
12.08.2021 00:18:25.445,1.35661,1.35646,1,1.6
12.08.2021 00:18:26.430,1.3566200000000002,1.3564500000000002,1,1.6
12.08.2021 00:18:28.478,1.3566200000000002,1.3564500000000002,1,1.6
12.08.2021 00:18:46.796,1.35661,1.35646,1,1.97
12.08.2021 00:18:56.844,1.35661,1.35646,1,2.32
12.08.2021 00:18:59.155,1.35661,1.35646,1,2.07
12.08.2021 00:19:00.130,1.3566200000000002,1.3564500000000002,1,2.07
12.08.2021 00:19:10.893,1.35661,1.35646,1,1.1
12.08.2021 00:19:12.589,1.3566200000000002,1.3564500000000002,1,1.22
12.08.2021 00:19:12.690,1.35664,1.35647,1,1
12.08.2021 00:19:12.791,1.35664,1.35649,1,1
12.08.2021 00:19:14.784,1.3566600000000002,1.35651,1,1
12.08.2021 00:19:23.041,1.3566500000000001,1.35648,1,1
12.08.2021 00:19:28.996,1.35667,1.3565,1,1
12.08.2021 00:19:29.264,1.3566600000000002,1.35649,1,1
12.08.2021 00:19:31.324,1.3566600000000002,1.35651,1,1
12.08.2021 00:19:40.352,1.3566500000000001,1.3565,1,1
12.08.2021 00:20:19.516,1.35664,1.35649,1,1
12.08.2021 00:20:31.759,1.3566500000000001,1.35647,1,1
12.08.2021 00:20:42.013,1.35664,1.35647,1,1
12.08.2021 00:21:12.979,1.3566500000000001,1.35648,1,1
12.08.2021 00:21:13.080,1.35667,1.3565200000000002,1,1
12.08.2021 00:21:16.554,1.35669,1.35654,1,1
12.08.2021 00:21:16.655,1.35673,1.3565600000000002,1,1
12.08.2021 00:21:16.706,1.35674,1.35658,1,1
12.08.2021 00:21:16.807,1.3567500000000001,1.3566,1,1
12.08.2021 00:21:19.409,1.35674,1.35659,1,1
12.08.2021 00:21:19.714,1.35674,1.3565600000000002,1,1
12.08.2021 00:21:19.764,1.35671,1.35654,1,2.32
12.08.2021 00:21:42.982,1.3567200000000001,1.3565500000000001,1,1
12.08.2021 00:22:38.335,1.3567200000000001,1.35654,1,1.1
12.08.2021 00:22:38.436,1.3567,1.3565500000000001,1,1.57
12.08.2021 00:22:38.839,1.3567,1.35653,1,1.2
12.08.2021 00:22:39.843,1.35667,1.3565200000000002,1,2.25
12.08.2021 00:22:39.944,1.3566600000000002,1.35651,1,1
12.08.2021 00:22:44.343,1.3566500000000001,1.35649,1,1.95
12.08.2021 00:22:52.299,1.35664,1.35647,1,2.45
12.08.2021 00:22:52.909,1.35663,1.35648,1,1.57
12.08.2021 00:23:02.014,1.3566500000000001,1.35647,1,1.57
12.08.2021 00:23:02.115,1.3566500000000001,1.3565,1,1
12.08.2021 00:23:02.266,1.35667,1.3565,1,1
12.08.2021 00:23:05.910,1.3566600000000002,1.3565500000000001,1,1
12.08.2021 00:23:06.944,1.3566600000000002,1.35649,1,2.25
12.08.2021 00:23:22.337,1.35663,1.35647,1,1.1
12.08.2021 00:23:29.607,1.3566,1.35647,1,3.2
12.08.2021 00:23:29.708,1.35659,1.35646,1,2
12.08.2021 00:23:29.872,1.35661,1.3564500000000002,1,2.45
12.08.2021 00:23:29.923,1.3566,1.35646,1,2.32
12.08.2021 00:23:36.981,1.3566,1.35646,1,2.82
12.08.2021 00:23:44.056,1.35658,1.3564500000000002,1,4.32
12.08.2021 00:23:44.985,1.3566,1.35647,1,2.07
12.08.2021 00:23:45.185,1.35661,1.35646,1,2.07
12.08.2021 00:23:45.309,1.3566200000000002,1.35646,1,2.07
12.08.2021 00:23:47.874,1.35661,1.35646,1,3.22
12.08.2021 00:23:49.195,1.35661,1.35644,1,2.85
12.08.2021 00:23:59.549,1.3566,1.3564500000000002,1,3.6
12.08.2021 00:23:59.649,1.3566200000000002,1.3564500000000002,1,1.6
12.08.2021 00:24:51.524,1.3566,1.3564500000000002,1,2.47
12.08.2021 00:24:51.625,1.35661,1.35644,1,2.45
12.08.2021 00:24:55.872,1.3566,1.3564500000000002,1,1
12.08.2021 00:25:01.807,1.3566200000000002,1.35643,1,1.1
12.08.2021 00:25:06.278,1.3566200000000002,1.35644,1,1
12.08.2021 00:25:06.768,1.3566,1.35646,1,1.1
12.08.2021 00:25:14.793,1.35663,1.3564500000000002,1,1.1
12.08.2021 00:25:15.033,1.3566200000000002,1.35646,1,1.1
12.08.2021 00:25:19.322,1.3566500000000001,1.35646,1,1.1
12.08.2021 00:25:19.695,1.3566200000000002,1.35647,1,1.1
12.08.2021 00:25:26.393,1.3566500000000001,1.35648,1,1.25
12.08.2021 00:25:26.687,1.3566500000000001,1.35649,1,1.35
12.08.2021 00:25:27.017,1.35667,1.35649,2.25,2.45
12.08.2021 00:25:27.456,1.3566500000000001,1.35648,1,1.72
12.08.2021 00:25:32.858,1.3566600000000002,1.35649,1,2.1
12.08.2021 00:25:32.959,1.35669,1.35649,1,1.2
12.08.2021 00:25:33.010,1.3566799999999999,1.3565,1,3.2
12.08.2021 00:25:47.774,1.35669,1.35653,1,1.6
12.08.2021 00:25:47.834,1.35671,1.35654,1,1.12
12.08.2021 00:25:47.935,1.35673,1.3565500000000001,1.12,3.87
12.08.2021 00:25:48.036,1.3567500000000001,1.3565600000000002,1,2.1
12.08.2021 00:25:48.137,1.35677,1.35659,1,1.2
12.08.2021 00:25:48.238,1.35677,1.3566,1,1
12.08.2021 00:25:48.339,1.35678,1.3566,1,1
12.08.2021 00:25:48.389,1.35679,1.35661,1,1.6
12.08.2021 00:25:48.490,1.3568200000000001,1.35664,1.12,1.2
12.08.2021 00:25:48.642,1.35683,1.35663,1,1.97
12.08.2021 00:25:49.080,1.35683,1.35663,1,1.95
12.08.2021 00:25:50.253,1.3568200000000001,1.35664,1,2.45
12.08.2021 00:25:54.282,1.3568200000000001,1.3566600000000002,1,1
12.08.2021 00:26:05.209,1.3568200000000001,1.35663,1,1.7
12.08.2021 00:26:14.935,1.3568,1.35663,1,1.1
12.08.2021 00:26:15.045,1.35678,1.35661,1,1.1
12.08.2021 00:26:15.095,1.35678,1.35661,1,1.1
12.08.2021 00:26:15.206,1.3568,1.35661,1,1.7
12.08.2021 00:26:21.714,1.3568,1.35661,1,1.2
12.08.2021 00:26:27.500,1.3568,1.35661,1,1.7
12.08.2021 00:26:29.187,1.35679,1.3566200000000002,1,1.6
12.08.2021 00:26:37.226,1.3568,1.3566200000000002,1,1.1
12.08.2021 00:26:44.688,1.3568,1.3566200000000002,1,1.1
12.08.2021 00:26:50.277,1.3568200000000001,1.35663,1,2.07
12.08.2021 00:26:52.468,1.35681,1.3566500000000001,1,1.1
12.08.2021 00:26:52.569,1.35683,1.35664,1,3.97
12.08.2021 00:26:53.837,1.35684,1.3566500000000001,1,1.6
12.08.2021 00:26:53.938,1.3568200000000001,1.3566600000000002,1,1.6
12.08.2021 00:26:58.791,1.35681,1.35664,1,1.72
12.08.2021 00:27:00.688,1.3568200000000001,1.35663,1,1.72
12.08.2021 00:27:01.051,1.35681,1.35661,1,5.47
12.08.2021 00:27:01.157,1.3568,1.3566200000000002,1,2.47
12.08.2021 00:27:01.208,1.35679,1.35661,1,1.72
12.08.2021 00:27:02.485,1.35681,1.35661,1,1.1
12.08.2021 00:27:09.055,1.35681,1.3566,1,2.47
12.08.2021 00:27:10.340,1.35679,1.3566,1,1.1
12.08.2021 00:27:12.470,1.35678,1.35659,1,1.6
12.08.2021 00:27:12.571,1.3567600000000002,1.35659,1,1.6
12.08.2021 00:27:15.332,1.3567500000000001,1.3566,1,1.12
12.08.2021 00:27:15.739,1.35674,1.3565600000000002,1,3.04
12.08.2021 00:27:16.188,1.35674,1.3565600000000002,1,2.85
12.08.2021 00:27:19.310,1.3567200000000001,1.3565500000000001,1,3.6
12.08.2021 00:27:22.788,1.3567200000000001,1.35654,1,2.29
12.08.2021 00:27:23.688,1.3567200000000001,1.35653,1,2.72
12.08.2021 00:27:34.706,1.3567200000000001,1.35654,1,2.1
12.08.2021 00:27:42.119,1.35673,1.3565500000000001,1,1.1
12.08.2021 00:27:47.215,1.3567200000000001,1.3565600000000002,1,1.1
12.08.2021 00:27:56.174,1.35671,1.3565600000000002,1,1.1
12.08.2021 00:27:58.944,1.35673,1.3565600000000002,1,1.1
12.08.2021 00:28:00.469,1.35673,1.35657,1,1.7
12.08.2021 00:28:00.749,1.35674,1.35657,1,2.47
12.08.2021 00:28:01.078,1.3567600000000002,1.35658,1,1.6
12.08.2021 00:28:01.230,1.35673,1.35659,1,1.6
12.08.2021 00:28:01.528,1.3567600000000002,1.3566,1,1
12.08.2021 00:28:02.224,1.3567500000000001,1.35661,1,1
12.08.2021 00:28:02.679,1.35678,1.3566,1,1.1
12.08.2021 00:28:03.775,1.35678,1.3566,1,1.1
12.08.2021 00:28:12.280,1.35678,1.35659,1,3.97
12.08.2021 00:28:30.842,1.35677,1.35658,1,3.6
12.08.2021 00:28:37.762,1.35677,1.3566,1,1.22
12.08.2021 00:28:38.224,1.35677,1.35658,1,3.6
12.08.2021 00:28:39.430,1.35678,1.35659,1,1.22
12.08.2021 00:28:49.613,1.35677,1.35659,1,1.1
12.08.2021 00:28:58.401,1.35677,1.3566,1,2.47
12.08.2021 00:28:58.568,1.3567600000000002,1.3566,1,2.35
12.08.2021 00:28:58.719,1.35678,1.35661,1,3.47
12.08.2021 00:28:59.668,1.3568,1.35661,1,1.6
12.08.2021 00:29:00.702,1.35679,1.3566200000000002,1,1.57
12.08.2021 00:29:02.222,1.3568,1.3566200000000002,1,1.2
12.08.2021 00:29:11.088,1.3568,1.3566200000000002,1,3.1
12.08.2021 00:29:11.189,1.3568200000000001,1.35663,1,1.97
12.08.2021 00:29:11.401,1.3568200000000001,1.3566500000000001,1,1.1
12.08.2021 00:29:11.502,1.35684,1.35664,1,1.1
12.08.2021 00:29:12.892,1.35684,1.35664,1,1.22
12.08.2021 00:29:34.105,1.35683,1.3566600000000002,1,1.22
12.08.2021 00:29:34.206,1.35684,1.3566500000000001,1,1.22
12.08.2021 00:29:40.447,1.35684,1.3566600000000002,1,1.22
12.08.2021 00:29:40.810,1.3568,1.3566500000000001,1,3.6
12.08.2021 00:29:40.911,1.35679,1.3566500000000001,1,2.1
12.08.2021 00:29:41.052,1.3568,1.35664,1,1.6
12.08.2021 00:29:42.035,1.35681,1.35664,1,1.1
12.08.2021 00:29:42.150,1.35681,1.35664,1,1.1
12.08.2021 00:29:42.856,1.35683,1.3566500000000001,1,1.22
12.08.2021 00:29:42.957,1.35684,1.3566500000000001,1,1.22
12.08.2021 00:29:43.108,1.35684,1.3566600000000002,1,1.7
12.08.2021 00:29:43.320,1.3568500000000001,1.3566799999999999,1,1.2
12.08.2021 00:29:43.442,1.3568600000000002,1.35667,1,2.45
12.08.2021 00:29:43.745,1.35683,1.3566799999999999,1,1.1
12.08.2021 00:29:45.425,1.35681,1.3566600000000002,1,1.6
12.08.2021 00:29:45.526,1.35683,1.3566500000000001,1,2.1
12.08.2021 00:29:45.728,1.3568200000000001,1.3566600000000002,1,1.6
12.08.2021 00:29:46.346,1.3568,1.3566200000000002,1,3.6
12.08.2021 00:29:46.447,1.3568,1.35664,1,1.6
12.08.2021 00:29:50.402,1.35677,1.3566200000000002,1,1.6
12.08.2021 00:29:50.503,1.3567500000000001,1.35661,1,1.6
12.08.2021 00:29:50.604,1.3567500000000001,1.35659,1,1.6
12.08.2021 00:29:50.705,1.35674,1.3565600000000002,1,4.72
12.08.2021 00:29:50.907,1.35671,1.3565600000000002,1,2.85
12.08.2021 00:29:51.007,1.3567200000000001,1.3565500000000001,1,2.1
12.08.2021 00:29:51.451,1.35671,1.3565500000000001,1,1.6
12.08.2021 00:29:57.173,1.35671,1.3565500000000001,1,1.1
12.08.2021 00:30:01.940,1.3567,1.35654,1,1.1
12.08.2021 00:30:02.041,1.35671,1.35654,1,1.1
12.08.2021 00:30:07.692,1.3567200000000001,1.35653,1,1.1
12.08.2021 00:30:09.571,1.3567,1.35653,1,1.1
12.08.2021 00:30:10.769,1.3567,1.35654,1,1.1
12.08.2021 00:30:11.188,1.35669,1.35654,1,1.1
12.08.2021 00:30:18.398,1.3567,1.35654,1,1.1
12.08.2021 00:30:55.719,1.35669,1.3565200000000002,1,2.47
12.08.2021 00:31:01.557,1.35667,1.3565200000000002,1,3.97
12.08.2021 00:31:01.658,1.35669,1.35651,1,3.97
12.08.2021 00:31:02.188,1.3566799999999999,1.3565200000000002,1,3.97
12.08.2021 00:31:22.611,1.35669,1.3565200000000002,1,1.69
12.08.2021 00:31:30.236,1.3567,1.35659,1,1
12.08.2021 00:31:30.287,1.3567,1.3565600000000002,1,1.5
12.08.2021 00:31:30.337,1.35669,1.3565500000000001,1,1.5
12.08.2021 00:31:30.539,1.35669,1.3565200000000002,1,1.6
12.08.2021 00:31:31.574,1.35669,1.3565200000000002,1,1.5
12.08.2021 00:31:37.733,1.35667,1.35653,1,1.5
12.08.2021 00:31:38.548,1.3566799999999999,1.3565200000000002,1,1.5
12.08.2021 00:31:39.375,1.3566799999999999,1.35653,1,1.5
12.08.2021 00:31:42.604,1.3566799999999999,1.35653,1,1.5
12.08.2021 00:32:01.017,1.35669,1.35653,1,1.5
12.08.2021 00:32:02.022,1.35669,1.35653,1,1.5
12.08.2021 00:32:04.269,1.3566799999999999,1.35654,1,1.5
12.08.2021 00:32:05.270,1.3566799999999999,1.35653,1,2
12.08.2021 00:32:06.272,1.3566799999999999,1.35654,1,1.5
12.08.2021 00:32:09.289,1.35669,1.3565200000000002,1,2
12.08.2021 00:32:10.309,1.3566799999999999,1.35653,1,2
12.08.2021 00:32:17.325,1.3566799999999999,1.35653,1,2
12.08.2021 00:32:18.953,1.3566799999999999,1.35651,1,1.12
12.08.2021 00:32:19.004,1.3566600000000002,1.35651,1,2
12.08.2021 00:32:19.054,1.3566200000000002,1.3565,1,1.12
12.08.2021 00:32:19.105,1.3566200000000002,1.35647,1,1
12.08.2021 00:32:19.155,1.3566,1.35647,1,1
12.08.2021 00:32:19.509,1.35659,1.35643,1,2.47
12.08.2021 00:32:20.896,1.35659,1.35643,1,1.7
12.08.2021 00:32:21.887,1.3566,1.3564200000000002,1,1
12.08.2021 00:32:30.075,1.35659,1.35643,1,1.5
12.08.2021 00:32:34.101,1.35659,1.35643,1,1.6
12.08.2021 00:32:42.100,1.35659,1.3564200000000002,1,3.2
12.08.2021 00:32:48.207,1.35657,1.3564100000000001,1,1.7
12.08.2021 00:32:48.258,1.3565500000000001,1.3564,1,1.5
12.08.2021 00:32:48.359,1.3565500000000001,1.35637,1,3.1
12.08.2021 00:32:48.510,1.3565500000000001,1.35637,1,1.5
12.08.2021 00:32:49.285,1.35658,1.3564100000000001,1,1.87
12.08.2021 00:32:49.386,1.35659,1.3564200000000002,1,1.5
12.08.2021 00:32:49.537,1.3566,1.35643,1,1.12
12.08.2021 00:32:49.638,1.3566,1.35643,1,1.5
12.08.2021 00:32:50.612,1.35659,1.35644,1,1.5
12.08.2021 00:33:00.636,1.35659,1.35644,1,1.5
12.08.2021 00:33:02.645,1.3566,1.35643,1,1.5
12.08.2021 00:33:04.652,1.35659,1.35644,1,1.5
12.08.2021 00:33:13.390,1.35659,1.3564100000000001,1,2.45
12.08.2021 00:33:13.518,1.3565600000000002,1.3564100000000001,1,2.37
12.08.2021 00:33:16.111,1.3565600000000002,1.35639,1,1.7
12.08.2021 00:33:16.161,1.35653,1.35639,1,1.62
12.08.2021 00:33:16.262,1.3565200000000002,1.35637,1,1
12.08.2021 00:33:16.363,1.3565200000000002,1.35636,1,1.6
12.08.2021 00:33:17.466,1.3565200000000002,1.3563500000000002,1,1
12.08.2021 00:33:20.887,1.3565200000000002,1.3563500000000002,1,1.5
12.08.2021 00:33:20.938,1.3565,1.3563500000000002,1,1.5
12.08.2021 00:33:22.180,1.35649,1.35634,1,2
12.08.2021 00:34:38.114,1.3565,1.35633,1,3.5
12.08.2021 00:34:42.125,1.3565,1.35633,1,3.5
12.08.2021 00:34:45.172,1.3565,1.35633,1,1.5
12.08.2021 00:35:00.192,1.35649,1.35633,1,2.75
12.08.2021 00:35:02.437,1.3565,1.35634,1,1.87
12.08.2021 00:35:03.199,1.35651,1.35633,1,2
12.08.2021 00:35:05.210,1.35651,1.35633,1,2.75
12.08.2021 00:35:06.466,1.35651,1.35636,1,1.5
12.08.2021 00:35:06.567,1.35653,1.35637,1,2.82
12.08.2021 00:35:06.617,1.3565500000000001,1.35639,1,1.6
12.08.2021 00:35:06.769,1.3565600000000002,1.35638,1,2.1
12.08.2021 00:35:07.544,1.3565500000000001,1.35644,1,1
12.08.2021 00:35:07.595,1.35658,1.35643,1,1
12.08.2021 00:35:07.696,1.35657,1.3564100000000001,1,1.1
12.08.2021 00:35:07.797,1.35658,1.3564200000000002,1,1.6
12.08.2021 00:35:07.914,1.3566,1.3564100000000001,1,1.6
12.08.2021 00:35:08.015,1.35659,1.35644,1,1.1
12.08.2021 00:35:08.116,1.35661,1.35646,1,1.1
12.08.2021 00:35:08.382,1.35661,1.3564500000000002,1,1.97
12.08.2021 00:35:17.029,1.3566200000000002,1.35644,1,1.6
12.08.2021 00:35:17.080,1.35658,1.3564200000000002,1,3.97
12.08.2021 00:35:17.181,1.3566,1.3564200000000002,1,1.72
12.08.2021 00:35:17.282,1.35658,1.3564200000000002,1,4.22
12.08.2021 00:35:17.433,1.35659,1.3564100000000001,1,1.6
12.08.2021 00:35:21.750,1.35658,1.3564200000000002,1,2.1
12.08.2021 00:35:26.718,1.35659,1.3564100000000001,1,1.22
12.08.2021 00:35:26.870,1.35658,1.3564200000000002,1,2.1
12.08.2021 00:35:27.789,1.3566,1.3564200000000002,1,1.6
12.08.2021 00:35:42.278,1.3566,1.3564200000000002,1,2.47
12.08.2021 00:35:42.329,1.35661,1.3564500000000002,1,1.22
12.08.2021 00:35:42.480,1.35661,1.3564500000000002,1,1.97
12.08.2021 00:35:42.658,1.35663,1.3564500000000002,1,1.1
12.08.2021 00:35:48.354,1.35663,1.35647,1,1
12.08.2021 00:36:00.112,1.35664,1.35648,1,1.57
12.08.2021 00:36:00.213,1.35664,1.35648,1,2.72
12.08.2021 00:36:00.414,1.35667,1.35649,1,1.1
12.08.2021 00:36:05.709,1.3566600000000002,1.35648,1,2.85
12.08.2021 00:36:06.514,1.3566500000000001,1.35649,1,2.7
12.08.2021 00:36:10.095,1.35664,1.35649,1,1.95
12.08.2021 00:36:18.303,1.35663,1.35649,1,1.2
12.08.2021 00:36:27.971,1.3566500000000001,1.35647,1,3.1
12.08.2021 00:36:46.511,1.35664,1.35648,1,2.32
12.08.2021 00:36:47.641,1.3566200000000002,1.35647,1,1.12
12.08.2021 00:36:48.650,1.35661,1.35647,1,1.1
12.08.2021 00:37:02.506,1.3566200000000002,1.35647,1,2.25
12.08.2021 00:37:35.266,1.35663,1.35647,1,1
12.08.2021 00:37:37.708,1.3566200000000002,1.35649,1,1
12.08.2021 00:37:37.820,1.35663,1.35649,1,1
12.08.2021 00:37:42.278,1.35663,1.35648,1,2.72
12.08.2021 00:37:42.328,1.3566600000000002,1.35649,1,1.1
12.08.2021 00:37:42.430,1.3566600000000002,1.35649,1,1.1
12.08.2021 00:37:42.581,1.3566600000000002,1.3565200000000002,1,1
12.08.2021 00:37:42.682,1.35667,1.3565200000000002,1,1
12.08.2021 00:37:42.783,1.35667,1.35651,1,1.1
12.08.2021 00:37:42.934,1.3566799999999999,1.3565200000000002,1,1.1
12.08.2021 00:37:43.096,1.3567,1.3565200000000002,1,1.1
12.08.2021 00:37:43.277,1.35669,1.35654,1,1
12.08.2021 00:37:44.189,1.35671,1.3565500000000001,1,1
12.08.2021 00:37:52.511,1.35673,1.3565500000000001,1,1
12.08.2021 00:38:14.872,1.3567,1.3565500000000001,1,1
12.08.2021 00:38:55.710,1.35671,1.35653,1,1.1
12.08.2021 00:39:16.709,1.35669,1.35651,1,1.1
12.08.2021 00:39:18.590,1.35667,1.35651,1,1.12
12.08.2021 00:40:04.045,1.3566600000000002,1.35649,1,1.2
12.08.2021 00:40:04.247,1.35663,1.35648,1,1.2
12.08.2021 00:40:50.886,1.3566500000000001,1.3565,1,1
12.08.2021 00:40:51.037,1.3566600000000002,1.35651,1,1
12.08.2021 00:40:51.138,1.3566799999999999,1.35651,1,1.5
12.08.2021 00:40:51.240,1.3566799999999999,1.3565200000000002,1,1.5
12.08.2021 00:40:51.524,1.35671,1.35653,1,1
12.08.2021 00:40:52.994,1.3567200000000001,1.35654,1,1
12.08.2021 00:40:59.317,1.3567,1.3565500000000001,1,1
12.08.2021 00:41:13.025,1.3567200000000001,1.3565500000000001,1,1
12.08.2021 00:41:57.850,1.3567,1.3565500000000001,1,1
12.08.2021 00:41:57.900,1.35669,1.35653,1,1.2
12.08.2021 00:41:57.951,1.3566799999999999,1.35651,1,2.07
12.08.2021 00:41:58.052,1.35667,1.3565200000000002,1,1.5
12.08.2021 00:41:59.578,1.3566799999999999,1.35653,1,1
12.08.2021 00:41:59.900,1.3567,1.3565500000000001,1,1
12.08.2021 00:42:06.506,1.3567200000000001,1.3565600000000002,1,1
12.08.2021 00:42:06.657,1.35674,1.35657,1,1
12.08.2021 00:42:06.707,1.35674,1.3566,1,1
12.08.2021 00:42:33.309,1.35677,1.3566200000000002,1,1
12.08.2021 00:42:33.360,1.3568,1.3566500000000001,1,1
12.08.2021 00:42:33.511,1.3568,1.3566600000000002,1,1
12.08.2021 00:42:33.612,1.35683,1.3566600000000002,2,1
12.08.2021 00:42:33.713,1.35683,1.3566600000000002,1.5,1
12.08.2021 00:42:39.286,1.3568200000000001,1.3566600000000002,1,1
12.08.2021 00:42:49.696,1.3568200000000001,1.35667,1,1
12.08.2021 00:42:55.376,1.35684,1.3566799999999999,1.87,1
12.08.2021 00:42:58.189,1.35683,1.35669,1.5,1.12
12.08.2021 00:43:00.198,1.35683,1.35669,1.12,1.12
12.08.2021 00:43:11.250,1.35684,1.3566799999999999,1.5,1.12
12.08.2021 00:43:36.399,1.35684,1.3566799999999999,1.12,1.12
12.08.2021 00:43:36.721,1.3568600000000002,1.35669,1,1
12.08.2021 00:43:36.822,1.35688,1.35673,1.5,1
12.08.2021 00:43:36.923,1.35689,1.3567200000000001,1,1
12.08.2021 00:43:37.275,1.35689,1.35674,1,1
12.08.2021 00:43:38.616,1.35691,1.3567600000000002,1,1
12.08.2021 00:43:59.810,1.3569,1.35674,1,1
12.08.2021 00:43:59.911,1.3569,1.35673,1,1
12.08.2021 00:44:00.248,1.35688,1.3567,1,1
12.08.2021 00:44:00.377,1.3568600000000002,1.35671,1,1
12.08.2021 00:44:07.389,1.35684,1.35669,1,1
12.08.2021 00:44:08.128,1.35684,1.35667,1,1
12.08.2021 00:44:50.627,1.35684,1.35669,1,1
12.08.2021 00:46:04.800,1.3568600000000002,1.3567,1,1
12.08.2021 00:46:14.755,1.3569,1.35673,1.12,1.5
12.08.2021 00:46:14.856,1.35693,1.3567600000000002,1.12,1
12.08.2021 00:46:52.238,1.35694,1.35677,1,1
12.08.2021 00:46:54.700,1.35695,1.3568,1,1
12.08.2021 00:46:54.800,1.357,1.35683,1.62,1
12.08.2021 00:46:54.952,1.35699,1.35684,1,1
12.08.2021 00:46:55.103,1.35703,1.3568600000000002,1,1
12.08.2021 00:46:55.355,1.35703,1.3568600000000002,1,1.22
12.08.2021 00:46:55.912,1.35703,1.3568600000000002,1,1.2
12.08.2021 00:46:56.412,1.357,1.3568500000000001,1,1.12
12.08.2021 00:46:59.563,1.357,1.35683,1,1
12.08.2021 00:47:03.437,1.357,1.3568500000000001,1,1
12.08.2021 00:47:07.496,1.357,1.35683,1,1
12.08.2021 00:47:11.395,1.357,1.35683,1,1.1
12.08.2021 00:47:11.496,1.35701,1.35684,1,2.1
12.08.2021 00:47:12.467,1.35701,1.35684,1,1.72
12.08.2021 00:47:12.569,1.3570200000000001,1.3568700000000002,1,1.2
12.08.2021 00:47:12.869,1.35703,1.3568600000000002,1,2.45
12.08.2021 00:47:13.408,1.35705,1.35688,1,1.1
12.08.2021 00:47:13.516,1.35705,1.35688,1,1.1
12.08.2021 00:47:15.378,1.3570600000000002,1.35691,1,1
12.08.2021 00:47:22.846,1.35705,1.3569,1,1.1
12.08.2021 00:47:24.402,1.35705,1.35688,1,1.22
12.08.2021 00:47:42.475,1.35705,1.35689,1,1.1
12.08.2021 00:47:42.868,1.3570700000000002,1.35691,1,1.1
12.08.2021 00:47:42.992,1.35708,1.35693,1,1
12.08.2021 00:47:43.093,1.3570900000000001,1.35693,1,1
12.08.2021 00:47:43.295,1.3571,1.35693,1,1
12.08.2021 00:47:43.396,1.35711,1.35695,1,1
12.08.2021 00:47:43.497,1.35711,1.3569600000000002,1,1
12.08.2021 00:48:06.520,1.3571,1.35694,1,3.22
12.08.2021 00:48:06.621,1.3571,1.35694,1,1.1
12.08.2021 00:48:06.823,1.35708,1.3569,1,1.6
12.08.2021 00:48:06.924,1.35705,1.3569,1,1.6
12.08.2021 00:48:07.025,1.35703,1.3569,1,1.6
12.08.2021 00:48:07.075,1.35704,1.35689,1,1
12.08.2021 00:48:25.454,1.35704,1.3568600000000002,1,1.2
12.08.2021 00:48:34.991,1.3570200000000001,1.3568500000000001,1,1
12.08.2021 00:48:35.092,1.35699,1.35684,1,1.5
12.08.2021 00:48:35.193,1.35699,1.35684,1,1.1
12.08.2021 00:48:35.344,1.35698,1.35683,1,1.1
12.08.2021 00:48:36.031,1.35698,1.3568200000000001,1,1.1
12.08.2021 00:48:36.306,1.3569700000000002,1.35681,1,1.57
12.08.2021 00:48:49.985,1.35695,1.3568,1,1.1
12.08.2021 00:49:02.186,1.3569700000000002,1.3568200000000001,1,1
12.08.2021 00:49:13.408,1.35698,1.35683,1,1
12.08.2021 00:49:36.649,1.3569600000000002,1.35681,1,1
12.08.2021 00:49:36.800,1.35693,1.3567600000000002,1,1.7
12.08.2021 00:49:36.901,1.3569200000000001,1.35677,1,1.5
12.08.2021 00:49:44.579,1.35693,1.35678,1,1
12.08.2021 00:49:58.435,1.35693,1.3567600000000002,1,1
12.08.2021 00:49:58.536,1.3569,1.35673,1,1.12
12.08.2021 00:49:58.637,1.3568600000000002,1.35671,1,1.5
12.08.2021 00:49:58.738,1.3568500000000001,1.3566799999999999,1,1.12
12.08.2021 00:49:58.957,1.3568700000000002,1.3567,1.12,1
12.08.2021 00:49:59.109,1.3568700000000002,1.3567200000000001,1.62,1
12.08.2021 00:49:59.706,1.3568600000000002,1.3567200000000001,1,1
12.08.2021 00:50:00.731,1.35688,1.35671,1.62,1
12.08.2021 00:50:03.997,1.3568700000000002,1.3567200000000001,1.12,1
12.08.2021 00:50:05.473,1.35689,1.35673,1,1
12.08.2021 00:50:05.685,1.35689,1.35674,1,1
12.08.2021 00:50:05.978,1.35691,1.35673,1.62,1
12.08.2021 00:50:06.967,1.35691,1.35673,1.12,1
12.08.2021 00:50:07.981,1.3569200000000001,1.35673,1.5,1
12.08.2021 00:50:08.082,1.35691,1.3567500000000001,1.5,1
12.08.2021 00:50:08.967,1.3569,1.3567500000000001,1,1
12.08.2021 00:50:10.812,1.3569200000000001,1.3567600000000002,1,1
12.08.2021 00:50:10.862,1.35694,1.3567600000000002,2.07,1
12.08.2021 00:50:11.014,1.35693,1.35678,1.6,1
12.08.2021 00:50:11.854,1.35694,1.35677,1,1
12.08.2021 00:50:15.965,1.3569200000000001,1.35677,1,1
12.08.2021 00:50:22.049,1.3569200000000001,1.3567500000000001,2.07,1
12.08.2021 00:50:22.200,1.3569,1.35674,1,1
12.08.2021 00:50:22.746,1.35689,1.35674,1,1
12.08.2021 00:50:23.407,1.35688,1.35673,1.5,1
12.08.2021 00:50:23.747,1.35688,1.35673,1.62,1
12.08.2021 00:50:29.162,1.35689,1.3567200000000001,1.5,1
12.08.2021 00:50:29.263,1.3568700000000002,1.3567200000000001,1,1
12.08.2021 00:50:34.164,1.35688,1.3567,1,1
12.08.2021 00:50:38.372,1.3568500000000001,1.3567,1,1
12.08.2021 00:50:49.557,1.3568500000000001,1.3566799999999999,1,1
12.08.2021 00:50:51.374,1.3568200000000001,1.3566600000000002,1,1
12.08.2021 00:51:40.950,1.3568200000000001,1.35667,1,1
12.08.2021 00:51:56.446,1.35684,1.35667,1,1
12.08.2021 00:52:06.687,1.3568500000000001,1.35667,1,1
12.08.2021 00:52:36.235,1.35683,1.3566799999999999,1,1
12.08.2021 00:52:39.039,1.35684,1.3567,1,1
12.08.2021 00:52:39.140,1.3568600000000002,1.35669,1,1
12.08.2021 00:52:39.241,1.3568700000000002,1.3567,1.12,1
12.08.2021 00:52:40.938,1.35688,1.3567,1.12,1
12.08.2021 00:52:47.677,1.3568700000000002,1.35673,1,1
12.08.2021 00:52:50.321,1.3568,1.35673,1,1
12.08.2021 00:52:50.372,1.3568,1.3566600000000002,1,1.5
12.08.2021 00:52:50.472,1.35683,1.3566600000000002,1,1
12.08.2021 00:52:52.592,1.3568500000000001,1.3566799999999999,1,1
12.08.2021 00:53:11.125,1.3568200000000001,1.3566799999999999,1,1
12.08.2021 00:53:11.254,1.35681,1.35667,1,1
12.08.2021 00:53:28.217,1.35678,1.35667,1.5,1
12.08.2021 00:53:28.318,1.35674,1.35658,1,1.6
12.08.2021 00:53:28.419,1.3567200000000001,1.35657,1,1
12.08.2021 00:53:28.520,1.35671,1.35657,1.12,1
12.08.2021 00:53:28.622,1.3567200000000001,1.35657,1,1
12.08.2021 00:53:28.672,1.3567,1.3565500000000001,1,1
12.08.2021 00:53:28.824,1.35669,1.35654,1,1
12.08.2021 00:53:29.616,1.3566799999999999,1.35651,1,1
12.08.2021 00:53:30.293,1.35669,1.35654,1,1
12.08.2021 00:53:30.882,1.3566799999999999,1.35651,1,1
12.08.2021 00:53:30.983,1.35669,1.3565200000000002,1,1
12.08.2021 00:53:31.286,1.35671,1.35654,1,1
12.08.2021 00:53:31.600,1.3567200000000001,1.3565500000000001,1,1
12.08.2021 00:53:44.440,1.3567,1.3565500000000001,1,1
12.08.2021 00:53:44.591,1.3567,1.35653,1,1
12.08.2021 00:53:48.386,1.3566799999999999,1.35653,1,1
12.08.2021 00:53:51.414,1.3566600000000002,1.35651,1,1
12.08.2021 00:53:54.410,1.35663,1.35649,1,1
12.08.2021 00:53:54.511,1.35663,1.35646,1,1
12.08.2021 00:54:07.223,1.35664,1.35649,1,1
12.08.2021 00:54:07.375,1.35667,1.3565,1.5,1
12.08.2021 00:54:29.166,1.3566500000000001,1.35649,1,1
12.08.2021 00:55:00.177,1.35664,1.35648,1,1
12.08.2021 00:55:01.555,1.35663,1.35646,1,1
12.08.2021 00:55:14.892,1.3566,1.35646,1,1
12.08.2021 00:55:14.993,1.35657,1.3564,1,1
12.08.2021 00:55:15.245,1.3565600000000002,1.35639,1,1
12.08.2021 00:55:21.603,1.3565500000000001,1.35638,1,1
12.08.2021 00:56:00.882,1.3565,1.35637,1,1
12.08.2021 00:56:06.991,1.35648,1.3563200000000002,1,2.25
12.08.2021 00:56:07.042,1.3564500000000002,1.3563200000000002,1,1
12.08.2021 00:56:07.143,1.35644,1.35627,1,3.12
12.08.2021 00:56:07.244,1.35639,1.35626,1,2.25
12.08.2021 00:56:07.445,1.3564100000000001,1.35626,1,1
12.08.2021 00:56:07.546,1.3564200000000002,1.3562400000000001,1,1.87
12.08.2021 00:56:07.596,1.35639,1.35625,1,1.5
12.08.2021 00:56:07.698,1.35639,1.3562400000000001,1,1
12.08.2021 00:56:07.748,1.35639,1.3562200000000002,1,1.5
12.08.2021 00:56:07.799,1.35637,1.3562100000000001,1,1.87
12.08.2021 00:56:08.001,1.35636,1.35619,1,2.37
12.08.2021 00:56:09.743,1.35638,1.35619,1,2.75
12.08.2021 00:56:16.638,1.3563,1.35619,1,2.75
12.08.2021 00:56:20.840,1.35637,1.3562,1,1.6
12.08.2021 00:56:54.725,1.35637,1.3562,1.12,1.2
12.08.2021 00:56:55.184,1.35636,1.3562,1,1.2
12.08.2021 00:56:55.234,1.3563500000000002,1.35619,1,1.12
12.08.2021 00:56:55.514,1.35634,1.35616,1,1.2
12.08.2021 00:56:55.565,1.3563100000000001,1.35615,1,2.47
12.08.2021 00:56:55.716,1.3563100000000001,1.35613,1,2.85
12.08.2021 00:56:55.867,1.35629,1.35613,1,1.6
12.08.2021 00:56:56.423,1.3562400000000001,1.35613,1,1.7
12.08.2021 00:56:57.700,1.3563,1.3561200000000002,1,1.7
12.08.2021 00:57:01.472,1.3563,1.35615,1,1
12.08.2021 00:57:01.573,1.35633,1.35617,1.12,1
12.08.2021 00:57:01.624,1.3563100000000001,1.35617,1,1
12.08.2021 00:57:01.675,1.35633,1.35617,1,1
12.08.2021 00:57:05.204,1.3563100000000001,1.35615,1,4.35
12.08.2021 00:57:06.964,1.3563,1.35613,1,2.62
12.08.2021 00:57:07.015,1.35627,1.35613,1,1
12.08.2021 00:57:08.573,1.35629,1.3561,1.5,1
12.08.2021 00:57:10.222,1.35629,1.3561,1,1
12.08.2021 00:57:25.710,1.35629,1.3561,1,1
12.08.2021 00:57:30.079,1.35623,1.3561100000000001,1,3.6
12.08.2021 00:57:30.892,1.35628,1.3561200000000002,1,2.07
12.08.2021 00:57:39.098,1.35627,1.35609,1.5,1.7
12.08.2021 00:57:39.199,1.3562400000000001,1.35609,1,2
12.08.2021 00:57:39.300,1.35623,1.3561,1,1.5
12.08.2021 00:57:44.000,1.3562400000000001,1.3561,1,1
12.08.2021 00:58:19.273,1.35627,1.3561,1,1.2
12.08.2021 00:58:19.323,1.3563100000000001,1.3561200000000002,1.5,1
12.08.2021 00:58:19.424,1.3563100000000001,1.35613,1.12,1
12.08.2021 00:58:19.525,1.3563100000000001,1.35615,1.12,1
12.08.2021 00:58:34.347,1.3563200000000002,1.3561400000000001,1,1.6
12.08.2021 00:58:43.854,1.3563200000000002,1.35616,1,1.1
12.08.2021 00:58:47.805,1.3563500000000002,1.35615,1,1.97
12.08.2021 00:58:47.905,1.35636,1.35618,1,1
12.08.2021 00:58:48.057,1.35637,1.35619,1,1
12.08.2021 00:58:50.164,1.35639,1.3562,1,1
12.08.2021 00:58:51.356,1.35638,1.3562100000000001,1,1.5
12.08.2021 00:58:51.457,1.3564,1.3562200000000002,1,1
12.08.2021 00:59:08.811,1.35639,1.3562200000000002,1,1.57
12.08.2021 00:59:09.047,1.3564,1.3562200000000002,1,1.57
12.08.2021 00:59:10.101,1.3564200000000002,1.3562400000000001,1,1
12.08.2021 00:59:10.252,1.35644,1.35626,1,1.12
12.08.2021 00:59:10.354,1.35644,1.35626,1,1.5
12.08.2021 00:59:10.505,1.35644,1.35629,1,1
12.08.2021 00:59:16.105,1.35646,1.3563,1,1
12.08.2021 00:59:16.206,1.35649,1.3563100000000001,1,1
12.08.2021 00:59:16.366,1.35648,1.3563100000000001,1,1.12
12.08.2021 00:59:22.690,1.35649,1.3563,1,1
12.08.2021 00:59:28.582,1.3565,1.3563100000000001,1,1.95
12.08.2021 00:59:28.683,1.3565200000000002,1.3563500000000002,1.12,1
12.08.2021 00:59:28.834,1.35653,1.3563500000000002,1,1
12.08.2021 00:59:28.935,1.35654,1.3563500000000002,1,1.2
12.08.2021 00:59:29.036,1.3565500000000001,1.35638,1,1
12.08.2021 00:59:43.326,1.3565500000000001,1.35639,1,1
12.08.2021 00:59:43.827,1.35657,1.35638,1,1.6
12.08.2021 00:59:43.978,1.35659,1.3564100000000001,1,1.12
12.08.2021 00:59:44.079,1.3566,1.3564100000000001,1,1.1
12.08.2021 00:59:44.480,1.3566,1.35643,1,1
12.08.2021 00:59:46.161,1.3566,1.35644,1,1
12.08.2021 00:59:46.463,1.3566,1.3564500000000002,1,1.12
12.08.2021 00:59:46.738,1.35661,1.3564500000000002,1,1
12.08.2021 00:59:55.121,1.3566200000000002,1.3564500000000002,1,1.5
12.08.2021 00:59:55.323,1.35661,1.35646,1,1
12.08.2021 00:59:55.424,1.35661,1.35643,1,1.62
12.08.2021 00:59:55.582,1.35659,1.3564200000000002,1,1.72
12.08.2021 00:59:57.072,1.35659,1.3564200000000002,1,1.7
12.08.2021 00:59:57.255,1.35658,1.3564200000000002,1,1.7
12.08.2021 01:00:00.016,1.35658,1.3564200000000002,1,1.7
12.08.2021 01:00:00.117,1.35657,1.35639,1,1.6
12.08.2021 01:00:00.218,1.35654,1.35639,1,1.1
12.08.2021 01:00:00.319,1.35654,1.35638,1,1.1
12.08.2021 01:00:00.470,1.3565500000000001,1.35638,1,1
12.08.2021 01:00:00.571,1.3565500000000001,1.35638,1,1
12.08.2021 01:00:01.360,1.35654,1.35638,1,1
12.08.2021 01:00:01.461,1.35653,1.3563500000000002,1,1.1
12.08.2021 01:00:01.562,1.3565200000000002,1.35636,1,1
12.08.2021 01:00:01.613,1.3565200000000002,1.35636,1,1
12.08.2021 01:00:01.713,1.35653,1.3563500000000002,1,1
12.08.2021 01:00:01.814,1.3565200000000002,1.35636,1,1
12.08.2021 01:00:02.290,1.35653,1.3563500000000002,1,1
12.08.2021 01:00:02.403,1.3565,1.35636,1,1
12.08.2021 01:00:02.702,1.35651,1.3563500000000002,1,1
12.08.2021 01:00:03.465,1.35651,1.35636,1,1
12.08.2021 01:00:04.132,1.3565200000000002,1.3563500000000002,1,1
12.08.2021 01:00:06.440,1.3565200000000002,1.3563500000000002,1,1
12.08.2021 01:00:06.541,1.3565,1.35636,1,1
12.08.2021 01:00:06.692,1.35649,1.35633,1,3.22
12.08.2021 01:00:07.118,1.35648,1.35633,1,1.7
12.08.2021 01:00:09.049,1.35649,1.35633,1,1
12.08.2021 01:00:09.200,1.3564500000000002,1.3563,1,1.12
12.08.2021 01:00:09.251,1.35647,1.3563,1,1
12.08.2021 01:00:09.536,1.35644,1.3563100000000001,1,1
12.08.2021 01:00:09.901,1.3564100000000001,1.35626,1,1
12.08.2021 01:00:10.052,1.3564100000000001,1.35626,1,1
12.08.2021 01:00:10.232,1.3564,1.35627,1,1
12.08.2021 01:00:13.847,1.3564,1.35629,1,1
12.08.2021 01:00:20.081,1.3564100000000001,1.35629,1,1
12.08.2021 01:00:27.565,1.35643,1.35628,1,1
12.08.2021 01:00:36.967,1.35643,1.35626,1,1
12.08.2021 01:00:37.017,1.35638,1.35623,1.5,1.5
12.08.2021 01:00:37.118,1.35636,1.35619,1,1.62
12.08.2021 01:00:37.219,1.3563500000000002,1.3562,1,1.12
12.08.2021 01:00:38.024,1.35633,1.35618,1,1.12
12.08.2021 01:00:56.548,1.3563500000000002,1.35618,1,1
12.08.2021 01:01:08.854,1.35636,1.35619,1,1
12.08.2021 01:01:09.598,1.35637,1.3562,1,1
12.08.2021 01:01:17.190,1.35637,1.3562200000000002,1,1
12.08.2021 01:01:18.048,1.35638,1.35623,2.62,1
12.08.2021 01:01:19.777,1.3564100000000001,1.35626,2.62,1
12.08.2021 01:01:23.556,1.3564200000000002,1.35626,1,1
12.08.2021 01:01:24.209,1.35644,1.35627,1.12,1
12.08.2021 01:01:25.226,1.35644,1.35628,1.12,1
12.08.2021 01:01:25.391,1.35643,1.35628,1.5,1
12.08.2021 01:01:25.635,1.35644,1.35628,1.5,1
12.08.2021 01:01:25.966,1.35644,1.35629,1.12,1
12.08.2021 01:01:26.583,1.3564500000000002,1.35629,3,1
12.08.2021 01:01:27.399,1.35646,1.3563,3.12,1
12.08.2021 01:01:27.500,1.35646,1.35633,2.37,1
12.08.2021 01:01:27.621,1.35647,1.3563200000000002,2.25,1
12.08.2021 01:01:29.011,1.35648,1.35633,2.37,1
12.08.2021 01:01:29.112,1.3565,1.35637,1,1
12.08.2021 01:01:29.213,1.3565600000000002,1.35639,1.57,1
12.08.2021 01:01:29.364,1.3565600000000002,1.3564200000000002,1,1
12.08.2021 01:01:29.415,1.35658,1.3564100000000001,2.32,1
12.08.2021 01:01:29.516,1.35658,1.3564200000000002,1.5,1
12.08.2021 01:01:29.833,1.3566,1.3564200000000002,1.2,1
12.08.2021 01:01:29.941,1.3566200000000002,1.35643,2.1,1
12.08.2021 01:01:31.469,1.35661,1.35644,1.1,1
12.08.2021 01:01:36.155,1.3566200000000002,1.35644,1.1,1
12.08.2021 01:01:38.134,1.3566200000000002,1.35644,1,1
12.08.2021 01:01:38.185,1.35664,1.35647,1,1
12.08.2021 01:01:38.286,1.35664,1.35648,1.12,1
12.08.2021 01:01:38.488,1.3566600000000002,1.35647,2.44,1
12.08.2021 01:01:38.689,1.3566600000000002,1.35646,1.2,1
12.08.2021 01:01:38.941,1.35664,1.35646,1,1
12.08.2021 01:01:47.198,1.3566500000000001,1.35647,1.12,1
12.08.2021 01:01:47.299,1.3566600000000002,1.35648,1.62,1
12.08.2021 01:01:47.400,1.3566500000000001,1.3565,1,1
12.08.2021 01:01:48.045,1.35667,1.35649,1.5,1
12.08.2021 01:01:48.271,1.35667,1.35651,1.5,1
12.08.2021 01:01:48.422,1.35667,1.35651,1,1
12.08.2021 01:01:52.759,1.3566799999999999,1.3565200000000002,1,1
12.08.2021 01:02:02.824,1.3567,1.35654,1,1
12.08.2021 01:02:02.925,1.35671,1.35654,1,1
12.08.2021 01:02:03.229,1.35673,1.35658,1.12,1
12.08.2021 01:02:03.481,1.3567500000000001,1.3566,1,1
12.08.2021 01:02:04.068,1.35673,1.35658,1,1
12.08.2021 01:02:07.776,1.3567500000000001,1.35657,1,1
12.08.2021 01:02:08.731,1.3567600000000002,1.35658,1.12,1
12.08.2021 01:02:23.796,1.3567600000000002,1.35659,1.5,1
12.08.2021 01:02:24.104,1.3567600000000002,1.35661,1.12,1
12.08.2021 01:02:24.879,1.35677,1.35661,1.12,1
12.08.2021 01:02:25.784,1.35678,1.35661,2.25,1
12.08.2021 01:02:28.829,1.35678,1.35663,1.12,1
12.08.2021 01:02:36.763,1.35678,1.3566,1,1
12.08.2021 01:02:40.653,1.35681,1.3566500000000001,3.12,1
12.08.2021 01:02:40.905,1.3568200000000001,1.3566500000000001,2.37,1
12.08.2021 01:02:41.106,1.3568200000000001,1.3566600000000002,1.12,1
12.08.2021 01:02:41.624,1.35683,1.35667,1.87,1
12.08.2021 01:02:56.620,1.3568200000000001,1.3566600000000002,1.1,1
12.08.2021 01:02:56.721,1.35681,1.35664,1,1
12.08.2021 01:02:57.660,1.35683,1.3566500000000001,1.5,1
12.08.2021 01:03:03.732,1.35681,1.3566600000000002,1,1
12.08.2021 01:03:03.782,1.35679,1.3566200000000002,1,1
12.08.2021 01:03:03.883,1.35678,1.35661,1,1
12.08.2021 01:03:04.186,1.3567200000000001,1.3566,1,1
12.08.2021 01:03:04.237,1.35673,1.3565600000000002,1.5,1
12.08.2021 01:03:04.338,1.3567200000000001,1.3565500000000001,1,1
12.08.2021 01:03:04.539,1.3567200000000001,1.35653,1,1
12.08.2021 01:03:04.760,1.3567200000000001,1.35653,1.5,1
12.08.2021 01:03:04.861,1.35671,1.3565200000000002,1.12,1
12.08.2021 01:03:04.912,1.3566799999999999,1.3565200000000002,1,1
12.08.2021 01:03:05.241,1.35667,1.35651,1,1
12.08.2021 01:03:05.392,1.3566799999999999,1.35649,1.5,1
12.08.2021 01:03:05.713,1.3566600000000002,1.35648,1.12,1
12.08.2021 01:03:08.011,1.3566500000000001,1.35647,1,1
12.08.2021 01:03:10.700,1.3566600000000002,1.35648,1,1
12.08.2021 01:03:23.332,1.3566799999999999,1.35653,1.5,1
12.08.2021 01:03:23.483,1.35669,1.35653,1,1
12.08.2021 01:03:27.227,1.35671,1.35654,1,1
12.08.2021 01:03:32.222,1.35671,1.35654,1.5,1
12.08.2021 01:03:36.608,1.3567,1.3565200000000002,1,1
12.08.2021 01:03:42.276,1.3567,1.35654,1.12,1
12.08.2021 01:03:42.573,1.3567200000000001,1.3565500000000001,1,1
12.08.2021 01:03:47.287,1.35674,1.35657,1.5,1
12.08.2021 01:03:47.388,1.3567500000000001,1.35658,1.5,1
12.08.2021 01:03:47.489,1.3567500000000001,1.35658,1,1
12.08.2021 01:04:03.668,1.35673,1.35658,1,1
12.08.2021 01:04:03.912,1.3567200000000001,1.35657,1,1
12.08.2021 01:04:05.019,1.35669,1.3565200000000002,1,1.87
12.08.2021 01:04:05.120,1.3566799999999999,1.35651,1,1.12
12.08.2021 01:04:05.221,1.3566500000000001,1.3565,1,1.12
12.08.2021 01:04:26.236,1.3566500000000001,1.35648,1,1.5
12.08.2021 01:04:26.454,1.35663,1.35646,1,1
12.08.2021 01:04:26.555,1.3566,1.35643,1,1.5
12.08.2021 01:04:26.767,1.35657,1.3564200000000002,1,1
12.08.2021 01:04:27.161,1.3565500000000001,1.3564,1,1
12.08.2021 01:04:27.262,1.35654,1.35639,1,1.12
12.08.2021 01:05:11.794,1.35653,1.35638,1,1
12.08.2021 01:05:18.058,1.35657,1.3564,1.5,1
12.08.2021 01:05:18.159,1.35657,1.3564,1.12,1
12.08.2021 01:05:18.530,1.35657,1.3564200000000002,1,1
12.08.2021 01:05:18.632,1.3566,1.35643,1,1
12.08.2021 01:05:18.885,1.3566200000000002,1.3564500000000002,1,1
12.08.2021 01:05:40.741,1.3566,1.35643,1,1
12.08.2021 01:06:13.511,1.35654,1.35643,1,1
12.08.2021 01:06:13.960,1.35659,1.35644,1,1
12.08.2021 01:06:22.001,1.35658,1.3564100000000001,1,1.5
12.08.2021 01:06:22.102,1.35657,1.3564,1,1
12.08.2021 01:06:22.362,1.35659,1.3564100000000001,1,1
12.08.2021 01:06:22.579,1.3566,1.3564200000000002,1,1
12.08.2021 01:06:25.597,1.35661,1.35644,1,1
12.08.2021 01:06:26.104,1.3566200000000002,1.3564500000000002,1,1
12.08.2021 01:06:57.307,1.3566,1.3564500000000002,1,1
12.08.2021 01:06:59.048,1.35658,1.3564100000000001,1,1
12.08.2021 01:06:59.150,1.3565600000000002,1.35639,1,1
12.08.2021 01:07:00.989,1.3565500000000001,1.35638,1,1
12.08.2021 01:07:51.949,1.3565600000000002,1.3564100000000001,1,1
12.08.2021 01:07:52.476,1.35657,1.3564200000000002,1,1
12.08.2021 01:07:52.802,1.35659,1.35644,1,1
12.08.2021 01:07:55.134,1.35661,1.35644,1,1
12.08.2021 01:08:00.178,1.35663,1.35646,1,1
12.08.2021 01:08:22.078,1.35663,1.35648,1,1
12.08.2021 01:08:30.951,1.3566600000000002,1.35649,1.5,1
12.08.2021 01:08:31.543,1.3566600000000002,1.35649,1.12,1
12.08.2021 01:08:31.946,1.3566600000000002,1.35651,1.12,1
12.08.2021 01:08:32.047,1.35671,1.3565600000000002,2.25,1
12.08.2021 01:08:32.148,1.35671,1.3565600000000002,1.5,1
12.08.2021 01:08:32.299,1.35671,1.3565600000000002,1,1
12.08.2021 01:08:47.649,1.35673,1.35658,1,1
12.08.2021 01:09:00.713,1.35674,1.35659,1,1
12.08.2021 01:09:00.814,1.35677,1.35663,1,1
12.08.2021 01:09:08.211,1.3567600000000002,1.3566,1,1
12.08.2021 01:09:40.033,1.35679,1.3566200000000002,1.12,1
12.08.2021 01:09:59.806,1.35678,1.35661,1,1
12.08.2021 01:09:59.857,1.3567500000000001,1.3566,1,2
12.08.2021 01:09:59.958,1.3567500000000001,1.35658,1,2.25
12.08.2021 01:10:02.419,1.35674,1.3565600000000002,1,3.07
12.08.2021 01:10:05.873,1.35671,1.3565600000000002,1,5.37
12.08.2021 01:10:06.074,1.35671,1.3565600000000002,1,4.87
12.08.2021 01:10:14.150,1.35671,1.35654,1,1.5
12.08.2021 01:10:14.251,1.35664,1.35653,1,1.87
12.08.2021 01:10:14.301,1.3566200000000002,1.35649,1,1
12.08.2021 01:10:14.352,1.3566,1.35648,1,1.12
12.08.2021 01:10:14.453,1.3566200000000002,1.35647,1,1
12.08.2021 01:10:14.604,1.3566200000000002,1.3564500000000002,1,1
12.08.2021 01:10:14.755,1.3566,1.3564500000000002,1.5,1.5
12.08.2021 01:10:14.806,1.35659,1.3564200000000002,1,1.12
12.08.2021 01:10:15.108,1.35657,1.3564200000000002,1,1
12.08.2021 01:10:15.209,1.3565600000000002,1.3564100000000001,1,1.12
12.08.2021 01:10:20.122,1.35659,1.3564200000000002,1,1
12.08.2021 01:10:39.482,1.3566,1.35643,1,1
12.08.2021 01:10:39.975,1.3566,1.35646,1,1
12.08.2021 01:11:59.802,1.35659,1.3564200000000002,1,1
12.08.2021 01:12:16.360,1.3565600000000002,1.3564100000000001,1,1
12.08.2021 01:12:16.512,1.3565500000000001,1.35637,1,1
12.08.2021 01:12:16.663,1.3565500000000001,1.35637,1,1
12.08.2021 01:12:16.764,1.3565500000000001,1.35637,1,1
12.08.2021 01:12:16.915,1.35654,1.35639,1,1
12.08.2021 01:12:17.582,1.3565500000000001,1.35636,1,1.5
12.08.2021 01:12:17.834,1.3565200000000002,1.35636,1,1.5
12.08.2021 01:12:17.884,1.35653,1.3563500000000002,1,1
12.08.2021 01:12:18.773,1.35647,1.3563500000000002,1,1
12.08.2021 01:12:22.191,1.35653,1.3563500000000002,1,1
12.08.2021 01:12:22.484,1.35654,1.35637,1,1
12.08.2021 01:12:25.620,1.35657,1.3564,1,1
12.08.2021 01:12:25.771,1.35658,1.35643,1,1
12.08.2021 01:12:26.568,1.35659,1.3564100000000001,1,1.1
12.08.2021 01:12:28.130,1.3566,1.35643,1,1
12.08.2021 01:12:28.332,1.35661,1.35646,1,1
12.08.2021 01:13:09.944,1.3566200000000002,1.35647,1,1
12.08.2021 01:13:10.308,1.35664,1.35649,1,1
12.08.2021 01:13:10.460,1.35667,1.3565,1,1
12.08.2021 01:13:10.712,1.3566799999999999,1.35653,1,1
12.08.2021 01:13:29.598,1.3567200000000001,1.3565500000000001,1,1
12.08.2021 01:13:59.508,1.35673,1.3565600000000002,1,1
12.08.2021 01:14:01.605,1.3567500000000001,1.35658,1,1
12.08.2021 01:14:14.197,1.3567600000000002,1.35659,1,1
12.08.2021 01:14:43.226,1.3567500000000001,1.35658,1,1
12.08.2021 01:15:03.698,1.35677,1.3566,1.5,1
12.08.2021 01:15:03.896,1.3567600000000002,1.35659,1.12,1
12.08.2021 01:15:03.997,1.35674,1.35657,1,1
12.08.2021 01:15:09.890,1.35671,1.3565600000000002,1,1.1
12.08.2021 01:15:10.129,1.35671,1.35654,1,1
12.08.2021 01:15:10.230,1.3566600000000002,1.35651,1,2.07
12.08.2021 01:15:10.331,1.3566799999999999,1.35651,1,1
12.08.2021 01:15:10.549,1.35671,1.35654,1,1
12.08.2021 01:15:12.830,1.35673,1.3565600000000002,1,1
12.08.2021 01:15:21.213,1.35673,1.35658,1,1
12.08.2021 01:15:21.314,1.3567500000000001,1.35657,1,1
12.08.2021 01:15:21.415,1.3567600000000002,1.35659,1.12,1
12.08.2021 01:15:23.675,1.3568,1.3566500000000001,1.87,1
12.08.2021 01:15:23.826,1.35683,1.3566600000000002,1.12,1
12.08.2021 01:15:24.291,1.35684,1.3566600000000002,1,1
12.08.2021 01:15:25.733,1.35684,1.35667,1,1
12.08.2021 01:16:01.943,1.35681,1.35667,1,1
12.08.2021 01:16:01.993,1.35678,1.35663,1,1.12
12.08.2021 01:16:02.044,1.3567600000000002,1.35661,1,1.5
12.08.2021 01:16:02.145,1.3567600000000002,1.35659,1,1
12.08.2021 01:16:07.434,1.3567600000000002,1.35661,1,1
12.08.2021 01:16:07.535,1.35679,1.3566200000000002,1,1
12.08.2021 01:16:20.419,1.3567500000000001,1.3566200000000002,1,1
12.08.2021 01:16:20.470,1.3567600000000002,1.35659,1,1
12.08.2021 01:16:20.570,1.3567500000000001,1.35658,1,1.12
12.08.2021 01:16:23.089,1.35674,1.35657,1,1
12.08.2021 01:16:23.190,1.35674,1.35658,1,1
12.08.2021 01:16:23.471,1.35673,1.35657,1,1
12.08.2021 01:16:24.663,1.35671,1.3565600000000002,1,1
12.08.2021 01:16:25.767,1.3567,1.35653,1,1
12.08.2021 01:16:26.194,1.3566799999999999,1.3565200000000002,1,1
12.08.2021 01:16:26.295,1.3566799999999999,1.35649,1,1
12.08.2021 01:16:26.396,1.3566500000000001,1.3565,1,1
12.08.2021 01:16:26.698,1.35663,1.35648,1,1.5
12.08.2021 01:16:30.941,1.3566200000000002,1.35647,1,1
12.08.2021 01:16:31.042,1.3566,1.35644,1,1.62
12.08.2021 01:16:31.143,1.3566,1.35644,1,1
12.08.2021 01:16:31.419,1.35659,1.3564200000000002,1,1.2
12.08.2021 01:16:41.531,1.3566,1.3564100000000001,1,1
12.08.2021 01:16:41.632,1.3565600000000002,1.3564100000000001,1,1
12.08.2021 01:16:41.784,1.35657,1.3564100000000001,1,1
12.08.2021 01:16:41.986,1.35659,1.3564200000000002,1,1
12.08.2021 01:16:43.932,1.35659,1.35643,1,1
12.08.2021 01:16:46.360,1.35661,1.35644,1,1
12.08.2021 01:16:53.056,1.35661,1.35643,1,1
12.08.2021 01:16:53.522,1.3566,1.3564200000000002,1,1
12.08.2021 01:16:53.623,1.35657,1.3564200000000002,1,1
12.08.2021 01:17:01.183,1.3566,1.35643,1,1
12.08.2021 01:17:02.169,1.35661,1.35646,1,1
12.08.2021 01:17:02.825,1.35664,1.35648,1,1
12.08.2021 01:17:02.926,1.3566799999999999,1.35651,1.87,1
12.08.2021 01:17:03.027,1.35669,1.3565200000000002,1,1
12.08.2021 01:17:03.317,1.35667,1.35651,1,1
12.08.2021 01:17:04.235,1.35669,1.3565200000000002,1,1
12.08.2021 01:17:05.218,1.35671,1.35654,1,1
12.08.2021 01:17:05.269,1.3567200000000001,1.3565600000000002,1,1
12.08.2021 01:17:06.711,1.35673,1.35658,1,1
12.08.2021 01:17:06.812,1.3567500000000001,1.3566,1,1
12.08.2021 01:17:06.963,1.3567600000000002,1.35661,1,1
12.08.2021 01:17:14.765,1.35677,1.35661,1,1
12.08.2021 01:17:15.277,1.35679,1.3566200000000002,1,1
12.08.2021 01:17:17.625,1.3568,1.3566200000000002,1,1
12.08.2021 01:17:17.726,1.3568200000000001,1.3566500000000001,1,1
12.08.2021 01:17:19.342,1.3568,1.3566500000000001,1,1
12.08.2021 01:17:19.979,1.35678,1.35663,1,1
12.08.2021 01:17:29.499,1.3568,1.3566200000000002,1,1
12.08.2021 01:17:30.110,1.35679,1.35664,1,1
12.08.2021 01:17:32.113,1.35679,1.3566200000000002,1,1.12
12.08.2021 01:17:42.112,1.3568,1.35663,1,1
12.08.2021 01:18:05.654,1.35681,1.3566600000000002,1,1
12.08.2021 01:18:06.185,1.3568500000000001,1.3566799999999999,1,1
12.08.2021 01:18:06.336,1.3568600000000002,1.3566799999999999,2.25,1
12.08.2021 01:18:08.104,1.3568500000000001,1.3567,1,1
12.08.2021 01:18:08.212,1.3568500000000001,1.35669,1,1
12.08.2021 01:18:12.371,1.3568500000000001,1.3567,1,1
12.08.2021 01:18:14.468,1.35684,1.35667,1,1
12.08.2021 01:18:29.673,1.35683,1.3566600000000002,1,1
12.08.2021 01:18:34.934,1.35679,1.35667,1,1
12.08.2021 01:18:35.086,1.3568200000000001,1.35667,1,1
12.08.2021 01:18:42.919,1.3568200000000001,1.35667,1,1.62
12.08.2021 01:18:42.970,1.3568500000000001,1.35667,1.5,2.62
12.08.2021 01:18:43.021,1.3568200000000001,1.3566600000000002,1,1.5
12.08.2021 01:18:43.122,1.35683,1.3566500000000001,1,1
12.08.2021 01:18:47.095,1.35681,1.3566500000000001,1,1
12.08.2021 01:18:52.811,1.35683,1.3566500000000001,1,1
12.08.2021 01:19:07.094,1.35681,1.3566500000000001,1,1
12.08.2021 01:19:07.296,1.35681,1.3566600000000002,1,1
12.08.2021 01:19:57.313,1.35683,1.3566600000000002,1,1
12.08.2021 01:19:58.748,1.35681,1.35664,1,2.62
12.08.2021 01:20:31.907,1.35683,1.3566600000000002,1.62,1
12.08.2021 01:20:31.958,1.35683,1.3566799999999999,1.12,1
12.08.2021 01:20:32.008,1.3568500000000001,1.3567,1.5,1
12.08.2021 01:20:32.109,1.3568500000000001,1.3567,1.5,1
12.08.2021 01:20:34.896,1.3568500000000001,1.3567,1.12,1
12.08.2021 01:20:40.991,1.35684,1.35667,1,1
12.08.2021 01:20:42.966,1.3568600000000002,1.35669,1,1
12.08.2021 01:20:43.415,1.35688,1.35671,1,1
12.08.2021 01:20:47.465,1.3568600000000002,1.3567200000000001,1,1
12.08.2021 01:20:48.158,1.3568600000000002,1.35669,1,1.5
12.08.2021 01:20:49.518,1.3568500000000001,1.3567,1.5,1
12.08.2021 01:20:50.507,1.35684,1.35669,1.12,1
12.08.2021 01:21:00.739,1.35683,1.3566799999999999,1,1
12.08.2021 01:21:00.891,1.35681,1.3566600000000002,1,1.5
12.08.2021 01:21:01.740,1.35681,1.35664,1,1
12.08.2021 01:22:06.545,1.35679,1.3566200000000002,1,1.62
12.08.2021 01:22:06.646,1.35679,1.3566200000000002,1,1
12.08.2021 01:22:06.748,1.35677,1.3566,1,1
12.08.2021 01:22:07.127,1.35674,1.35659,1,1
12.08.2021 01:22:07.228,1.35674,1.35657,1,1.12
12.08.2021 01:23:20.606,1.35671,1.3565600000000002,1,1
12.08.2021 01:23:20.808,1.3567,1.35653,1,1.5
12.08.2021 01:23:20.959,1.3566799999999999,1.35653,1,1.5
12.08.2021 01:23:21.060,1.3566799999999999,1.35653,1,1
12.08.2021 01:23:42.878,1.3567,1.35653,1,1
12.08.2021 01:24:16.574,1.3567200000000001,1.3565500000000001,1.5,1
12.08.2021 01:24:45.353,1.3567200000000001,1.35657,1,1
12.08.2021 01:25:01.277,1.35673,1.35658,1,1
12.08.2021 01:25:01.579,1.3567500000000001,1.3566,1.12,1
12.08.2021 01:25:02.102,1.35677,1.3566,1,1
12.08.2021 01:25:02.203,1.35677,1.3566200000000002,1,1
12.08.2021 01:25:02.354,1.35679,1.35664,1.12,1
12.08.2021 01:25:06.341,1.35678,1.35661,1,1.12
12.08.2021 01:25:06.492,1.35677,1.3566,1,1.12
12.08.2021 01:25:06.953,1.35677,1.3566200000000002,1,1
12.08.2021 01:25:16.883,1.3567600000000002,1.35659,1,1.5
12.08.2021 01:25:21.762,1.35674,1.35657,1,1
12.08.2021 01:25:21.863,1.3567200000000001,1.35657,1,1
12.08.2021 01:25:22.272,1.35671,1.3565600000000002,1,1
12.08.2021 01:25:37.679,1.35669,1.35654,1,1
12.08.2021 01:25:38.219,1.35667,1.3565200000000002,1,1
12.08.2021 01:26:16.120,1.3566600000000002,1.35651,1,1
12.08.2021 01:26:18.582,1.3566799999999999,1.3565,1,1
12.08.2021 01:26:37.307,1.3566799999999999,1.35653,1,1
12.08.2021 01:26:55.830,1.35667,1.3565200000000002,1,1
12.08.2021 01:26:57.938,1.35669,1.35651,1,1
12.08.2021 01:26:59.627,1.35669,1.35654,1,1
12.08.2021 01:27:09.202,1.35671,1.35654,1,1
12.08.2021 01:27:09.608,1.35674,1.35658,1.5,1
12.08.2021 01:27:09.759,1.35674,1.35659,1,1
12.08.2021 01:27:09.810,1.3567500000000001,1.3566,1,1
12.08.2021 01:27:10.091,1.35677,1.3566200000000002,1,1
12.08.2021 01:27:42.091,1.3568,1.35664,1,1
12.08.2021 01:27:42.476,1.35681,1.3566600000000002,1,1
12.08.2021 01:28:30.833,1.35681,1.35667,1,1
12.08.2021 01:28:30.884,1.35683,1.35667,1,1
12.08.2021 01:29:17.091,1.35684,1.3567200000000001,1.12,1
12.08.2021 01:29:17.141,1.35684,1.35669,1.12,1
12.08.2021 01:29:17.293,1.3568700000000002,1.3566799999999999,1.5,1
12.08.2021 01:29:17.444,1.35684,1.35669,1,1
12.08.2021 01:29:18.097,1.35684,1.35673,1,1
12.08.2021 01:29:18.749,1.35684,1.3566799999999999,1.12,1
12.08.2021 01:29:19.142,1.35684,1.3567,1,1
12.08.2021 01:29:19.243,1.3568600000000002,1.35669,1.5,1
12.08.2021 01:29:19.347,1.3568500000000001,1.3567,1.62,1
12.08.2021 01:29:19.449,1.3568500000000001,1.35669,1.5,1
12.08.2021 01:29:19.650,1.3568600000000002,1.3567200000000001,1,1
12.08.2021 01:29:19.751,1.3568600000000002,1.35671,1.5,1
12.08.2021 01:29:47.132,1.3568600000000002,1.35669,1,1
12.08.2021 01:29:47.233,1.3568500000000001,1.3567500000000001,1,1
12.08.2021 01:29:48.453,1.3568600000000002,1.35669,1,1
12.08.2021 01:30:00.942,1.3568600000000002,1.3567600000000002,1,1
12.08.2021 01:30:05.234,1.3568500000000001,1.3567,1,1
12.08.2021 01:30:10.151,1.3568500000000001,1.35671,1,1
12.08.2021 01:30:21.400,1.35684,1.3567,1,1
12.08.2021 01:30:28.780,1.3568,1.3566500000000001,1,4.12
12.08.2021 01:30:28.882,1.35679,1.3566500000000001,1,1
12.08.2021 01:30:31.041,1.35681,1.35663,1,1
12.08.2021 01:30:31.180,1.35681,1.35669,1,1
12.08.2021 01:30:31.998,1.3568,1.35664,1,1
12.08.2021 01:30:45.690,1.3568,1.35663,1.5,1
12.08.2021 01:30:59.307,1.35679,1.3566200000000002,1,1
12.08.2021 01:31:05.003,1.3568,1.3566200000000002,1,1
12.08.2021 01:31:05.522,1.35681,1.35664,1.12,1
12.08.2021 01:31:06.499,1.3568200000000001,1.35664,1,1
12.08.2021 01:31:06.600,1.35683,1.3566799999999999,1,1
12.08.2021 01:31:08.921,1.3568600000000002,1.3566799999999999,1,1
12.08.2021 01:31:09.072,1.3568700000000002,1.3567,1,1
12.08.2021 01:31:31.174,1.35684,1.35669,1,1
12.08.2021 01:31:31.547,1.35684,1.35667,1,1
12.08.2021 01:31:32.539,1.3568200000000001,1.35667,1,1
12.08.2021 01:31:35.782,1.35681,1.35664,1,1
12.08.2021 01:31:35.883,1.35678,1.35663,1,1.12
12.08.2021 01:31:36.571,1.35681,1.35664,1,1
12.08.2021 01:31:36.672,1.35679,1.3566200000000002,1,2.25
12.08.2021 01:31:37.166,1.35681,1.35664,1,1
12.08.2021 01:31:37.293,1.3568200000000001,1.3566500000000001,1.12,1
12.08.2021 01:31:37.394,1.3568,1.3566500000000001,1,1
12.08.2021 01:31:38.238,1.35679,1.3566200000000002,1,1
12.08.2021 01:31:38.668,1.3567600000000002,1.3566200000000002,1,1.5
12.08.2021 01:31:38.885,1.35678,1.35663,1,1
12.08.2021 01:31:38.936,1.35681,1.35664,1.12,1
12.08.2021 01:31:39.394,1.3568,1.35664,1,1
12.08.2021 01:31:39.444,1.3568,1.3566200000000002,1,1
12.08.2021 01:31:39.841,1.35678,1.35663,1,1
12.08.2021 01:31:39.942,1.35679,1.35661,1,1.5
12.08.2021 01:31:40.509,1.35677,1.3566,1,2
12.08.2021 01:31:40.610,1.3567600000000002,1.3566500000000001,1,1
12.08.2021 01:31:40.662,1.35677,1.3566,1,2
12.08.2021 01:31:40.778,1.35677,1.3566,1,1.87
12.08.2021 01:31:40.829,1.3568,1.35664,1.12,1
12.08.2021 01:31:43.393,1.35679,1.3566200000000002,1,1.12
12.08.2021 01:31:44.038,1.3568,1.35663,1,1
12.08.2021 01:31:47.907,1.35681,1.35664,1.12,1
12.08.2021 01:31:48.008,1.35679,1.3566200000000002,1,1.12
12.08.2021 01:31:48.110,1.35679,1.35664,1,1
12.08.2021 01:31:49.091,1.35679,1.3566200000000002,1,1
12.08.2021 01:31:49.390,1.3568,1.3566500000000001,1,1
12.08.2021 01:31:49.846,1.35681,1.35663,1,2.25
12.08.2021 01:31:54.292,1.3568,1.3566500000000001,1,1
12.08.2021 01:31:54.580,1.3568200000000001,1.35664,1,1
12.08.2021 01:31:55.438,1.3568200000000001,1.35667,1,1
12.08.2021 01:32:06.638,1.3568500000000001,1.3566799999999999,1,1
12.08.2021 01:32:07.996,1.3568600000000002,1.3566799999999999,1,1
12.08.2021 01:32:08.249,1.35683,1.3566799999999999,1,1
12.08.2021 01:32:14.462,1.3568200000000001,1.3566500000000001,1,1
12.08.2021 01:32:14.563,1.35679,1.3566200000000002,1,1.5
12.08.2021 01:32:15.034,1.35677,1.35664,1,1
12.08.2021 01:32:17.701,1.35678,1.35661,1,1
12.08.2021 01:32:24.069,1.35677,1.35661,1,1
12.08.2021 01:32:26.279,1.3567600000000002,1.35661,1,1
12.08.2021 01:32:37.727,1.35677,1.3566200000000002,1,1
12.08.2021 01:32:46.756,1.35679,1.35664,1.5,1
12.08.2021 01:32:57.091,1.3568200000000001,1.3566500000000001,1,1
12.08.2021 01:32:57.193,1.35683,1.3566500000000001,1,1
12.08.2021 01:32:59.717,1.3568,1.3566500000000001,1,1
12.08.2021 01:32:59.868,1.35679,1.3566200000000002,1,1
12.08.2021 01:33:05.742,1.35677,1.3566200000000002,1,1
12.08.2021 01:33:06.275,1.35677,1.35661,1,1.5
12.08.2021 01:33:25.218,1.35679,1.3566200000000002,1,1
12.08.2021 01:33:32.751,1.35681,1.35664,1,1
12.08.2021 01:33:33.235,1.3568200000000001,1.35664,1.5,1
12.08.2021 01:33:33.346,1.3568200000000001,1.35667,1,1
12.08.2021 01:33:44.327,1.35684,1.35667,1,1
12.08.2021 01:34:14.984,1.35683,1.3566600000000002,1,1
12.08.2021 01:34:19.967,1.3568200000000001,1.3566600000000002,1,1
12.08.2021 01:34:27.100,1.3568200000000001,1.3566500000000001,1,1
12.08.2021 01:34:27.202,1.35681,1.3566500000000001,1,1
12.08.2021 01:34:52.486,1.35681,1.35664,1,1
12.08.2021 01:34:52.769,1.35678,1.35664,1,1
12.08.2021 01:34:58.172,1.35678,1.3566200000000002,1,1
12.08.2021 01:34:59.370,1.3567600000000002,1.35659,1,2
12.08.2021 01:34:59.471,1.35674,1.35659,1,1.12
12.08.2021 01:35:23.546,1.3567200000000001,1.35658,1,1
12.08.2021 01:35:23.697,1.3567200000000001,1.35657,1,1.12
12.08.2021 01:35:23.798,1.3566799999999999,1.35651,1,1.5
12.08.2021 01:35:23.899,1.3566200000000002,1.35646,1,1.25
12.08.2021 01:35:24.050,1.3566200000000002,1.3564500000000002,1,1
12.08.2021 01:35:24.100,1.35659,1.3564500000000002,1,1
12.08.2021 01:35:24.151,1.35659,1.35643,1,1.12
12.08.2021 01:35:24.362,1.35658,1.35643,1,1.12
12.08.2021 01:35:24.676,1.35657,1.3564,1,1
12.08.2021 01:35:24.915,1.3565500000000001,1.3564,1,1
12.08.2021 01:35:31.038,1.35647,1.35637,1,1
12.08.2021 01:35:31.109,1.3565500000000001,1.3564,1,1
12.08.2021 01:35:31.250,1.35654,1.35639,1,1
12.08.2021 01:35:33.992,1.35653,1.35636,1,1.12
12.08.2021 01:35:34.144,1.35649,1.35634,1,1.5
12.08.2021 01:35:40.537,1.3565200000000002,1.3563500000000002,1,1
12.08.2021 01:35:43.725,1.3565200000000002,1.35637,1,1
12.08.2021 01:35:52.552,1.3565500000000001,1.35638,1,1
12.08.2021 01:36:01.872,1.35653,1.35638,1,1
12.08.2021 01:36:02.231,1.3565200000000002,1.3563500000000002,1,1
12.08.2021 01:36:14.403,1.3565200000000002,1.35639,1,1
12.08.2021 01:36:14.454,1.35654,1.3564200000000002,1,1
12.08.2021 01:36:14.555,1.3566,1.3564500000000002,1,1
12.08.2021 01:36:14.606,1.3566,1.35648,1,1
12.08.2021 01:36:14.657,1.3566,1.3564500000000002,1,1
12.08.2021 01:36:14.758,1.35663,1.3564500000000002,1,1
12.08.2021 01:36:14.909,1.35663,1.35646,1,1
12.08.2021 01:36:15.123,1.3566500000000001,1.35647,1,1
12.08.2021 01:36:16.996,1.35661,1.35646,1,1
12.08.2021 01:36:26.301,1.35659,1.35644,1,2.25
12.08.2021 01:36:26.402,1.3565600000000002,1.3564100000000001,1,2
12.08.2021 01:36:26.503,1.35657,1.3564,1,1.12
12.08.2021 01:36:26.660,1.3565600000000002,1.3564,1,1.12
12.08.2021 01:36:27.273,1.35654,1.35639,1,1
12.08.2021 01:36:29.144,1.35653,1.35638,1,1
12.08.2021 01:36:33.134,1.35653,1.35636,1,1
12.08.2021 01:36:33.593,1.35653,1.3563500000000002,1,2.62
12.08.2021 01:36:33.744,1.3565,1.35634,1,1.12
12.08.2021 01:36:34.125,1.3565,1.35633,1,1
12.08.2021 01:36:34.639,1.35648,1.3563100000000001,1,1.12
12.08.2021 01:36:37.095,1.35647,1.3563,1,1
12.08.2021 01:36:39.871,1.35644,1.35629,1,1.62
12.08.2021 01:36:39.972,1.35644,1.35629,1,1
12.08.2021 01:36:40.081,1.3564100000000001,1.35626,1,2.62
12.08.2021 01:36:40.235,1.3564,1.35629,1,1
12.08.2021 01:36:40.336,1.3564,1.35625,1,2.25
12.08.2021 01:36:45.640,1.35639,1.3562200000000002,1,1
12.08.2021 01:36:45.791,1.35638,1.3562200000000002,1,1.12
12.08.2021 01:36:46.060,1.35638,1.3562100000000001,1,1
12.08.2021 01:36:46.262,1.3563500000000002,1.3562,1,1.12
12.08.2021 01:37:01.676,1.35638,1.3562100000000001,1,1
12.08.2021 01:37:02.512,1.35638,1.35623,1,1
12.08.2021 01:37:05.967,1.3564,1.35625,1.12,1
12.08.2021 01:37:45.654,1.35639,1.3562200000000002,1,1
12.08.2021 01:37:54.996,1.3564100000000001,1.3562400000000001,1,1
12.08.2021 01:37:56.834,1.3564100000000001,1.35626,1,1
12.08.2021 01:37:57.104,1.3564200000000002,1.35626,1.12,1
12.08.2021 01:38:05.814,1.35644,1.35627,1.12,1
12.08.2021 01:38:07.951,1.3564500000000002,1.35628,1.12,1
12.08.2021 01:38:22.739,1.35644,1.35628,1,1
12.08.2021 01:38:49.868,1.35647,1.3563,1.62,1
12.08.2021 01:38:49.975,1.35648,1.3563100000000001,1.5,1
12.08.2021 01:38:50.076,1.3565,1.35633,2,1
12.08.2021 01:38:50.177,1.3565,1.35633,1.5,1
12.08.2021 01:38:50.278,1.3565,1.35633,1.12,1
12.08.2021 01:38:50.448,1.3565200000000002,1.3563500000000002,1.12,1
12.08.2021 01:39:05.173,1.3565,1.3563500000000002,1,1
12.08.2021 01:39:59.518,1.3565,1.35639,1,1
12.08.2021 01:40:02.800,1.35651,1.35634,1,1
12.08.2021 01:40:28.398,1.3565200000000002,1.35636,1,1
12.08.2021 01:40:41.061,1.35653,1.35636,1.12,1
12.08.2021 01:40:41.216,1.35654,1.35639,1,1
12.08.2021 01:40:41.317,1.35658,1.3564,1.5,1
12.08.2021 01:40:41.418,1.35659,1.3564200000000002,1,1
12.08.2021 01:40:41.519,1.35658,1.3564100000000001,1,1
12.08.2021 01:40:54.181,1.35657,1.3564,1,1
12.08.2021 01:40:54.664,1.35657,1.3564100000000001,1,1
12.08.2021 01:41:00.408,1.35658,1.3564100000000001,1,1
12.08.2021 01:41:00.664,1.35659,1.35643,1,1
12.08.2021 01:41:00.820,1.3566200000000002,1.35643,1.12,1
12.08.2021 01:41:05.363,1.35663,1.35644,1,1
12.08.2021 01:41:05.414,1.35664,1.35646,1,1
12.08.2021 01:41:05.565,1.35664,1.35647,1.12,1
12.08.2021 01:41:05.667,1.35667,1.35647,1.62,1
12.08.2021 01:41:05.862,1.35667,1.35647,1.12,1
12.08.2021 01:41:07.563,1.3566600000000002,1.35649,1.5,1
12.08.2021 01:41:07.793,1.3566799999999999,1.35648,1.12,1.5
12.08.2021 01:41:07.894,1.3566799999999999,1.35649,1.12,1
12.08.2021 01:41:09.719,1.35667,1.3565200000000002,1.87,1
12.08.2021 01:41:10.983,1.3566799999999999,1.35649,1.12,1
12.08.2021 01:41:13.683,1.35667,1.3565200000000002,1,1
12.08.2021 01:41:17.488,1.35669,1.3565200000000002,1,1
12.08.2021 01:41:17.690,1.3567,1.35653,1,1
12.08.2021 01:41:36.062,1.3566799999999999,1.35653,1,1
12.08.2021 01:42:12.169,1.35669,1.35653,1,1.5
12.08.2021 01:42:12.269,1.3567200000000001,1.3565500000000001,1,1
12.08.2021 01:42:12.320,1.35677,1.35657,1.5,1.12
12.08.2021 01:42:12.421,1.35679,1.35664,1.5,1
12.08.2021 01:42:12.522,1.35681,1.35667,1,1
12.08.2021 01:42:12.623,1.3568200000000001,1.35667,1,1
12.08.2021 01:42:12.724,1.35683,1.35667,1.12,1
12.08.2021 01:42:14.566,1.3568600000000002,1.3566799999999999,1.5,1
12.08.2021 01:42:14.818,1.35688,1.35669,1.5,1
12.08.2021 01:42:14.969,1.35689,1.35671,1.12,1
12.08.2021 01:42:15.120,1.3569,1.3567200000000001,1.5,1
12.08.2021 01:42:15.967,1.3569,1.3567200000000001,1,1.5
12.08.2021 01:42:16.230,1.35689,1.3567200000000001,1,1.5
12.08.2021 01:42:18.103,1.35689,1.35673,1,1
12.08.2021 01:42:19.148,1.35689,1.3567200000000001,1,1
12.08.2021 01:42:22.537,1.35688,1.3567200000000001,1,1
12.08.2021 01:42:22.638,1.35684,1.3566799999999999,1,1.5
12.08.2021 01:42:22.789,1.35683,1.3566600000000002,1,1.5
12.08.2021 01:42:22.890,1.3568200000000001,1.35667,1,1
12.08.2021 01:42:22.991,1.35684,1.35667,1,1
12.08.2021 01:42:23.142,1.35681,1.3566600000000002,1,1
12.08.2021 01:42:28.168,1.35683,1.3566799999999999,1,1
12.08.2021 01:42:28.319,1.3568500000000001,1.35667,1,1
12.08.2021 01:42:28.838,1.35683,1.3566799999999999,1,1
12.08.2021 01:42:30.184,1.3568500000000001,1.35669,1,1
12.08.2021 01:42:30.410,1.35683,1.3566799999999999,1,1
12.08.2021 01:42:33.614,1.35683,1.3566600000000002,1,1
12.08.2021 01:42:33.888,1.35683,1.3566799999999999,1,1
12.08.2021 01:42:34.040,1.35681,1.3566600000000002,1,1
12.08.2021 01:42:34.253,1.35684,1.35667,1,1
12.08.2021 01:42:34.494,1.3568200000000001,1.3566500000000001,1,1
12.08.2021 01:42:34.645,1.35683,1.3566799999999999,1,1
12.08.2021 01:42:34.899,1.35681,1.35667,1,1
12.08.2021 01:42:35.114,1.35683,1.3566799999999999,1,1
12.08.2021 01:42:35.343,1.35683,1.3566500000000001,1,1
12.08.2021 01:42:35.597,1.35684,1.35667,1,1
12.08.2021 01:42:35.761,1.35683,1.3566500000000001,1,1
12.08.2021 01:42:36.431,1.35681,1.35664,1,1
12.08.2021 01:42:46.605,1.3568,1.35663,1,1
12.08.2021 01:42:46.756,1.35678,1.35663,1,1
12.08.2021 01:42:50.816,1.3567600000000002,1.35661,1,1
12.08.2021 01:43:34.003,1.35674,1.35659,1,1
12.08.2021 01:43:36.735,1.3567200000000001,1.35658,1,1.12
12.08.2021 01:43:56.153,1.35671,1.3565600000000002,1,1.5
12.08.2021 01:43:56.254,1.3566500000000001,1.35651,1,1
12.08.2021 01:43:56.355,1.35664,1.35649,1,1.12
12.08.2021 01:43:56.456,1.35663,1.35646,1,1.5
12.08.2021 01:43:56.558,1.35661,1.35644,1,1.62
12.08.2021 01:43:56.658,1.35659,1.35644,1,1.12
12.08.2021 01:43:59.744,1.35661,1.35644,1,1
12.08.2021 01:43:59.795,1.35663,1.35646,1,1
12.08.2021 01:44:01.524,1.35663,1.35647,1,1
12.08.2021 01:44:01.625,1.35667,1.3565,1.12,1
12.08.2021 01:44:01.927,1.3566600000000002,1.35649,1,1
12.08.2021 01:44:02.180,1.3566600000000002,1.35651,1,1
12.08.2021 01:44:02.291,1.3566799999999999,1.35653,1,1
12.08.2021 01:44:02.793,1.35667,1.3565,1,1
12.08.2021 01:44:04.626,1.3566799999999999,1.35653,1,1
12.08.2021 01:44:39.854,1.3566500000000001,1.35651,1,1
12.08.2021 01:44:39.905,1.3566799999999999,1.35651,1,1
12.08.2021 01:45:00.939,1.35669,1.3565200000000002,1,1
12.08.2021 01:45:01.247,1.3566799999999999,1.3565600000000002,1,1
12.08.2021 01:45:01.298,1.3567200000000001,1.35657,1,1
12.08.2021 01:45:01.428,1.35673,1.35657,1.12,1
12.08.2021 01:45:01.873,1.35673,1.3565600000000002,1,1
12.08.2021 01:45:01.924,1.3567,1.35653,1,1.5
12.08.2021 01:45:02.025,1.3566799999999999,1.35653,1,1
12.08.2021 01:45:02.938,1.35667,1.3565500000000001,1,1
12.08.2021 01:45:03.098,1.3567,1.3565500000000001,1,1
12.08.2021 01:45:04.261,1.35673,1.3565600000000002,1.12,1
12.08.2021 01:45:05.753,1.35673,1.35658,1,1
12.08.2021 01:45:05.998,1.3567500000000001,1.35659,2.75,1
12.08.2021 01:45:09.000,1.3567200000000001,1.3565500000000001,1,1.12
12.08.2021 01:45:12.584,1.35674,1.35659,2.62,1
12.08.2021 01:45:17.714,1.35673,1.35657,1,1.12
12.08.2021 01:45:18.014,1.35673,1.3565600000000002,1,1
12.08.2021 01:45:29.928,1.35674,1.35657,1.12,1
12.08.2021 01:45:30.159,1.35674,1.35658,1.5,1
12.08.2021 01:45:31.028,1.35674,1.35658,1.62,1
12.08.2021 01:45:31.569,1.35673,1.35657,1.12,1
12.08.2021 01:45:41.093,1.3567500000000001,1.35657,1.5,1
12.08.2021 01:45:44.239,1.3567500000000001,1.35659,1,1
12.08.2021 01:45:55.934,1.35677,1.3566,2,1
12.08.2021 01:45:55.985,1.35679,1.3566,2.37,1
12.08.2021 01:45:56.036,1.35679,1.35663,2,1
12.08.2021 01:45:56.187,1.3568,1.35663,1,1
12.08.2021 01:45:56.287,1.3568,1.3566500000000001,1,1
12.08.2021 01:45:56.388,1.3568,1.3566600000000002,1,1
12.08.2021 01:45:56.906,1.35683,1.35667,1.62,1
12.08.2021 01:45:57.008,1.35683,1.35667,1.12,1
12.08.2021 01:45:57.488,1.3568600000000002,1.35667,1.62,1
12.08.2021 01:45:59.418,1.3568500000000001,1.35669,1.62,1
12.08.2021 01:45:59.730,1.35684,1.3566600000000002,1.12,1
12.08.2021 01:45:59.885,1.3568500000000001,1.3566799999999999,1.5,1
12.08.2021 01:46:00.039,1.35684,1.3566799999999999,1,1
12.08.2021 01:46:00.614,1.3568500000000001,1.3567,1,1
12.08.2021 01:46:00.665,1.35688,1.3567200000000001,1.1,1
12.08.2021 01:46:00.967,1.35691,1.35673,2.37,1
12.08.2021 01:46:01.068,1.3569200000000001,1.35673,1,1
12.08.2021 01:46:01.169,1.3569200000000001,1.3567500000000001,1.6,1
12.08.2021 01:46:01.718,1.3569,1.35674,1,1
12.08.2021 01:46:02.324,1.3569200000000001,1.3567600000000002,2.1,1
12.08.2021 01:46:02.769,1.35691,1.35673,1.12,1
12.08.2021 01:46:04.036,1.35693,1.35674,2.47,1
12.08.2021 01:46:06.921,1.3569,1.35674,1.12,1
12.08.2021 01:46:11.352,1.35693,1.35677,1,1
12.08.2021 01:46:11.453,1.35695,1.35677,2.29,1
12.08.2021 01:46:12.299,1.35693,1.3567500000000001,1.22,1
12.08.2021 01:46:12.350,1.3569,1.35673,1,1
12.08.2021 01:46:12.867,1.35689,1.35671,1,1
12.08.2021 01:46:16.154,1.35691,1.35673,2.47,1
12.08.2021 01:46:16.255,1.35693,1.35677,1.85,1
12.08.2021 01:46:16.356,1.35693,1.3567600000000002,2.85,1
12.08.2021 01:46:16.507,1.35693,1.35674,1.2,1
12.08.2021 01:46:16.758,1.3569200000000001,1.3567500000000001,1.22,1
12.08.2021 01:46:16.860,1.35691,1.35673,1,1
12.08.2021 01:46:25.578,1.35691,1.35674,1.2,1
12.08.2021 01:46:26.206,1.3569200000000001,1.35674,1.12,1
12.08.2021 01:46:26.307,1.35693,1.3567600000000002,2.26,1
12.08.2021 01:46:31.153,1.35691,1.35673,1,1
12.08.2021 01:46:31.563,1.3569,1.3567200000000001,1,1
12.08.2021 01:46:32.662,1.35688,1.35671,1,1
12.08.2021 01:46:33.631,1.3568600000000002,1.3567,1,1
12.08.2021 01:46:39.509,1.3568500000000001,1.3566799999999999,1,1
12.08.2021 01:46:41.677,1.35684,1.35671,1,1
12.08.2021 01:46:41.983,1.3568,1.35671,1,1
12.08.2021 01:46:42.034,1.3568200000000001,1.35671,1,1
12.08.2021 01:46:42.085,1.3568,1.35671,1,1
12.08.2021 01:46:42.135,1.3568200000000001,1.35671,1.12,1
12.08.2021 01:46:42.236,1.35683,1.3567,2.37,1
12.08.2021 01:46:42.438,1.35683,1.3566799999999999,2,1
12.08.2021 01:46:42.690,1.35683,1.3566600000000002,1.12,1
12.08.2021 01:46:42.949,1.35683,1.3566799999999999,2.75,1
12.08.2021 01:46:43.409,1.35684,1.3566799999999999,2,1
12.08.2021 01:46:45.094,1.35683,1.3566600000000002,1,1
12.08.2021 01:46:45.470,1.3568200000000001,1.3566799999999999,1,1
12.08.2021 01:46:45.626,1.35683,1.3566600000000002,1,1
12.08.2021 01:46:45.848,1.3568200000000001,1.35667,2,1
12.08.2021 01:46:45.949,1.3568200000000001,1.3566799999999999,2,1
12.08.2021 01:46:46.050,1.35683,1.35667,1.5,1
12.08.2021 01:46:46.154,1.3568200000000001,1.35667,1.5,1
12.08.2021 01:46:46.305,1.3568200000000001,1.3566500000000001,1.12,1
12.08.2021 01:46:46.406,1.3568200000000001,1.3566600000000002,1.12,1
12.08.2021 01:46:46.708,1.3568200000000001,1.3566500000000001,1.12,1
12.08.2021 01:46:46.868,1.35681,1.3566500000000001,1.87,1
12.08.2021 01:46:46.970,1.35681,1.3566500000000001,1,1
12.08.2021 01:46:47.071,1.35681,1.3566600000000002,1.87,1
12.08.2021 01:46:49.530,1.35681,1.3566500000000001,1.87,1
12.08.2021 01:46:50.077,1.3568,1.3566500000000001,1,1
12.08.2021 01:46:51.874,1.3568200000000001,1.35664,1.95,1
12.08.2021 01:46:52.131,1.3568200000000001,1.35664,1.7,1
12.08.2021 01:46:53.785,1.3568,1.35664,1.12,1
12.08.2021 01:46:54.854,1.3568200000000001,1.3566500000000001,1,1
12.08.2021 01:46:55.840,1.35681,1.3566600000000002,1,1
12.08.2021 01:47:00.245,1.35683,1.35667,1,1
12.08.2021 01:47:00.843,1.3568200000000001,1.3566799999999999,1,1
12.08.2021 01:47:03.269,1.3568600000000002,1.35669,1.1,1
12.08.2021 01:47:03.320,1.3568600000000002,1.35671,1,1
12.08.2021 01:47:03.471,1.3569,1.35671,1.6,1
12.08.2021 01:47:11.732,1.3569,1.35671,1.6,1
12.08.2021 01:47:12.744,1.35689,1.35671,1.6,1
12.08.2021 01:47:13.006,1.35689,1.3567,1.6,1
12.08.2021 01:47:17.022,1.35689,1.3567,2.37,1
12.08.2021 01:47:17.325,1.35688,1.35673,1,1
12.08.2021 01:47:32.695,1.35688,1.35671,1.5,1
12.08.2021 01:47:38.225,1.35689,1.3567200000000001,1.1,1
12.08.2021 01:47:41.686,1.35688,1.35671,2,1
12.08.2021 01:47:41.926,1.3568700000000002,1.35669,1,1
12.08.2021 01:47:48.747,1.3568500000000001,1.35667,1.5,1
12.08.2021 01:47:49.789,1.3568500000000001,1.35667,1.7,1
12.08.2021 01:47:49.890,1.35684,1.3567,1.7,1
12.08.2021 01:47:51.758,1.35684,1.35669,1.7,1
12.08.2021 01:47:53.800,1.35684,1.35669,1.7,1
12.08.2021 01:47:53.901,1.3568500000000001,1.35667,1.7,1
12.08.2021 01:47:54.837,1.35684,1.3566799999999999,1.5,1
12.08.2021 01:47:58.644,1.35683,1.35667,1,1
12.08.2021 01:48:03.079,1.3568600000000002,1.35669,1.1,1
12.08.2021 01:48:04.190,1.3568500000000001,1.35669,1,1
12.08.2021 01:48:09.846,1.35683,1.35669,1,1
12.08.2021 01:48:09.896,1.3568600000000002,1.3566799999999999,1.12,1
12.08.2021 01:48:11.824,1.35688,1.3566799999999999,1.6,1
12.08.2021 01:48:11.875,1.35688,1.3567,1.5,1
12.08.2021 01:48:13.261,1.3568600000000002,1.35669,1.12,1
12.08.2021 01:48:20.183,1.35684,1.3566799999999999,1,1
12.08.2021 01:48:27.481,1.3568200000000001,1.35667,1,1
12.08.2021 01:48:27.632,1.3568,1.3566500000000001,1,1
12.08.2021 01:48:27.733,1.3568200000000001,1.35667,1,1
12.08.2021 01:48:43.244,1.35684,1.35667,1.12,1
12.08.2021 01:48:43.345,1.3568600000000002,1.3567,1.12,1
12.08.2021 01:48:43.446,1.3569,1.35669,1,1
12.08.2021 01:48:43.547,1.35688,1.35671,1,1
12.08.2021 01:48:43.648,1.3568700000000002,1.35671,1.12,1
12.08.2021 01:48:43.960,1.3568700000000002,1.3567,1,1
12.08.2021 01:48:44.061,1.35688,1.3567,1,1
12.08.2021 01:48:46.158,1.3568700000000002,1.3567,1,1
12.08.2021 01:48:46.657,1.3568600000000002,1.3567,1,1
12.08.2021 01:48:54.752,1.3568600000000002,1.3566799999999999,1,1
12.08.2021 01:48:57.982,1.3568500000000001,1.35673,1,1
12.08.2021 01:49:00.083,1.3568600000000002,1.35673,1,1
12.08.2021 01:49:01.278,1.3568500000000001,1.35669,1,1
12.08.2021 01:49:01.379,1.3568600000000002,1.35669,1,1
12.08.2021 01:49:03.864,1.3568700000000002,1.3567,1,1
12.08.2021 01:49:07.230,1.35689,1.35671,2,1
12.08.2021 01:49:10.243,1.3569,1.3567,1.12,1
12.08.2021 01:49:13.805,1.3568700000000002,1.35671,1,1
12.08.2021 01:49:14.328,1.35688,1.3567,1.5,1
12.08.2021 01:49:18.250,1.35688,1.3567,1,1
12.08.2021 01:49:23.931,1.3568600000000002,1.3566799999999999,1,1
12.08.2021 01:49:24.268,1.3568500000000001,1.3566799999999999,1,1
12.08.2021 01:49:36.434,1.35684,1.3566600000000002,1,1
12.08.2021 01:49:36.585,1.35684,1.35667,1,1
12.08.2021 01:49:47.237,1.3568600000000002,1.35667,1,1
12.08.2021 01:49:47.338,1.3568600000000002,1.3566799999999999,1,1
12.08.2021 01:50:01.471,1.3568500000000001,1.3566799999999999,1,1.5
12.08.2021 01:50:01.572,1.35683,1.35667,1,1
12.08.2021 01:50:01.673,1.35683,1.3566600000000002,1,1
12.08.2021 01:50:03.695,1.35684,1.3566799999999999,1.5,1
12.08.2021 01:50:04.779,1.35684,1.35667,1.5,1
12.08.2021 01:50:06.316,1.35684,1.3567,2.45,1
12.08.2021 01:50:10.235,1.3568500000000001,1.3567,1.62,1
12.08.2021 01:50:10.386,1.3568500000000001,1.35667,1.62,1
12.08.2021 01:50:10.491,1.3568500000000001,1.35667,1.5,1
12.08.2021 01:50:14.587,1.3568500000000001,1.3567,1,1
12.08.2021 01:50:16.445,1.3568600000000002,1.3567,1.5,1
12.08.2021 01:50:16.496,1.3568700000000002,1.35671,1,1
12.08.2021 01:50:17.773,1.3568500000000001,1.3567,1,1
12.08.2021 01:50:18.046,1.35684,1.3566600000000002,1,1.12
12.08.2021 01:50:23.022,1.3568500000000001,1.3566799999999999,1,1
12.08.2021 01:50:39.639,1.35683,1.3566600000000002,1,1
12.08.2021 01:50:50.643,1.35681,1.35664,1,1.12
12.08.2021 01:51:07.619,1.3568200000000001,1.3566500000000001,1.5,1
12.08.2021 01:51:07.771,1.35681,1.3566600000000002,1,1
12.08.2021 01:51:11.938,1.35681,1.35664,1,1
12.08.2021 01:51:12.039,1.35677,1.3566200000000002,1,1.62
12.08.2021 01:51:12.291,1.35677,1.3566200000000002,1,1
12.08.2021 01:51:13.021,1.3567500000000001,1.3566,1,1.12
12.08.2021 01:51:15.767,1.3567600000000002,1.3566200000000002,1,1
12.08.2021 01:51:15.938,1.35674,1.3566200000000002,1,1
12.08.2021 01:51:17.577,1.35673,1.3566200000000002,1,1
12.08.2021 01:51:19.103,1.35673,1.35658,1,1
12.08.2021 01:51:20.337,1.3567500000000001,1.35658,1,1
12.08.2021 01:51:22.344,1.35674,1.35659,1.5,1
12.08.2021 01:51:22.522,1.3567200000000001,1.35657,1,1.12
12.08.2021 01:51:26.158,1.35674,1.35658,1.5,1
12.08.2021 01:51:28.899,1.3567,1.35657,1,1
12.08.2021 01:51:28.949,1.3567,1.35653,1,1.62
12.08.2021 01:51:29.101,1.35667,1.35654,1.5,1
12.08.2021 01:51:29.151,1.35667,1.3565200000000002,1.5,1
12.08.2021 01:51:29.655,1.3566799999999999,1.3565200000000002,1,1
12.08.2021 01:51:30.906,1.3567,1.3565200000000002,1,1
12.08.2021 01:51:31.439,1.3566799999999999,1.35651,1,1
12.08.2021 01:51:32.979,1.3567,1.35651,1,1
12.08.2021 01:51:33.428,1.35671,1.3565200000000002,1,1
12.08.2021 01:51:34.852,1.35673,1.35654,1.7,1
12.08.2021 01:51:35.259,1.35673,1.35654,1,1
12.08.2021 01:51:35.361,1.35673,1.3565500000000001,1,1
12.08.2021 01:51:46.340,1.35671,1.35654,1,1
12.08.2021 01:51:46.479,1.3567,1.35654,1,1
12.08.2021 01:51:46.727,1.35669,1.35653,1,1
12.08.2021 01:51:50.518,1.3567,1.3565500000000001,1,1
12.08.2021 01:51:52.282,1.35669,1.35654,1.5,1
12.08.2021 01:51:52.569,1.3566799999999999,1.35653,1,1
12.08.2021 01:51:54.047,1.3566799999999999,1.3565,1,1
12.08.2021 01:51:54.250,1.3567,1.3565200000000002,1.5,1
12.08.2021 01:51:54.351,1.3567,1.3565200000000002,1.12,1
12.08.2021 01:51:55.551,1.3567,1.3565200000000002,1.62,1
12.08.2021 01:51:57.326,1.35667,1.35649,1,1
12.08.2021 01:51:57.518,1.35669,1.35651,1.5,1
12.08.2021 01:51:57.620,1.3567,1.35654,1.12,1
12.08.2021 01:51:57.723,1.3567,1.3565200000000002,1,1
12.08.2021 01:51:58.369,1.35669,1.35651,1,1
12.08.2021 01:51:59.658,1.35667,1.35649,1,1
12.08.2021 01:51:59.909,1.3567,1.3565200000000002,1.5,1
12.08.2021 01:52:00.010,1.3567,1.3565200000000002,1.62,1
12.08.2021 01:52:00.162,1.3567,1.3565200000000002,1.12,1
12.08.2021 01:52:00.338,1.3567,1.35651,1.12,1
12.08.2021 01:52:01.765,1.3567,1.35651,1.5,1
12.08.2021 01:52:02.140,1.3567,1.35651,1.5,1
12.08.2021 01:52:02.683,1.35667,1.35651,1.62,1
12.08.2021 01:52:04.226,1.3566600000000002,1.3565,1.5,1
12.08.2021 01:52:04.450,1.3566799999999999,1.3565200000000002,1.5,1
12.08.2021 01:52:04.782,1.3566799999999999,1.3565200000000002,1.5,1
12.08.2021 01:52:08.466,1.35669,1.3565200000000002,1.5,1
12.08.2021 01:52:16.250,1.35671,1.35653,1,1
12.08.2021 01:52:16.402,1.3567,1.3565200000000002,1.5,1
12.08.2021 01:52:16.503,1.3566799999999999,1.35653,1,1
12.08.2021 01:52:16.611,1.35669,1.3565200000000002,1,1
12.08.2021 01:52:17.156,1.3567,1.3565200000000002,1.5,1
12.08.2021 01:52:17.258,1.3567,1.3565200000000002,1.5,1
12.08.2021 01:52:17.359,1.35669,1.35653,1.5,1
12.08.2021 01:52:17.465,1.3567,1.3565200000000002,1.5,1
12.08.2021 01:52:17.566,1.35669,1.35653,1.5,1
12.08.2021 01:52:18.051,1.3567,1.3565200000000002,1.5,1
12.08.2021 01:52:18.669,1.35669,1.35653,1.5,1
12.08.2021 01:52:19.303,1.35669,1.35653,1.5,1
12.08.2021 01:52:19.646,1.35669,1.35653,1.5,1
12.08.2021 01:52:19.747,1.35669,1.35653,1.5,1
12.08.2021 01:52:19.848,1.3567,1.3565200000000002,1.5,1
12.08.2021 01:52:20.367,1.35669,1.35653,1.5,1
12.08.2021 01:52:21.095,1.3567,1.3565200000000002,1.5,1
12.08.2021 01:52:21.463,1.35669,1.35653,1.5,1
12.08.2021 01:52:21.564,1.3567,1.3565200000000002,1.5,1
12.08.2021 01:52:21.665,1.3567,1.3565200000000002,1.5,1
12.08.2021 01:52:21.766,1.3567,1.3565200000000002,1.5,1
12.08.2021 01:52:21.867,1.3567,1.3565200000000002,1.5,1
12.08.2021 01:52:21.968,1.3567,1.3565200000000002,1.5,1
12.08.2021 01:52:22.085,1.3567,1.3565200000000002,1.5,1
12.08.2021 01:52:22.186,1.3567,1.3565200000000002,1.5,1
12.08.2021 01:52:22.516,1.3567,1.3565200000000002,1.5,1
12.08.2021 01:52:22.617,1.3567,1.3565200000000002,1.5,1
12.08.2021 01:52:22.718,1.3567,1.3565200000000002,1.5,1
12.08.2021 01:52:22.819,1.3567,1.3565200000000002,1.5,1
12.08.2021 01:52:22.969,1.35669,1.35653,1.5,1
12.08.2021 01:52:23.106,1.35669,1.35653,1.5,1
12.08.2021 01:52:23.207,1.3567,1.3565200000000002,1.5,1
12.08.2021 01:52:23.308,1.3567,1.3565200000000002,1.5,1
12.08.2021 01:52:23.593,1.35669,1.35653,1.5,1
12.08.2021 01:52:23.713,1.35669,1.35653,1.5,1
12.08.2021 01:52:23.964,1.35669,1.35653,1.5,1
12.08.2021 01:52:24.065,1.35669,1.35653,1.5,1
12.08.2021 01:52:24.166,1.3567,1.3565200000000002,1.5,1
12.08.2021 01:52:24.267,1.35669,1.35653,1.5,1
12.08.2021 01:52:25.771,1.3566799999999999,1.3565200000000002,1.5,1
12.08.2021 01:52:26.381,1.3566799999999999,1.3565200000000002,1.5,1
12.08.2021 01:52:26.482,1.35669,1.35651,1.12,1
12.08.2021 01:52:26.583,1.35669,1.35651,1.5,1
12.08.2021 01:52:29.675,1.35671,1.35653,1.5,1
12.08.2021 01:52:33.198,1.3567,1.35654,1.62,1
12.08.2021 01:52:34.795,1.3567,1.35654,1.62,1
12.08.2021 01:52:34.897,1.3567,1.3565500000000001,1,1
12.08.2021 01:52:35.112,1.3567,1.3565500000000001,1,1
12.08.2021 01:52:36.155,1.3567,1.3565500000000001,1,1
12.08.2021 01:52:37.455,1.35671,1.35654,1,1
12.08.2021 01:52:37.713,1.35671,1.3565200000000002,1.62,1
12.08.2021 01:52:38.622,1.3567,1.35653,1.12,1
12.08.2021 01:52:40.041,1.3567200000000001,1.35654,1.5,1
12.08.2021 01:52:40.738,1.35673,1.35654,1.12,1
12.08.2021 01:52:41.170,1.35674,1.3565500000000001,1,1
12.08.2021 01:52:41.422,1.3567500000000001,1.3566,1.5,1
12.08.2021 01:52:41.523,1.35677,1.35659,1,1
12.08.2021 01:52:41.624,1.35678,1.35659,1.7,1
12.08.2021 01:52:41.725,1.3568,1.35664,1.62,1
12.08.2021 01:52:41.826,1.35684,1.35664,2.1,1
12.08.2021 01:52:41.927,1.35683,1.3566500000000001,1.2,1
12.08.2021 01:52:42.028,1.3568500000000001,1.35667,1.6,1
12.08.2021 01:52:42.129,1.3568600000000002,1.3566799999999999,1,1
12.08.2021 01:52:42.230,1.35689,1.35669,1.6,1
12.08.2021 01:52:42.331,1.3569,1.35669,1.6,1
12.08.2021 01:52:42.381,1.3569,1.35673,1.91,1
12.08.2021 01:52:42.995,1.35688,1.3567200000000001,1.5,1
12.08.2021 01:52:43.096,1.3568700000000002,1.35669,1.12,1
12.08.2021 01:52:43.303,1.3568500000000001,1.35669,1.1,1
12.08.2021 01:52:43.404,1.35684,1.3566600000000002,1,1
12.08.2021 01:52:43.505,1.35683,1.3566500000000001,1.1,1
12.08.2021 01:52:43.753,1.3568200000000001,1.3566600000000002,1.6,1
12.08.2021 01:52:45.212,1.35684,1.3566600000000002,2.85,1
12.08.2021 01:52:45.519,1.3568500000000001,1.35667,1.1,1
12.08.2021 01:52:45.980,1.3568500000000001,1.3566799999999999,1.6,1
12.08.2021 01:52:47.579,1.35689,1.35669,1.6,1
12.08.2021 01:52:47.630,1.3569,1.35671,1.6,1
12.08.2021 01:52:48.957,1.3568700000000002,1.35671,1.5,1
12.08.2021 01:52:49.108,1.35688,1.35669,1.5,1
12.08.2021 01:52:50.828,1.3568500000000001,1.3566799999999999,1.1,1
12.08.2021 01:52:56.092,1.3568600000000002,1.35667,2.07,1
12.08.2021 01:52:56.193,1.35683,1.3566500000000001,1,1
12.08.2021 01:52:58.248,1.3568500000000001,1.35667,1.1,1
12.08.2021 01:53:00.972,1.35684,1.35669,1.1,1
12.08.2021 01:53:01.385,1.3568500000000001,1.35669,1,1
12.08.2021 01:53:01.436,1.35688,1.35669,2.07,1
12.08.2021 01:53:01.486,1.3568700000000002,1.3567200000000001,2,1
12.08.2021 01:53:01.638,1.3569,1.35671,1.7,1
12.08.2021 01:53:01.840,1.3569,1.3567200000000001,1.1,1
12.08.2021 01:53:01.958,1.35689,1.35674,1.1,1
12.08.2021 01:53:02.335,1.3569,1.3567200000000001,1.1,1
12.08.2021 01:53:03.683,1.35691,1.35673,1.6,1
12.08.2021 01:53:04.635,1.35693,1.35674,3.97,1
12.08.2021 01:53:04.736,1.3569200000000001,1.3567600000000002,1.1,1
12.08.2021 01:53:04.787,1.35693,1.3567500000000001,1.1,1
12.08.2021 01:53:04.837,1.35693,1.35677,1,1
12.08.2021 01:53:18.391,1.3569600000000002,1.3567600000000002,1.72,1
12.08.2021 01:53:18.542,1.35695,1.35678,1.1,1
12.08.2021 01:53:19.813,1.35694,1.35678,1.6,1
12.08.2021 01:53:31.343,1.35694,1.35677,1.6,1
12.08.2021 01:53:31.669,1.35695,1.35678,1.1,1
12.08.2021 01:53:33.016,1.35698,1.35677,1.1,1
12.08.2021 01:53:33.273,1.35698,1.3568,1.72,1
12.08.2021 01:53:33.324,1.35698,1.35679,1.2,1
12.08.2021 01:53:33.374,1.357,1.3568200000000001,1.6,1
12.08.2021 01:53:33.525,1.3570200000000001,1.35679,2.35,1
12.08.2021 01:53:33.626,1.3570200000000001,1.3568200000000001,4.5,1
12.08.2021 01:53:33.727,1.35701,1.3568,2.47,1
12.08.2021 01:53:33.828,1.3570200000000001,1.35681,1.6,1
12.08.2021 01:53:33.928,1.3570200000000001,1.35681,1.22,1
12.08.2021 01:53:35.279,1.35701,1.3568200000000001,1.72,1
12.08.2021 01:53:36.291,1.3570200000000001,1.35681,1.57,1
12.08.2021 01:53:37.881,1.3570200000000001,1.35681,1.6,1
12.08.2021 01:53:39.081,1.35703,1.3568200000000001,3.25,1
12.08.2021 01:53:39.182,1.3570200000000001,1.35683,1.3,1
12.08.2021 01:53:41.500,1.3570200000000001,1.35683,1.37,1
12.08.2021 01:53:44.742,1.357,1.3568200000000001,1.1,1
12.08.2021 01:53:44.899,1.357,1.3568200000000001,1.1,1
12.08.2021 01:53:45.050,1.3570200000000001,1.3568700000000002,1.22,1
12.08.2021 01:53:45.100,1.3570200000000001,1.3568500000000001,1.97,1
12.08.2021 01:53:45.210,1.35703,1.35684,1.22,1
12.08.2021 01:53:45.474,1.35703,1.3568500000000001,1.6,1
12.08.2021 01:53:50.578,1.35701,1.3568500000000001,1,1
12.08.2021 01:53:55.797,1.3570200000000001,1.35683,1.12,1
12.08.2021 01:53:56.017,1.3570200000000001,1.3568600000000002,1,1
12.08.2021 01:53:58.694,1.35703,1.3568600000000002,1.6,1
12.08.2021 01:54:03.112,1.35705,1.3568700000000002,1,1
12.08.2021 01:54:03.548,1.3570700000000002,1.35689,1.85,1
12.08.2021 01:54:03.599,1.3570900000000001,1.3569,1.6,1
12.08.2021 01:54:03.700,1.3570900000000001,1.35693,1.6,1
12.08.2021 01:54:03.750,1.3570900000000001,1.35693,1.6,1
12.08.2021 01:54:03.902,1.3571,1.3569200000000001,1.6,1
12.08.2021 01:54:04.683,1.3571,1.35691,2.1,1
12.08.2021 01:54:04.993,1.3570900000000001,1.3569,1.6,1
12.08.2021 01:54:09.390,1.3570900000000001,1.3569200000000001,1.6,1
12.08.2021 01:54:09.638,1.3570900000000001,1.3569,1,1
12.08.2021 01:54:09.739,1.35711,1.3569200000000001,1.6,1
12.08.2021 01:54:09.941,1.35711,1.35691,1.7,1
12.08.2021 01:54:15.348,1.3571,1.3569,1.5,1
12.08.2021 01:54:21.021,1.3571,1.35693,1.7,1
12.08.2021 01:54:21.072,1.35712,1.35695,2.6,1
12.08.2021 01:54:21.173,1.35713,1.35693,1.6,1
12.08.2021 01:54:22.028,1.35714,1.35693,2.07,1
12.08.2021 01:54:22.194,1.35713,1.35694,2.07,1
12.08.2021 01:54:22.475,1.35714,1.35694,2.07,1
12.08.2021 01:54:30.300,1.35713,1.35693,1.5,1
12.08.2021 01:54:37.831,1.35712,1.35694,1.87,1
12.08.2021 01:54:39.060,1.35713,1.35694,1.12,1
12.08.2021 01:54:52.476,1.35712,1.35694,1,1
12.08.2021 01:54:52.579,1.35714,1.35694,2.07,1
12.08.2021 01:54:52.731,1.35714,1.35695,1.35,1
12.08.2021 01:54:52.882,1.35713,1.3569700000000002,1.1,1
12.08.2021 01:54:53.234,1.35715,1.3569600000000002,1.6,1
12.08.2021 01:54:57.098,1.3571700000000002,1.35698,1.1,1
12.08.2021 01:54:57.249,1.35715,1.35698,1,1
12.08.2021 01:54:58.087,1.3571700000000002,1.35698,1.72,1
12.08.2021 01:54:58.188,1.3571600000000001,1.35698,1.1,1
12.08.2021 01:54:59.077,1.3571600000000001,1.35698,1,1
12.08.2021 01:55:02.537,1.3571600000000001,1.35699,1,1
12.08.2021 01:55:03.502,1.3571600000000001,1.35698,1,1
12.08.2021 01:55:03.717,1.35715,1.357,1,1
12.08.2021 01:55:03.832,1.3571600000000001,1.35698,1,1
12.08.2021 01:55:05.709,1.3571600000000001,1.357,1,1
12.08.2021 01:55:05.810,1.35718,1.3570700000000002,1,1
12.08.2021 01:55:05.911,1.35722,1.3570700000000002,1.6,1
12.08.2021 01:55:06.012,1.35721,1.3570200000000001,1,1
12.08.2021 01:55:06.163,1.3572,1.3570200000000001,1,1
12.08.2021 01:55:06.389,1.35721,1.3570200000000001,1,1
12.08.2021 01:55:06.705,1.35722,1.35704,1.2,1
12.08.2021 01:55:08.405,1.35721,1.35705,1,1
12.08.2021 01:55:08.694,1.35721,1.35705,1.5,1
12.08.2021 01:55:09.132,1.35724,1.35705,1.2,1
12.08.2021 01:55:09.548,1.35724,1.3570700000000002,1.62,1
12.08.2021 01:55:13.263,1.35724,1.3570700000000002,1,1
12.08.2021 01:55:17.586,1.3572600000000001,1.35708,1,1
12.08.2021 01:55:17.737,1.3572700000000002,1.3570700000000002,1,1
12.08.2021 01:55:17.989,1.3572600000000001,1.35708,1,1
12.08.2021 01:55:20.083,1.35723,1.35708,1,1
12.08.2021 01:55:23.141,1.35725,1.3570700000000002,1,1
12.08.2021 01:55:27.510,1.35723,1.35708,1,1
12.08.2021 01:55:31.629,1.35725,1.3570900000000001,1.12,1
12.08.2021 01:55:32.607,1.3572600000000001,1.3571,1,1
12.08.2021 01:55:32.708,1.3572700000000002,1.35711,1,1
12.08.2021 01:55:32.809,1.35729,1.35712,3.12,1
12.08.2021 01:55:33.667,1.3573000000000002,1.35711,1.12,1
12.08.2021 01:55:33.908,1.35729,1.35713,1.12,1
12.08.2021 01:55:49.427,1.35729,1.35712,1,1
12.08.2021 01:55:49.478,1.3572600000000001,1.35711,1,1
12.08.2021 01:55:49.579,1.35725,1.3571,1,1
12.08.2021 01:55:51.400,1.35725,1.35708,1,1
12.08.2021 01:55:52.005,1.35722,1.3570700000000002,1,1
12.08.2021 01:56:33.082,1.35724,1.3570900000000001,1,1
12.08.2021 01:56:33.216,1.3572600000000001,1.3570900000000001,1.12,1
12.08.2021 01:56:34.449,1.3572700000000002,1.3570900000000001,1.5,1
12.08.2021 01:56:51.165,1.35725,1.3570900000000001,1,1
12.08.2021 01:56:53.303,1.35725,1.35711,1,1
12.08.2021 01:56:56.608,1.3572600000000001,1.3571,1,1
12.08.2021 01:57:09.911,1.35724,1.3570900000000001,1,1
12.08.2021 01:57:10.063,1.35722,1.35705,1,1
12.08.2021 01:57:21.464,1.3571900000000001,1.35704,1,1
12.08.2021 01:57:21.565,1.35718,1.35703,1.5,1
12.08.2021 01:57:21.666,1.35718,1.3570200000000001,1,1
12.08.2021 01:57:21.887,1.3571700000000002,1.357,1,1
12.08.2021 01:57:28.712,1.35714,1.35699,1,1
12.08.2021 01:57:39.842,1.35714,1.3569600000000002,1,1
12.08.2021 01:57:56.930,1.35711,1.3569600000000002,1,1.12
12.08.2021 01:57:58.118,1.35713,1.35698,1.87,1
12.08.2021 01:58:06.292,1.35711,1.35698,1,1
12.08.2021 01:58:06.732,1.35712,1.35695,1,1.12
12.08.2021 01:58:06.783,1.35713,1.35698,1,1
12.08.2021 01:58:06.934,1.35715,1.35698,1.12,1
12.08.2021 01:58:08.489,1.3571700000000002,1.357,1.12,1
12.08.2021 01:58:14.083,1.35718,1.35704,1,1
12.08.2021 01:58:14.719,1.3571900000000001,1.35704,1.12,1.5
12.08.2021 01:58:22.836,1.35722,1.35705,1,1
12.08.2021 01:58:30.905,1.35722,1.3570700000000002,1,1
12.08.2021 01:59:19.826,1.35721,1.3570600000000002,1,1
12.08.2021 01:59:19.978,1.3572,1.35703,1,1.5
12.08.2021 01:59:21.646,1.35718,1.35703,1,1
12.08.2021 01:59:49.822,1.3571900000000001,1.35704,1,1.5
12.08.2021 01:59:50.102,1.3572,1.35705,1.12,1
12.08.2021 02:00:14.232,1.35722,1.35705,1.5,1
12.08.2021 02:00:16.407,1.35722,1.3570600000000002,1,1
12.08.2021 02:00:16.508,1.35724,1.3570900000000001,1,1
12.08.2021 02:00:16.609,1.3572600000000001,1.3570900000000001,1,1.12
12.08.2021 02:00:17.493,1.35725,1.35708,1,1.12
12.08.2021 02:00:22.035,1.35725,1.35711,1,1
12.08.2021 02:00:22.399,1.35725,1.35708,1,1.12
12.08.2021 02:00:25.418,1.35725,1.35708,1,1.5
12.08.2021 02:00:27.796,1.35724,1.3570900000000001,1,1.62
12.08.2021 02:00:27.897,1.35725,1.35708,1,1.62
12.08.2021 02:00:35.297,1.35724,1.35708,1,1
12.08.2021 02:00:35.398,1.35723,1.3570900000000001,1,1
12.08.2021 02:00:35.748,1.35721,1.3570700000000002,1,1
12.08.2021 02:00:35.849,1.35722,1.35705,1,1.5
12.08.2021 02:00:35.950,1.35721,1.3570600000000002,1,1.12
12.08.2021 02:00:39.172,1.3571900000000001,1.35704,1,1.5
12.08.2021 02:01:02.725,1.3572,1.35703,1,1.12
12.08.2021 02:01:03.954,1.3571900000000001,1.3570200000000001,1,1.5
12.08.2021 02:01:05.492,1.3571900000000001,1.3570200000000001,1,1.12
12.08.2021 02:01:08.205,1.35718,1.35701,1,1.5
12.08.2021 02:01:08.306,1.3571700000000002,1.3570200000000001,1,1.12
12.08.2021 02:01:08.936,1.35715,1.35701,1,1
12.08.2021 02:01:09.037,1.35715,1.35704,1,1
12.08.2021 02:01:10.726,1.35714,1.35704,1,1
12.08.2021 02:01:36.408,1.35715,1.35701,1,1
12.08.2021 02:01:36.795,1.35715,1.35698,1,1.5
12.08.2021 02:01:37.141,1.35715,1.35698,1,1.62
12.08.2021 02:01:37.243,1.35714,1.35699,1,1.5
12.08.2021 02:02:30.410,1.35714,1.3569700000000002,1,1.5
12.08.2021 02:02:43.482,1.35713,1.35701,1,1
12.08.2021 02:02:46.759,1.35713,1.35698,1,1.12
12.08.2021 02:03:03.922,1.35714,1.357,1,1
12.08.2021 02:03:04.225,1.3571700000000002,1.357,1,1
12.08.2021 02:03:05.289,1.3571700000000002,1.35703,1,1
12.08.2021 02:03:05.390,1.3571900000000001,1.3570200000000001,1.12,1
12.08.2021 02:03:34.427,1.3571700000000002,1.357,1,1.12
12.08.2021 02:03:50.781,1.3571600000000001,1.35699,1,1.12
12.08.2021 02:03:54.231,1.35715,1.35703,1,1
12.08.2021 02:03:58.268,1.35715,1.357,1,1
12.08.2021 02:04:13.633,1.35718,1.35701,1,1
12.08.2021 02:04:13.735,1.35722,1.35705,2.25,1
12.08.2021 02:04:43.906,1.35724,1.3570700000000002,1,1
12.08.2021 02:04:44.007,1.3572600000000001,1.3570900000000001,1,1
12.08.2021 02:04:49.307,1.35728,1.35711,1,1
12.08.2021 02:05:03.486,1.35725,1.35711,1,1
12.08.2021 02:05:04.926,1.35725,1.35713,1,1
12.08.2021 02:05:07.949,1.3572600000000001,1.3571,1,1
12.08.2021 02:05:23.881,1.3572700000000002,1.35712,1,1
12.08.2021 02:05:24.200,1.35728,1.35713,1,1
12.08.2021 02:05:25.466,1.35731,1.35714,1,1
12.08.2021 02:05:41.082,1.35731,1.3571700000000002,1,1
12.08.2021 02:05:46.818,1.35731,1.35714,1,1
12.08.2021 02:05:48.875,1.35729,1.35713,1,1
12.08.2021 02:05:49.220,1.35729,1.35712,1,1.12
12.08.2021 02:05:49.321,1.35728,1.35711,1,1.5
12.08.2021 02:05:49.877,1.35728,1.35711,1,1.12
12.08.2021 02:05:59.868,1.3572600000000001,1.3570900000000001,1,1.5
12.08.2021 02:06:02.954,1.35725,1.35713,1,1
12.08.2021 02:06:06.237,1.3572700000000002,1.35712,1,1
12.08.2021 02:06:06.884,1.3572600000000001,1.3570900000000001,1,1.87
12.08.2021 02:06:07.798,1.35725,1.35708,1,1.5
12.08.2021 02:06:09.262,1.35725,1.3571,1,1
12.08.2021 02:06:24.537,1.3572700000000002,1.3571,1,1
12.08.2021 02:06:28.644,1.35729,1.35713,1.5,1
12.08.2021 02:06:28.695,1.35732,1.35715,1.5,1
12.08.2021 02:06:28.796,1.35731,1.35714,1,1
12.08.2021 02:06:29.302,1.3573000000000002,1.35714,1,1
12.08.2021 02:06:30.306,1.35729,1.35712,1,1
12.08.2021 02:06:35.405,1.35732,1.35715,1.5,1
12.08.2021 02:06:35.506,1.35732,1.35715,1,1
12.08.2021 02:06:35.870,1.35734,1.3571700000000002,1.5,1
12.08.2021 02:06:36.296,1.35734,1.3571700000000002,1,1
12.08.2021 02:06:39.191,1.35734,1.3571700000000002,1,1.5
12.08.2021 02:06:40.331,1.35734,1.3571700000000002,1,1
12.08.2021 02:06:45.090,1.35735,1.3571900000000001,1.12,1
12.08.2021 02:06:45.786,1.3573600000000001,1.35721,1,1
12.08.2021 02:07:21.886,1.35734,1.3571900000000001,1,1
12.08.2021 02:07:21.987,1.35732,1.35715,1,1
