Gmt time,Ask,Bid,AskVolume,BidVolume
03.08.2021 00:00:00.157,1.3531,1.35293,1,1
03.08.2021 00:00:02.188,1.35311,1.3529,1,1.5
03.08.2021 00:00:03.546,1.3530900000000001,1.3529,1,1.62
03.08.2021 00:00:03.647,1.3531,1.35289,1,1
03.08.2021 00:00:04.229,1.3531,1.35291,1,1
03.08.2021 00:00:15.046,1.35308,1.35291,1,1
03.08.2021 00:00:15.202,1.3530700000000002,1.3529,1,1
03.08.2021 00:00:17.664,1.3530600000000002,1.35289,1,1
03.08.2021 00:00:24.661,1.3530700000000002,1.3529,1,1
03.08.2021 00:00:24.926,1.35311,1.35289,1,1.62
03.08.2021 00:00:25.027,1.35312,1.35291,1,2.1
03.08.2021 00:00:25.077,1.35313,1.35293,1,1
03.08.2021 00:00:25.627,1.35313,1.35293,1,1.1
03.08.2021 00:00:29.002,1.35312,1.35298,1,1
03.08.2021 00:00:29.052,1.35313,1.3529600000000002,1,3.22
03.08.2021 00:00:29.103,1.35313,1.353,1,1
03.08.2021 00:00:29.206,1.35314,1.353,1,1
03.08.2021 00:00:29.460,1.35314,1.35298,1,1.1
03.08.2021 00:00:32.208,1.35315,1.3529900000000001,1,1
03.08.2021 00:00:32.970,1.3531700000000002,1.3530200000000001,1,1
03.08.2021 00:00:33.172,1.3531700000000002,1.3529900000000001,1,1.1
03.08.2021 00:00:35.287,1.3531600000000001,1.353,1,1.12
03.08.2021 00:00:38.636,1.3531600000000001,1.35301,1,1
03.08.2021 00:00:42.493,1.35318,1.353,1,1
03.08.2021 00:00:43.106,1.3531600000000001,1.353,1,1
03.08.2021 00:00:43.157,1.35315,1.3529900000000001,1,1
03.08.2021 00:00:44.020,1.35314,1.3529900000000001,1,1
03.08.2021 00:00:44.121,1.35315,1.3529900000000001,1,1
03.08.2021 00:00:45.175,1.35315,1.353,1,1
03.08.2021 00:00:46.444,1.35315,1.3529900000000001,1,1
03.08.2021 00:00:51.533,1.35313,1.3529900000000001,1,1
03.08.2021 00:00:51.583,1.35312,1.3529700000000002,1,1
03.08.2021 00:00:51.634,1.3530600000000002,1.35294,1,2.37
03.08.2021 00:00:51.685,1.3530600000000002,1.35294,1,1
03.08.2021 00:00:51.786,1.3530600000000002,1.35291,1,1
03.08.2021 00:00:51.837,1.3530900000000001,1.3529200000000001,1,1
03.08.2021 00:00:51.938,1.35308,1.3529,1,1
03.08.2021 00:00:52.742,1.3530900000000001,1.35289,1,1
03.08.2021 00:00:52.843,1.3530600000000002,1.3529,1,1
03.08.2021 00:00:53.203,1.3530600000000002,1.35288,1,1.12
03.08.2021 00:00:53.254,1.35304,1.35288,1,1
03.08.2021 00:00:53.594,1.35303,1.3528700000000002,1,1.5
03.08.2021 00:00:58.741,1.35303,1.3528700000000002,1,1
03.08.2021 00:01:00.594,1.3530200000000001,1.35285,1,2
03.08.2021 00:01:13.219,1.35301,1.3528600000000002,1,1.5
03.08.2021 00:01:22.727,1.35304,1.35285,1,1.87
03.08.2021 00:01:25.679,1.3530200000000001,1.35285,1,1.5
03.08.2021 00:01:25.853,1.3530200000000001,1.35283,1,1.87
03.08.2021 00:01:26.041,1.35301,1.35283,1,1.87
03.08.2021 00:01:26.440,1.353,1.35283,1,1.12
03.08.2021 00:01:27.090,1.3529900000000001,1.35283,1,1.12
03.08.2021 00:01:28.808,1.3529900000000001,1.3528,1,1
03.08.2021 00:01:28.909,1.35298,1.35281,1,1
03.08.2021 00:01:28.960,1.3529600000000002,1.3528,1,1.5
03.08.2021 00:01:29.060,1.3529700000000002,1.35279,1,2.25
03.08.2021 00:01:30.240,1.3529600000000002,1.3528,1,1
03.08.2021 00:01:32.871,1.35298,1.3528,1,1
03.08.2021 00:01:32.972,1.35298,1.3528200000000001,1,1
03.08.2021 00:01:33.093,1.3529700000000002,1.3528200000000001,1,1
03.08.2021 00:01:33.503,1.3529900000000001,1.3528,1,1.1
03.08.2021 00:01:33.821,1.35298,1.3528200000000001,1,1
03.08.2021 00:01:34.472,1.35298,1.35281,1,1
03.08.2021 00:01:37.751,1.3529700000000002,1.3528200000000001,1,1
03.08.2021 00:01:45.741,1.3529700000000002,1.35281,1,2
03.08.2021 00:01:46.251,1.3529600000000002,1.35281,1,2
03.08.2021 00:01:46.646,1.35298,1.3528,1,2
03.08.2021 00:01:48.290,1.3529600000000002,1.35281,1,1
03.08.2021 00:01:48.492,1.35294,1.3528200000000001,1,1
03.08.2021 00:01:48.901,1.35295,1.35278,1,2
03.08.2021 00:01:50.298,1.35295,1.3527600000000002,1,2.62
03.08.2021 00:01:50.399,1.3529200000000001,1.3527600000000002,1,1.12
03.08.2021 00:01:50.500,1.3528700000000002,1.35277,1,1
03.08.2021 00:01:50.601,1.35288,1.35274,1,1
03.08.2021 00:01:50.702,1.35293,1.35273,1,1
03.08.2021 00:01:51.964,1.35293,1.35271,1,1
03.08.2021 00:01:52.014,1.35289,1.3527200000000001,1,1
03.08.2021 00:01:52.115,1.3528600000000002,1.3527200000000001,1,1
03.08.2021 00:01:52.216,1.3528600000000002,1.3527200000000001,1,1
03.08.2021 00:01:52.348,1.35285,1.3527200000000001,1,1
03.08.2021 00:01:52.614,1.3528700000000002,1.3527200000000001,1,1
03.08.2021 00:01:52.665,1.3529,1.35271,1,1
03.08.2021 00:01:52.715,1.3528600000000002,1.3527200000000001,1,1
03.08.2021 00:01:54.341,1.3528700000000002,1.3527200000000001,1,1
03.08.2021 00:01:54.441,1.35289,1.3527200000000001,1,1
03.08.2021 00:01:54.547,1.3529,1.35271,1,1
03.08.2021 00:01:54.991,1.35288,1.35271,1,1
03.08.2021 00:01:55.094,1.3529,1.35271,1,1
03.08.2021 00:01:58.029,1.35289,1.3527200000000001,1,1
03.08.2021 00:01:58.080,1.35291,1.35277,1,1
03.08.2021 00:02:02.941,1.3529200000000001,1.35277,1,1
03.08.2021 00:02:03.042,1.3529200000000001,1.35278,1,1
03.08.2021 00:02:03.525,1.3529200000000001,1.3528,1,1
03.08.2021 00:02:03.672,1.3529600000000002,1.35279,1,1
03.08.2021 00:02:06.312,1.3529600000000002,1.3528,1,1.1
03.08.2021 00:02:06.824,1.35298,1.3528200000000001,1,1
03.08.2021 00:02:07.721,1.35298,1.3528200000000001,1,1.1
03.08.2021 00:02:07.772,1.3529600000000002,1.3528200000000001,1,1.1
03.08.2021 00:02:07.883,1.3529700000000002,1.35281,1,1
03.08.2021 00:02:08.326,1.35298,1.3528200000000001,1,1
03.08.2021 00:02:09.267,1.35298,1.3528200000000001,1,1
03.08.2021 00:02:09.391,1.3529900000000001,1.3528200000000001,1,1
03.08.2021 00:02:10.978,1.35301,1.3528200000000001,1,1
03.08.2021 00:02:11.079,1.3529900000000001,1.35283,1,1
03.08.2021 00:02:11.478,1.35298,1.35283,1,1
03.08.2021 00:02:12.120,1.353,1.3528200000000001,1,1
03.08.2021 00:02:12.395,1.35301,1.3528200000000001,1,1
03.08.2021 00:02:12.617,1.353,1.35283,1,1.1
03.08.2021 00:02:13.480,1.35301,1.35283,1,1.1
03.08.2021 00:02:13.980,1.3530200000000001,1.35283,1,1.1
03.08.2021 00:02:14.536,1.3530200000000001,1.35285,1,1
03.08.2021 00:02:14.953,1.35303,1.35285,1,1
03.08.2021 00:02:15.054,1.3530700000000002,1.3528600000000002,1,1.1
03.08.2021 00:02:15.163,1.3530600000000002,1.35288,1,1.1
03.08.2021 00:02:15.264,1.35305,1.35288,1,1.7
03.08.2021 00:02:15.627,1.3530600000000002,1.35291,1,1
03.08.2021 00:02:16.259,1.35308,1.3529200000000001,1,1
03.08.2021 00:02:16.410,1.35308,1.35289,1,1
03.08.2021 00:02:17.176,1.3530600000000002,1.35288,1,1
03.08.2021 00:02:17.277,1.3530200000000001,1.35288,1,1.5
03.08.2021 00:02:17.378,1.35303,1.3528700000000002,1,1
03.08.2021 00:02:17.479,1.3530200000000001,1.3528600000000002,1,1
03.08.2021 00:02:17.646,1.3530200000000001,1.3528600000000002,1,1
03.08.2021 00:02:18.236,1.35304,1.35285,1,1
03.08.2021 00:02:18.342,1.35303,1.3528600000000002,1,1
03.08.2021 00:02:18.443,1.35303,1.35285,1,1
03.08.2021 00:02:18.544,1.3530200000000001,1.3528600000000002,1,1
03.08.2021 00:02:18.725,1.35305,1.3528600000000002,1,1
03.08.2021 00:02:19.077,1.3530600000000002,1.35285,1,1
03.08.2021 00:02:19.178,1.35304,1.3528600000000002,1,1
03.08.2021 00:02:21.106,1.35304,1.35285,1,1
03.08.2021 00:02:21.157,1.35301,1.3528600000000002,1,1
03.08.2021 00:02:21.258,1.3529900000000001,1.3528600000000002,1,1
03.08.2021 00:02:23.442,1.3530200000000001,1.35285,1,1
03.08.2021 00:02:24.741,1.3530200000000001,1.35285,1,1
03.08.2021 00:02:25.670,1.35301,1.35285,1,1
03.08.2021 00:02:30.315,1.35301,1.35285,1,1
03.08.2021 00:02:39.264,1.35303,1.35285,1,1
03.08.2021 00:02:39.365,1.35303,1.3528700000000002,1,1
03.08.2021 00:02:40.830,1.35303,1.3528600000000002,1,1
03.08.2021 00:02:41.617,1.3530200000000001,1.3528600000000002,1,1.1
03.08.2021 00:02:41.919,1.35304,1.35285,1,1.1
03.08.2021 00:02:43.621,1.3530200000000001,1.3528600000000002,1,1.1
03.08.2021 00:02:43.823,1.3530200000000001,1.35285,1,1
03.08.2021 00:02:43.873,1.353,1.35285,1,1
03.08.2021 00:02:47.450,1.3529900000000001,1.35284,1,1
03.08.2021 00:02:47.565,1.35301,1.3528200000000001,1,2
03.08.2021 00:02:47.716,1.35298,1.3528200000000001,1,2
03.08.2021 00:02:47.818,1.3529700000000002,1.3528200000000001,1,1
03.08.2021 00:02:48.196,1.3529700000000002,1.3528,1,1
03.08.2021 00:02:48.903,1.3529700000000002,1.3528,1,1
03.08.2021 00:02:50.276,1.3529700000000002,1.3528,1,1
03.08.2021 00:02:57.360,1.35295,1.35283,1,1
03.08.2021 00:02:57.461,1.35294,1.3528200000000001,1,1
03.08.2021 00:03:01.938,1.35293,1.35279,1,1.5
03.08.2021 00:03:02.039,1.35291,1.35278,1,1.5
03.08.2021 00:03:02.140,1.35291,1.35277,1,1.12
03.08.2021 00:03:02.473,1.3529200000000001,1.35278,1,1.12
03.08.2021 00:03:02.575,1.3529,1.35274,1,1
03.08.2021 00:03:02.676,1.3528600000000002,1.35274,1,1
03.08.2021 00:03:02.727,1.3529,1.35273,1,1.62
03.08.2021 00:03:02.828,1.35289,1.35274,1,1
03.08.2021 00:03:03.849,1.35288,1.35273,1,1
03.08.2021 00:03:04.108,1.35288,1.35273,1,1
03.08.2021 00:03:04.532,1.3528700000000002,1.35274,1,1
03.08.2021 00:03:04.649,1.35289,1.35274,1,1
03.08.2021 00:03:04.750,1.35288,1.35273,1,1
03.08.2021 00:03:05.948,1.35288,1.35273,1,1
03.08.2021 00:03:06.071,1.3529,1.35274,1,1
03.08.2021 00:03:06.878,1.35289,1.3527500000000001,1,1
03.08.2021 00:03:07.031,1.35291,1.35274,1,1
03.08.2021 00:03:09.537,1.35291,1.35278,1,1
03.08.2021 00:03:09.588,1.3529200000000001,1.35279,1,1
03.08.2021 00:03:10.482,1.35294,1.35279,1,1
03.08.2021 00:03:10.587,1.35294,1.35279,1,1.5
03.08.2021 00:03:12.493,1.35294,1.3528,1,1
03.08.2021 00:03:16.569,1.3529600000000002,1.3528,1,1
03.08.2021 00:03:17.570,1.35295,1.35279,1,1
03.08.2021 00:03:19.496,1.35295,1.35279,1,1
03.08.2021 00:03:20.399,1.35294,1.35279,1,1.12
03.08.2021 00:03:20.500,1.3529200000000001,1.35279,1,1.5
03.08.2021 00:03:32.452,1.3529200000000001,1.35278,1,1.5
03.08.2021 00:03:32.553,1.35291,1.35278,1,1.5
03.08.2021 00:03:35.441,1.3529200000000001,1.35278,1,1
03.08.2021 00:03:35.492,1.35291,1.35277,1,1
03.08.2021 00:03:35.542,1.35289,1.35277,1,1
03.08.2021 00:03:35.644,1.35289,1.3527500000000001,1,1
03.08.2021 00:03:35.896,1.3529,1.3527200000000001,1,1.5
03.08.2021 00:03:38.104,1.35289,1.35274,1,1.5
03.08.2021 00:03:38.209,1.35288,1.35273,1,1.5
03.08.2021 00:03:38.314,1.35288,1.35273,1,1.12
03.08.2021 00:03:38.849,1.3529200000000001,1.35273,1,2.37
03.08.2021 00:03:38.950,1.35291,1.3527600000000002,1,1
03.08.2021 00:03:39.051,1.3529200000000001,1.3527600000000002,1,1.62
03.08.2021 00:03:40.467,1.35293,1.35277,1,1.12
03.08.2021 00:03:40.623,1.35293,1.35277,1,1.5
03.08.2021 00:03:41.854,1.35293,1.35278,1,1
03.08.2021 00:03:42.997,1.35294,1.35277,1,1
03.08.2021 00:03:44.445,1.35294,1.35277,1,1
03.08.2021 00:03:45.445,1.35294,1.35278,1,1.12
03.08.2021 00:03:46.451,1.35294,1.35277,1,1
03.08.2021 00:03:46.552,1.35291,1.35278,1,1
03.08.2021 00:03:47.009,1.35291,1.35277,1,1.87
03.08.2021 00:03:49.008,1.3529200000000001,1.35278,1,1.87
03.08.2021 00:03:54.764,1.35291,1.35277,1,1.87
03.08.2021 00:03:57.811,1.35291,1.3527600000000002,1,1.87
03.08.2021 00:03:57.861,1.35293,1.3527600000000002,1,3.12
03.08.2021 00:03:57.912,1.3529,1.3527500000000001,1,2
03.08.2021 00:03:57.962,1.35289,1.3527500000000001,1,1
03.08.2021 00:03:58.114,1.35291,1.35274,1,1
03.08.2021 00:03:58.290,1.35288,1.35274,1,1
03.08.2021 00:03:58.492,1.3528700000000002,1.3527200000000001,1,1.62
03.08.2021 00:03:59.863,1.3528700000000002,1.3527200000000001,1,1.5
03.08.2021 00:03:59.963,1.3528600000000002,1.3527200000000001,1,1
03.08.2021 00:04:00.502,1.35289,1.35273,1,1
03.08.2021 00:04:01.363,1.3529,1.35273,1,1
03.08.2021 00:04:02.745,1.35289,1.35273,1,1
03.08.2021 00:04:02.896,1.3529,1.35273,1,2.37
03.08.2021 00:04:03.689,1.3529,1.35273,1,1
03.08.2021 00:04:04.960,1.3529,1.35274,1,1
03.08.2021 00:04:05.061,1.3529,1.3527500000000001,1,1.12
03.08.2021 00:04:05.111,1.3529,1.3527600000000002,1,1
03.08.2021 00:04:05.212,1.35291,1.3527500000000001,1,1
03.08.2021 00:04:08.262,1.35293,1.35277,1,1
03.08.2021 00:04:08.711,1.35293,1.35277,1,1
03.08.2021 00:04:09.757,1.35293,1.3527600000000002,1,2.75
03.08.2021 00:04:13.313,1.35291,1.3527600000000002,1,2.75
03.08.2021 00:04:14.006,1.35291,1.3527600000000002,1,2.25
03.08.2021 00:04:14.757,1.35289,1.35277,1,1.87
03.08.2021 00:04:17.078,1.35291,1.35277,1,1.87
03.08.2021 00:04:22.097,1.35291,1.3527600000000002,1,1
03.08.2021 00:04:24.582,1.3529200000000001,1.3527500000000001,1,1
03.08.2021 00:04:24.683,1.3529200000000001,1.35279,1,1
03.08.2021 00:04:26.841,1.35293,1.3528,1,1
03.08.2021 00:04:27.898,1.35293,1.35278,1,1
03.08.2021 00:04:28.229,1.35294,1.35277,1,1
03.08.2021 00:04:28.436,1.35293,1.35281,1,1
03.08.2021 00:04:35.732,1.3529200000000001,1.35281,1,1
03.08.2021 00:04:35.834,1.35293,1.35279,1,1
03.08.2021 00:04:36.051,1.35291,1.35279,1,1
03.08.2021 00:04:40.777,1.35293,1.35279,1,1
03.08.2021 00:05:01.085,1.35294,1.35279,1,1
03.08.2021 00:05:02.155,1.35293,1.35277,1,3.5
03.08.2021 00:05:02.362,1.35295,1.35279,1,1.12
03.08.2021 00:05:02.463,1.3529700000000002,1.35279,1,1
03.08.2021 00:05:03.033,1.353,1.35281,1,1
03.08.2021 00:05:03.084,1.3529700000000002,1.35281,1,1
03.08.2021 00:05:03.185,1.3529900000000001,1.3528,1,1.87
03.08.2021 00:05:04.569,1.35295,1.35281,1,1.12
03.08.2021 00:05:08.815,1.3529600000000002,1.35279,1,1.5
03.08.2021 00:05:10.191,1.35294,1.3528,1,1.5
03.08.2021 00:05:10.751,1.35295,1.35278,1,1
03.08.2021 00:05:10.802,1.3529700000000002,1.35278,1,1
03.08.2021 00:05:10.998,1.35295,1.35277,1,3.37
03.08.2021 00:05:11.156,1.35293,1.35277,1,2.62
03.08.2021 00:05:12.489,1.3529200000000001,1.35277,1,1.87
03.08.2021 00:05:12.590,1.3529,1.35274,1,1
03.08.2021 00:05:13.041,1.3529,1.3527200000000001,1,2.25
03.08.2021 00:05:13.142,1.35289,1.3527200000000001,1,2.25
03.08.2021 00:05:14.551,1.35288,1.3527200000000001,1,1
03.08.2021 00:05:14.652,1.35288,1.3527,1,3
03.08.2021 00:05:15.029,1.35285,1.35271,1,2.25
03.08.2021 00:05:15.516,1.3528600000000002,1.35269,1,1.12
03.08.2021 00:05:15.698,1.35288,1.35269,1,1.87
03.08.2021 00:05:28.206,1.35288,1.35271,1,1
03.08.2021 00:05:29.761,1.3528600000000002,1.35271,1,1
03.08.2021 00:05:35.647,1.3528700000000002,1.35269,1,1
03.08.2021 00:05:36.102,1.35288,1.3527,1,1.12
03.08.2021 00:05:38.482,1.35288,1.35271,1,1
03.08.2021 00:05:39.928,1.35289,1.35271,1,1
03.08.2021 00:05:40.034,1.3529,1.3527200000000001,1,1.5
03.08.2021 00:05:40.634,1.35288,1.3527200000000001,1,1.87
03.08.2021 00:05:41.912,1.35288,1.3527200000000001,1,3.5
03.08.2021 00:05:42.903,1.35289,1.3527500000000001,1,1.87
03.08.2021 00:05:42.954,1.3529200000000001,1.35274,1,2.25
03.08.2021 00:05:43.004,1.3529200000000001,1.35277,1,1
03.08.2021 00:05:43.155,1.35293,1.35278,1,1.12
03.08.2021 00:05:45.384,1.35294,1.35277,1,1.62
03.08.2021 00:05:46.584,1.35295,1.35277,1,3.2
03.08.2021 00:05:46.685,1.35295,1.35278,1,3.2
03.08.2021 00:05:48.568,1.35294,1.35279,1,1
03.08.2021 00:05:48.669,1.35294,1.35278,1,1
03.08.2021 00:05:50.235,1.35294,1.35278,1,1
03.08.2021 00:05:50.888,1.3529600000000002,1.35279,1.5,1.62
03.08.2021 00:05:51.234,1.35294,1.35279,1,1.5
03.08.2021 00:05:51.335,1.35294,1.35277,1,3.12
03.08.2021 00:05:51.592,1.35291,1.35278,1,1
03.08.2021 00:05:51.978,1.3529200000000001,1.35277,1,1.87
03.08.2021 00:05:52.230,1.3529200000000001,1.3527600000000002,1,3
03.08.2021 00:05:52.380,1.35293,1.35277,1,4.12
03.08.2021 00:05:52.492,1.35294,1.3527600000000002,1,4.62
03.08.2021 00:05:53.508,1.35293,1.35279,1,1.87
03.08.2021 00:05:54.569,1.3529200000000001,1.35278,1,1
03.08.2021 00:05:55.531,1.3529200000000001,1.35277,1,3.5
03.08.2021 00:05:58.166,1.3529200000000001,1.35277,1,3.5
03.08.2021 00:05:59.987,1.35293,1.35277,1,3.5
03.08.2021 00:06:00.403,1.3529200000000001,1.3527600000000002,1,2.75
03.08.2021 00:06:00.847,1.35291,1.35277,1,2.37
03.08.2021 00:06:02.005,1.3529200000000001,1.35279,1,1
03.08.2021 00:06:07.743,1.35293,1.3528,1,1
03.08.2021 00:06:08.006,1.35293,1.35277,1,1.12
03.08.2021 00:06:08.157,1.35293,1.3528,1,1
03.08.2021 00:06:08.415,1.3529,1.3527600000000002,1,3.12
03.08.2021 00:06:08.812,1.3529,1.3527600000000002,1,1
03.08.2021 00:06:08.913,1.35288,1.35273,1,2
03.08.2021 00:06:09.064,1.35288,1.35274,1,1.5
03.08.2021 00:06:09.378,1.35289,1.35271,1,3.12
03.08.2021 00:06:10.792,1.35288,1.3527200000000001,1,2.75
03.08.2021 00:06:11.258,1.35288,1.35271,1,2
03.08.2021 00:06:11.359,1.3528700000000002,1.35271,1,2.62
03.08.2021 00:06:11.773,1.3528600000000002,1.3527,1,1.87
03.08.2021 00:06:11.924,1.35285,1.35269,1,3.12
03.08.2021 00:06:17.208,1.3528600000000002,1.3527,1,1.12
03.08.2021 00:06:21.759,1.35285,1.35269,1,2.62
03.08.2021 00:06:39.971,1.35285,1.35269,1,2.75
03.08.2021 00:06:43.244,1.35284,1.3526799999999999,1,1.62
03.08.2021 00:06:43.981,1.35284,1.3526799999999999,1,2.37
03.08.2021 00:06:47.029,1.35283,1.35269,1,2.75
03.08.2021 00:06:50.853,1.3528700000000002,1.3526799999999999,1,3.12
03.08.2021 00:06:51.054,1.3528700000000002,1.3526799999999999,1,2.62
03.08.2021 00:06:53.104,1.3528700000000002,1.3526799999999999,1,1.62
03.08.2021 00:06:53.155,1.3528700000000002,1.3527200000000001,1,1
03.08.2021 00:06:53.205,1.35291,1.35273,1,1
03.08.2021 00:06:53.306,1.35293,1.3527600000000002,1.12,1
03.08.2021 00:06:53.357,1.35291,1.3527600000000002,1,2.37
03.08.2021 00:06:53.558,1.35294,1.3527600000000002,1,1.1
03.08.2021 00:06:54.163,1.35293,1.35278,1,1.12
03.08.2021 00:06:54.584,1.35294,1.35278,1,2.25
03.08.2021 00:06:55.339,1.35294,1.35278,1,2.37
03.08.2021 00:07:21.104,1.35294,1.35277,1,1
03.08.2021 00:07:21.679,1.35294,1.35277,1,1.12
03.08.2021 00:07:24.365,1.35294,1.35277,1,1.5
03.08.2021 00:07:29.119,1.35294,1.35277,1,1.12
03.08.2021 00:07:29.514,1.3529200000000001,1.35278,1,1
03.08.2021 00:07:34.304,1.35291,1.35277,1,1
03.08.2021 00:07:43.320,1.35288,1.35274,1,1
03.08.2021 00:07:43.421,1.35288,1.35273,1,1
03.08.2021 00:07:43.471,1.35285,1.35273,1,1
03.08.2021 00:07:44.407,1.35285,1.35269,1,1
03.08.2021 00:07:48.389,1.35288,1.35269,1,1.12
03.08.2021 00:07:50.216,1.3528600000000002,1.3526799999999999,1,2
03.08.2021 00:07:52.242,1.3528600000000002,1.3526799999999999,1,1.87
03.08.2021 00:08:30.765,1.3528600000000002,1.3526799999999999,1,2.75
03.08.2021 00:08:31.538,1.35288,1.35269,1,1.12
03.08.2021 00:08:31.639,1.3528600000000002,1.35271,1,1
03.08.2021 00:08:49.836,1.3528700000000002,1.35271,1,1.5
03.08.2021 00:08:51.346,1.35285,1.35271,1,1
03.08.2021 00:08:56.796,1.35288,1.3527,1,1.5
03.08.2021 00:09:27.864,1.35289,1.3527200000000001,1,1.1
03.08.2021 00:09:27.965,1.3529,1.3527500000000001,1,1
03.08.2021 00:09:28.151,1.3529200000000001,1.3527600000000002,1,2.32
03.08.2021 00:09:28.202,1.35294,1.35278,1,2.82
03.08.2021 00:09:28.252,1.3529600000000002,1.35279,1,4.2
03.08.2021 00:09:28.303,1.3529700000000002,1.3528,1,1.5
03.08.2021 00:09:28.353,1.35298,1.35281,1,2.25
03.08.2021 00:09:28.404,1.3529600000000002,1.35281,1,1.57
03.08.2021 00:09:30.661,1.3529600000000002,1.35281,1,1.1
03.08.2021 00:09:31.652,1.3529700000000002,1.35281,1,2.45
03.08.2021 00:09:32.367,1.3529700000000002,1.3528200000000001,1,1
03.08.2021 00:09:47.273,1.3529700000000002,1.35281,1,1
03.08.2021 00:09:47.374,1.3529700000000002,1.3528,1,2
03.08.2021 00:09:47.641,1.3529700000000002,1.35281,1,2
03.08.2021 00:09:47.805,1.3529600000000002,1.35281,1,2
03.08.2021 00:09:48.314,1.3529700000000002,1.3528,1,1.87
03.08.2021 00:09:51.202,1.3529700000000002,1.35281,1,1.87
03.08.2021 00:09:51.310,1.3529700000000002,1.3528200000000001,1,1
03.08.2021 00:10:00.386,1.3529900000000001,1.35281,1,2.45
03.08.2021 00:10:12.641,1.35298,1.35281,1,1.5
03.08.2021 00:10:16.058,1.35298,1.3528,1,3.45
03.08.2021 00:10:19.318,1.3529700000000002,1.35281,1,2.45
03.08.2021 00:10:34.713,1.3529600000000002,1.35281,1,1.87
03.08.2021 00:10:34.864,1.35295,1.35281,1,1.5
03.08.2021 00:10:34.965,1.3529700000000002,1.35279,1,1.87
03.08.2021 00:10:35.066,1.3529600000000002,1.35279,1,1.87
03.08.2021 00:10:35.385,1.35295,1.3528200000000001,1,1
03.08.2021 00:10:37.263,1.35294,1.35277,1,1.87
03.08.2021 00:10:38.228,1.35294,1.3527600000000002,1,2.62
03.08.2021 00:10:41.406,1.35291,1.35277,1,1.5
03.08.2021 00:10:43.584,1.3529,1.3527600000000002,1,1.87
03.08.2021 00:10:43.735,1.35283,1.35274,1,1
03.08.2021 00:10:43.785,1.3528700000000002,1.35273,1,1
03.08.2021 00:10:44.352,1.3528600000000002,1.3527,1,2.07
03.08.2021 00:10:48.066,1.35284,1.3527,1,1.1
03.08.2021 00:10:48.587,1.35285,1.3526799999999999,1,1.1
03.08.2021 00:10:48.688,1.35283,1.3526799999999999,1,1
03.08.2021 00:10:48.789,1.3528,1.35264,1,1.62
03.08.2021 00:10:48.839,1.35278,1.3526500000000001,1,1
03.08.2021 00:10:48.890,1.3527600000000002,1.35264,1,1
03.08.2021 00:10:48.940,1.3527600000000002,1.35261,1,1
03.08.2021 00:10:49.041,1.35273,1.35259,1,1
03.08.2021 00:10:49.142,1.35273,1.35259,1,1
03.08.2021 00:10:49.243,1.35273,1.35258,1,1
03.08.2021 00:10:49.416,1.3527200000000001,1.35259,1,1
03.08.2021 00:10:50.464,1.3527200000000001,1.3525600000000002,1,2
03.08.2021 00:10:50.817,1.3527,1.3525600000000002,1,1
03.08.2021 00:10:53.235,1.35271,1.3525600000000002,1,1.5
03.08.2021 00:10:58.906,1.3527200000000001,1.3525500000000001,1,1.5
03.08.2021 00:11:01.183,1.35271,1.3525600000000002,1,1
03.08.2021 00:11:01.283,1.3527,1.3525500000000001,1,2.25
03.08.2021 00:11:01.437,1.35271,1.35254,1,2.37
03.08.2021 00:11:04.106,1.35273,1.35259,1,1
03.08.2021 00:11:04.596,1.3527200000000001,1.3525600000000002,1,1.5
03.08.2021 00:11:04.712,1.3527200000000001,1.3525500000000001,1,1
03.08.2021 00:11:04.813,1.3527,1.3525600000000002,1,1
03.08.2021 00:11:04.914,1.35269,1.35253,1,1.12
03.08.2021 00:11:07.962,1.3527,1.3525600000000002,1,1
03.08.2021 00:11:08.063,1.35271,1.35257,1,1
03.08.2021 00:11:08.682,1.35271,1.3525500000000001,1,1
03.08.2021 00:11:08.961,1.35271,1.35257,1,1
03.08.2021 00:11:09.313,1.3527200000000001,1.35257,1,1
03.08.2021 00:11:09.364,1.35274,1.3526,1,1
03.08.2021 00:11:09.924,1.3528,1.35264,1.87,1
03.08.2021 00:11:10.393,1.3528,1.3526600000000002,1,1
03.08.2021 00:11:19.443,1.3528,1.35264,1,1
03.08.2021 00:11:20.859,1.35277,1.35261,1,1
03.08.2021 00:11:20.980,1.35278,1.3526200000000002,1,1
03.08.2021 00:11:27.241,1.3527600000000002,1.3526200000000002,1,1
03.08.2021 00:11:47.470,1.3527500000000001,1.35259,1,1
03.08.2021 00:11:47.758,1.35274,1.3526,1,1.5
03.08.2021 00:11:48.343,1.3527500000000001,1.35259,1,1
03.08.2021 00:11:48.445,1.35274,1.35258,1,1
03.08.2021 00:11:48.596,1.3527,1.3525600000000002,1,1
03.08.2021 00:11:54.235,1.35274,1.35258,1,1
03.08.2021 00:11:54.386,1.3527600000000002,1.3526,1.5,1
03.08.2021 00:11:54.538,1.3527600000000002,1.3526,1,1
03.08.2021 00:12:00.116,1.35278,1.3526200000000002,1,1
03.08.2021 00:12:00.217,1.3528200000000001,1.3526600000000002,1.5,1
03.08.2021 00:12:00.323,1.35281,1.35267,1,1
03.08.2021 00:12:00.440,1.35284,1.3526799999999999,1,1
03.08.2021 00:12:01.075,1.35284,1.35271,1,1
03.08.2021 00:12:01.126,1.35285,1.35269,1,1
03.08.2021 00:12:01.227,1.3528200000000001,1.3526799999999999,1,1
03.08.2021 00:12:01.611,1.35281,1.35267,1,1
03.08.2021 00:12:01.762,1.35279,1.3526500000000001,1,1
03.08.2021 00:12:07.626,1.35277,1.35263,1,1
03.08.2021 00:12:10.983,1.35277,1.35261,1,1
03.08.2021 00:12:32.036,1.35273,1.35259,1,1
03.08.2021 00:12:38.560,1.3527500000000001,1.35259,1,1
03.08.2021 00:12:40.511,1.35277,1.35261,1,1
03.08.2021 00:12:51.264,1.3527500000000001,1.35259,1,1.12
03.08.2021 00:13:00.163,1.35278,1.35264,1.5,1
03.08.2021 00:13:00.284,1.35277,1.35261,1,1.12
03.08.2021 00:13:04.450,1.3527500000000001,1.35259,1,1.12
03.08.2021 00:13:06.708,1.3527200000000001,1.35259,1,1.5
03.08.2021 00:13:07.073,1.35273,1.35258,1,1.12
03.08.2021 00:13:07.298,1.3527200000000001,1.35258,1,1.12
03.08.2021 00:13:07.348,1.35271,1.3525600000000002,1,1.12
03.08.2021 00:13:09.064,1.3527200000000001,1.35258,1,1
03.08.2021 00:13:15.567,1.35271,1.3525500000000001,1,1
03.08.2021 00:13:24.007,1.3527200000000001,1.35258,1,1
03.08.2021 00:13:24.214,1.35273,1.35259,1,1.12
03.08.2021 00:13:24.384,1.3527500000000001,1.35261,1.12,1
03.08.2021 00:13:53.698,1.35274,1.35258,1,1.5
03.08.2021 00:13:53.900,1.35273,1.35259,1,1.5
03.08.2021 00:13:54.542,1.35273,1.35258,1,1
03.08.2021 00:13:57.057,1.35271,1.35259,1,1
03.08.2021 00:13:58.537,1.35273,1.35258,1,1.12
03.08.2021 00:14:01.078,1.35271,1.3525500000000001,1,1
03.08.2021 00:14:01.129,1.35269,1.35253,1,1.12
03.08.2021 00:14:01.230,1.3526500000000001,1.3525500000000001,1,1
03.08.2021 00:14:01.331,1.3526600000000002,1.3525,1,1.5
03.08.2021 00:14:01.432,1.3526500000000001,1.35251,1,1
03.08.2021 00:14:01.583,1.35263,1.35249,1,1.5
03.08.2021 00:14:02.185,1.35263,1.35249,1,1
03.08.2021 00:14:02.596,1.3526200000000002,1.35248,1,1.12
03.08.2021 00:14:02.848,1.3526500000000001,1.35251,1,1
03.08.2021 00:14:02.949,1.35267,1.3525200000000002,1,1
03.08.2021 00:14:03.267,1.3526500000000001,1.35251,1,1
03.08.2021 00:14:03.807,1.3526500000000001,1.35249,1,1
03.08.2021 00:14:04.970,1.35263,1.35247,1,1.12
03.08.2021 00:14:22.606,1.35259,1.35243,1,1
03.08.2021 00:14:28.374,1.3525600000000002,1.3524200000000002,1,1
03.08.2021 00:14:43.415,1.35259,1.35243,1,1
03.08.2021 00:14:43.466,1.35261,1.35244,1,1
03.08.2021 00:14:48.252,1.35263,1.35246,1,1
03.08.2021 00:15:01.407,1.3526,1.3524500000000002,1,1
03.08.2021 00:15:01.864,1.35259,1.35244,1,1
03.08.2021 00:15:04.631,1.35258,1.3524100000000001,1,1
03.08.2021 00:15:09.731,1.3525500000000001,1.3524,1,1
03.08.2021 00:15:09.832,1.3525200000000002,1.35237,1,1
03.08.2021 00:15:10.085,1.35254,1.35237,1,1
03.08.2021 00:15:10.236,1.35258,1.35243,1,1
03.08.2021 00:15:10.337,1.35257,1.3524200000000002,1,1
03.08.2021 00:15:15.050,1.35259,1.3524200000000002,1,1
03.08.2021 00:15:15.252,1.3526200000000002,1.3524500000000002,1.12,1
03.08.2021 00:15:15.694,1.35263,1.35246,1,1
03.08.2021 00:15:23.237,1.3526200000000002,1.3524500000000002,1,1
03.08.2021 00:15:23.743,1.35261,1.35244,1,1
03.08.2021 00:15:39.130,1.35261,1.35246,1,1
03.08.2021 00:15:39.282,1.3526,1.35243,1,1
03.08.2021 00:15:49.310,1.3526200000000002,1.3524500000000002,1.5,1
03.08.2021 00:15:49.411,1.3526200000000002,1.35247,1,1
03.08.2021 00:15:49.917,1.35264,1.35249,1,1
03.08.2021 00:15:50.606,1.3526600000000002,1.35251,1,1
03.08.2021 00:15:50.707,1.35269,1.3525200000000002,1,1
03.08.2021 00:15:52.856,1.35269,1.35254,1,1
03.08.2021 00:15:55.233,1.3527200000000001,1.3525500000000001,1,1
03.08.2021 00:16:01.786,1.35273,1.35258,1.5,1
03.08.2021 00:16:02.774,1.3527500000000001,1.35258,1,1
03.08.2021 00:16:08.578,1.35273,1.35258,1,1
03.08.2021 00:16:11.726,1.3527500000000001,1.35257,1,1
03.08.2021 00:16:11.828,1.35273,1.3525600000000002,1,1
03.08.2021 00:16:12.241,1.35271,1.35254,1,1
03.08.2021 00:16:44.482,1.3527200000000001,1.35257,1,1
03.08.2021 00:16:44.735,1.35274,1.35258,1.12,1
03.08.2021 00:16:45.391,1.3527600000000002,1.35259,1,1
03.08.2021 00:16:45.492,1.35274,1.35257,1,1
03.08.2021 00:16:46.674,1.3527500000000001,1.35258,1,1
03.08.2021 00:16:46.775,1.35274,1.35257,1,1
03.08.2021 00:16:50.434,1.3527500000000001,1.35257,1,1
03.08.2021 00:16:56.961,1.3527600000000002,1.35259,1,1
03.08.2021 00:17:10.980,1.35278,1.35261,1,1
03.08.2021 00:17:11.365,1.35279,1.3526200000000002,1.12,1
03.08.2021 00:17:18.771,1.35279,1.35264,2.25,1
03.08.2021 00:17:20.070,1.35279,1.3526200000000002,1,1
03.08.2021 00:17:25.162,1.35278,1.35261,1,1
03.08.2021 00:17:34.754,1.3527500000000001,1.3526,1,1
03.08.2021 00:17:41.541,1.3527500000000001,1.35258,1,1
03.08.2021 00:17:41.642,1.3527,1.3525500000000001,1,1
03.08.2021 00:17:41.844,1.35269,1.35254,1,1
03.08.2021 00:17:44.814,1.3526600000000002,1.35251,1,1
03.08.2021 00:17:45.477,1.35263,1.35248,1,1
03.08.2021 00:17:45.578,1.35259,1.35244,1,1
03.08.2021 00:17:59.480,1.35261,1.35246,1.5,1
03.08.2021 00:17:59.682,1.35263,1.35246,1,1
03.08.2021 00:17:59.898,1.3526600000000002,1.35251,2,1
03.08.2021 00:17:59.949,1.35267,1.3525200000000002,2.25,1
03.08.2021 00:18:05.754,1.3527,1.35253,2.25,1
03.08.2021 00:18:05.855,1.35271,1.35254,1,1
03.08.2021 00:18:05.956,1.35271,1.3525600000000002,1,1
03.08.2021 00:18:06.157,1.35274,1.35257,1,1
03.08.2021 00:18:09.527,1.35274,1.35259,1,1
03.08.2021 00:18:12.576,1.35278,1.35261,1,1
03.08.2021 00:18:12.677,1.35279,1.35264,1.87,1
03.08.2021 00:18:12.778,1.3528,1.35264,1,1
03.08.2021 00:18:13.347,1.3528,1.3526500000000001,1,1
03.08.2021 00:18:13.448,1.35283,1.35267,1.5,1
03.08.2021 00:18:13.549,1.35284,1.3526799999999999,2.25,1
03.08.2021 00:18:26.733,1.3528200000000001,1.3526500000000001,1,1
03.08.2021 00:18:27.356,1.35279,1.35264,1,1.12
03.08.2021 00:18:27.457,1.35279,1.35263,1,1
03.08.2021 00:18:27.875,1.35279,1.3526200000000002,1,1
03.08.2021 00:18:36.596,1.3528,1.35263,1,1
03.08.2021 00:18:37.638,1.35278,1.35263,1,1
03.08.2021 00:18:52.992,1.35278,1.3526200000000002,1,1
03.08.2021 00:18:53.093,1.3527600000000002,1.35259,1,1
03.08.2021 00:18:53.144,1.35273,1.35258,1,1
03.08.2021 00:18:53.322,1.3527500000000001,1.3525600000000002,1,1
03.08.2021 00:18:54.104,1.35271,1.3525600000000002,1,1
03.08.2021 00:19:03.825,1.35269,1.35254,1,1
03.08.2021 00:19:03.926,1.35267,1.3525,1,1
03.08.2021 00:19:06.764,1.35264,1.35249,1,1
03.08.2021 00:19:06.915,1.35263,1.35248,1,1
03.08.2021 00:19:07.066,1.35261,1.35246,1,1
03.08.2021 00:19:07.791,1.3526200000000002,1.35246,1,1
03.08.2021 00:19:07.892,1.3526,1.35243,1,1
03.08.2021 00:19:09.602,1.35258,1.35243,1,1
03.08.2021 00:19:09.703,1.3526,1.35243,1,1
03.08.2021 00:19:17.204,1.35261,1.3524500000000002,1,1
03.08.2021 00:19:17.659,1.3526200000000002,1.35246,1,1
03.08.2021 00:19:19.724,1.3526500000000001,1.35247,1,1
03.08.2021 00:19:20.017,1.3526600000000002,1.35249,1.5,1
03.08.2021 00:19:24.545,1.35259,1.35244,1,1
03.08.2021 00:19:24.646,1.35259,1.35246,1,1
03.08.2021 00:19:24.797,1.35259,1.3524500000000002,1,1
03.08.2021 00:19:25.077,1.35259,1.35246,1,1
03.08.2021 00:19:26.371,1.3526,1.35244,1,2.25
03.08.2021 00:19:39.596,1.35259,1.35244,1,1.12
03.08.2021 00:19:40.298,1.35259,1.3524100000000001,1,2.32
03.08.2021 00:19:40.784,1.3525500000000001,1.3524200000000002,1,2.25
03.08.2021 00:19:40.935,1.35257,1.3524200000000002,1,2.25
03.08.2021 00:19:41.036,1.35261,1.3524,1,3.12
03.08.2021 00:19:41.086,1.35257,1.3524,1,2.37
03.08.2021 00:19:41.187,1.35258,1.3524,1,1.62
03.08.2021 00:19:41.288,1.3525600000000002,1.3524,1,1.12
03.08.2021 00:19:42.173,1.35254,1.3524,1,1
03.08.2021 00:19:42.390,1.35253,1.35239,1,2.25
03.08.2021 00:19:45.824,1.35253,1.35238,1,1
03.08.2021 00:19:45.875,1.35254,1.35239,1,1
03.08.2021 00:19:46.574,1.3525200000000002,1.35237,1,2
03.08.2021 00:19:46.780,1.35254,1.35237,1,1.5
03.08.2021 00:19:46.881,1.35253,1.35236,1,4.32
03.08.2021 00:19:48.029,1.35251,1.3523500000000002,1,3.5
03.08.2021 00:19:48.180,1.3525200000000002,1.35233,1,2.07
03.08.2021 00:19:48.230,1.35249,1.35234,1,1.6
03.08.2021 00:19:48.331,1.3524500000000002,1.35234,1,1.5
03.08.2021 00:19:48.382,1.35247,1.3523200000000002,1,1
03.08.2021 00:19:48.483,1.35247,1.3523100000000001,1,1
03.08.2021 00:19:48.778,1.35248,1.3523100000000001,1,1
03.08.2021 00:19:48.879,1.35248,1.3523200000000002,1,1.1
03.08.2021 00:19:49.743,1.35248,1.3523200000000002,1,1.7
03.08.2021 00:19:51.619,1.3525200000000002,1.3523500000000002,1,1.1
03.08.2021 00:19:51.670,1.35253,1.35237,1,2.32
03.08.2021 00:19:51.771,1.3525200000000002,1.35237,1,2.45
03.08.2021 00:19:53.699,1.3525200000000002,1.35237,1,1.95
03.08.2021 00:20:02.131,1.3525200000000002,1.35237,1,1.62
03.08.2021 00:20:03.181,1.35254,1.35237,1,1.5
03.08.2021 00:20:03.846,1.35254,1.35238,1,1.5
03.08.2021 00:20:04.029,1.35254,1.35238,1,2.37
03.08.2021 00:20:04.181,1.35254,1.35239,1,2.45
03.08.2021 00:20:04.545,1.35257,1.35238,1,3.22
03.08.2021 00:20:04.596,1.35257,1.3524100000000001,1,1
03.08.2021 00:20:05.167,1.3525600000000002,1.35244,1,1
03.08.2021 00:20:06.166,1.35258,1.35243,1,1.12
03.08.2021 00:20:06.217,1.35259,1.35244,1,1.2
03.08.2021 00:20:06.268,1.3526200000000002,1.3524500000000002,1,1.5
03.08.2021 00:20:06.318,1.3526,1.35244,1,1
03.08.2021 00:20:06.443,1.3526,1.3524500000000002,1,1
03.08.2021 00:20:06.631,1.35259,1.35247,1,1
03.08.2021 00:20:07.460,1.35259,1.35246,1,1
03.08.2021 00:20:07.562,1.35259,1.3524500000000002,1,1
03.08.2021 00:20:07.663,1.3526,1.3524500000000002,1,1
03.08.2021 00:20:08.841,1.35261,1.3524500000000002,1,1
03.08.2021 00:20:09.363,1.35261,1.3524500000000002,1,1.7
03.08.2021 00:20:09.471,1.3526600000000002,1.35246,1,1.22
03.08.2021 00:20:11.177,1.35263,1.35248,1,1.2
03.08.2021 00:20:21.128,1.3526200000000002,1.3524500000000002,1,2.85
03.08.2021 00:20:21.229,1.35263,1.35246,1,2.75
03.08.2021 00:20:21.279,1.3526200000000002,1.3524500000000002,1,2.25
03.08.2021 00:20:21.607,1.3526,1.3524500000000002,1,2.25
03.08.2021 00:20:21.709,1.35258,1.35244,1,1
03.08.2021 00:20:21.873,1.3526,1.3524200000000002,1,2.37
03.08.2021 00:20:22.698,1.3526,1.35243,1,1
03.08.2021 00:20:23.694,1.35259,1.35243,1,1
03.08.2021 00:20:24.055,1.35258,1.35243,1,2.37
03.08.2021 00:20:24.558,1.35259,1.3524100000000001,1,1
03.08.2021 00:20:24.609,1.35257,1.3524100000000001,1,1
03.08.2021 00:20:25.427,1.3525600000000002,1.3524100000000001,1,1
03.08.2021 00:20:26.622,1.35254,1.3524100000000001,1,1.62
03.08.2021 00:20:26.881,1.35254,1.3524,1,1.5
03.08.2021 00:20:26.932,1.35253,1.35238,1,2.75
03.08.2021 00:20:27.129,1.35257,1.35237,1,3.12
03.08.2021 00:20:27.442,1.3525200000000002,1.35238,1,1
03.08.2021 00:20:30.596,1.3525200000000002,1.35238,1,2.25
03.08.2021 00:20:30.986,1.3525200000000002,1.35239,1,1
03.08.2021 00:20:31.087,1.35253,1.35239,1,1.5
03.08.2021 00:20:31.238,1.3525600000000002,1.3524,1,1
03.08.2021 00:20:31.339,1.35257,1.3524100000000001,1,1
03.08.2021 00:20:32.204,1.35257,1.3524100000000001,1,1.5
03.08.2021 00:20:32.718,1.3525600000000002,1.3524100000000001,1,1.5
03.08.2021 00:20:33.204,1.3525600000000002,1.3524100000000001,1,1
03.08.2021 00:20:33.330,1.3525500000000001,1.3524100000000001,1,1
03.08.2021 00:20:34.622,1.35257,1.3524,1,2
03.08.2021 00:20:36.742,1.35258,1.35239,1,1.87
03.08.2021 00:20:37.273,1.3525500000000001,1.35239,1,1.12
03.08.2021 00:20:37.872,1.35254,1.35238,1,1.7
03.08.2021 00:20:41.116,1.3525500000000001,1.35238,1,2
03.08.2021 00:20:42.760,1.3525500000000001,1.35238,1,1.5
03.08.2021 00:20:43.494,1.3525200000000002,1.35239,1,1.12
03.08.2021 00:20:43.595,1.35253,1.3523500000000002,1,1.5
03.08.2021 00:20:43.646,1.35246,1.35233,1,1
03.08.2021 00:20:43.697,1.3525,1.3523100000000001,1,1.5
03.08.2021 00:20:43.798,1.35246,1.3523100000000001,1,1
03.08.2021 00:20:43.849,1.35246,1.3523,1,1.5
03.08.2021 00:20:43.950,1.35246,1.35228,1,1.7
03.08.2021 00:20:44.243,1.3524500000000002,1.35229,1,1.7
03.08.2021 00:20:47.755,1.3525,1.3523,1,1.1
03.08.2021 00:20:47.815,1.35247,1.3523100000000001,1,1.1
03.08.2021 00:20:47.917,1.35248,1.3523,1,1.6
03.08.2021 00:20:48.700,1.35249,1.3523200000000002,1,1
03.08.2021 00:20:48.853,1.35248,1.3523200000000002,1,1
03.08.2021 00:20:49.562,1.35248,1.35233,1,1
03.08.2021 00:20:54.645,1.35249,1.35233,1,1.62
03.08.2021 00:20:56.855,1.35251,1.35233,1,1
03.08.2021 00:20:57.007,1.35247,1.3523200000000002,1,2
03.08.2021 00:20:57.209,1.35247,1.3523,1,1.62
03.08.2021 00:21:01.136,1.35248,1.35229,1,2.47
03.08.2021 00:21:01.187,1.3525,1.35229,1,2.47
03.08.2021 00:21:05.121,1.35251,1.3523200000000002,1,1.1
03.08.2021 00:21:05.226,1.35251,1.35234,1,1
03.08.2021 00:21:07.576,1.3525200000000002,1.3523500000000002,1,1.1
03.08.2021 00:21:07.727,1.35254,1.35237,1,1.6
03.08.2021 00:21:07.854,1.3525500000000001,1.35238,1,1
03.08.2021 00:21:07.959,1.35254,1.35239,1,1.5
03.08.2021 00:21:09.302,1.3525500000000001,1.35239,1,1
03.08.2021 00:21:09.681,1.3525500000000001,1.35239,1,1
03.08.2021 00:21:10.140,1.3525500000000001,1.35239,1,1
03.08.2021 00:21:12.154,1.35254,1.35239,1,2
03.08.2021 00:21:13.109,1.35254,1.35239,1,2
03.08.2021 00:21:15.363,1.3525500000000001,1.35238,1,2
03.08.2021 00:21:21.241,1.3525500000000001,1.35238,1,1.12
03.08.2021 00:21:21.342,1.3525200000000002,1.35239,1,1.12
03.08.2021 00:21:22.292,1.3525200000000002,1.35238,1,1
03.08.2021 00:21:22.421,1.3525200000000002,1.35237,1,1
03.08.2021 00:21:26.001,1.35251,1.3523500000000002,1,1.2
03.08.2021 00:21:26.051,1.35249,1.3523100000000001,1,2.37
03.08.2021 00:21:26.202,1.35248,1.3523200000000002,1,1
03.08.2021 00:21:26.404,1.35246,1.3523200000000002,1,1
03.08.2021 00:21:34.787,1.35246,1.35229,1,2.45
03.08.2021 00:21:34.893,1.35247,1.3523,1,1.87
03.08.2021 00:21:34.943,1.35244,1.3523,1,1.12
03.08.2021 00:21:35.247,1.3524200000000002,1.35229,1,1
03.08.2021 00:21:35.621,1.3524,1.35228,1,2
03.08.2021 00:21:35.972,1.3524100000000001,1.35227,1,2.37
03.08.2021 00:21:36.936,1.3524100000000001,1.35227,1,1.87
03.08.2021 00:21:37.037,1.3524,1.35229,1,1
03.08.2021 00:21:50.024,1.3524,1.3523,1,1
03.08.2021 00:21:50.075,1.35244,1.35229,1,1
03.08.2021 00:21:50.602,1.3524500000000002,1.3523,1,1
03.08.2021 00:21:56.500,1.35246,1.35228,1,1
03.08.2021 00:21:56.601,1.3524500000000002,1.35229,1,1
03.08.2021 00:22:02.606,1.35247,1.3523,1,1
03.08.2021 00:22:06.286,1.3524500000000002,1.3523,1,1.12
03.08.2021 00:22:06.766,1.35243,1.35229,1,2.37
03.08.2021 00:22:06.867,1.35243,1.35229,1,1.12
03.08.2021 00:22:11.852,1.35243,1.35228,1,1
03.08.2021 00:22:14.456,1.3524100000000001,1.35229,1,1
03.08.2021 00:22:14.506,1.35239,1.35226,1,1.12
03.08.2021 00:22:14.607,1.35238,1.35224,1,1
03.08.2021 00:22:14.708,1.35238,1.35223,1,1
03.08.2021 00:22:14.759,1.35238,1.3522100000000001,1,1.87
03.08.2021 00:22:15.584,1.35237,1.3522100000000001,1,1.12
03.08.2021 00:22:15.694,1.35237,1.35219,1,3.12
03.08.2021 00:22:16.562,1.35237,1.35219,1,1.12
03.08.2021 00:22:30.764,1.35237,1.3522200000000002,1,1
03.08.2021 00:22:48.150,1.3523500000000002,1.3522100000000001,1,1
03.08.2021 00:22:48.271,1.35234,1.35218,1,1
03.08.2021 00:22:48.553,1.35234,1.3522,1,1
03.08.2021 00:22:48.755,1.35233,1.35219,1,1
03.08.2021 00:22:56.177,1.3523100000000001,1.35217,1,1
03.08.2021 00:22:56.278,1.35229,1.35213,1,1
03.08.2021 00:22:56.379,1.3523,1.35216,1,1
03.08.2021 00:22:56.430,1.35233,1.35216,1,1
03.08.2021 00:23:02.089,1.3523100000000001,1.35215,1,1
03.08.2021 00:23:02.266,1.3523200000000002,1.35216,1,1
03.08.2021 00:23:02.367,1.3523100000000001,1.35215,1,1
03.08.2021 00:23:02.861,1.35229,1.35213,1,1
03.08.2021 00:23:22.561,1.3523100000000001,1.3521400000000001,1,1
03.08.2021 00:23:24.432,1.3523,1.35213,1,1
03.08.2021 00:23:34.965,1.3523,1.35215,1,1
03.08.2021 00:23:35.066,1.35234,1.35217,1,1
03.08.2021 00:23:44.279,1.35236,1.35219,1,1
03.08.2021 00:23:44.430,1.35237,1.3522,1,1
03.08.2021 00:23:48.878,1.35238,1.35223,1.5,1
03.08.2021 00:24:11.232,1.35236,1.3522,1,1
03.08.2021 00:24:27.569,1.35236,1.3522200000000002,1,1
03.08.2021 00:24:32.056,1.35238,1.35224,1,1
03.08.2021 00:24:33.494,1.35239,1.3522500000000002,1,1
03.08.2021 00:24:39.437,1.35243,1.35227,1,1
03.08.2021 00:24:39.589,1.35246,1.35229,1.12,1
03.08.2021 00:24:39.639,1.35246,1.3523200000000002,1.5,1
03.08.2021 00:24:39.790,1.35248,1.3523100000000001,1,1
03.08.2021 00:24:40.246,1.35249,1.35233,1,1
03.08.2021 00:24:41.010,1.3525,1.35234,1,1
03.08.2021 00:24:41.111,1.35253,1.35238,1,1
03.08.2021 00:24:41.212,1.35254,1.35238,1,1
03.08.2021 00:24:46.771,1.3525200000000002,1.3523500000000002,1,2.37
03.08.2021 00:24:47.543,1.35253,1.35238,1,1
03.08.2021 00:24:54.277,1.3525500000000001,1.35238,1,1
03.08.2021 00:25:03.065,1.35254,1.35237,1,1.5
03.08.2021 00:25:03.217,1.35253,1.35236,1,1.12
03.08.2021 00:25:04.189,1.35251,1.35234,1,1
03.08.2021 00:25:04.663,1.35249,1.35234,1,1
03.08.2021 00:25:06.498,1.35246,1.3523100000000001,1,3
03.08.2021 00:25:06.549,1.35248,1.3523200000000002,1,1
03.08.2021 00:25:07.050,1.35247,1.3523,1,1.12
03.08.2021 00:25:07.247,1.35246,1.35229,1,1.12
03.08.2021 00:25:23.334,1.35248,1.3523100000000001,1,1
03.08.2021 00:25:30.344,1.3525,1.35233,1,1
03.08.2021 00:25:31.584,1.35247,1.3523200000000002,1,1
03.08.2021 00:25:31.685,1.35247,1.3523100000000001,1,1
03.08.2021 00:25:36.067,1.3524500000000002,1.35228,1,1.5
03.08.2021 00:25:36.617,1.35243,1.35228,1,1.12
03.08.2021 00:25:54.831,1.35243,1.35227,1,1
03.08.2021 00:25:59.186,1.35244,1.35229,1,1
03.08.2021 00:25:59.933,1.35243,1.35227,1,1.12
03.08.2021 00:26:09.152,1.3524200000000002,1.35227,1,1
03.08.2021 00:26:09.202,1.3524200000000002,1.3522500000000002,1,2.62
03.08.2021 00:26:09.303,1.3524,1.3522500000000002,1,2
03.08.2021 00:26:09.404,1.3524100000000001,1.35224,1,1
03.08.2021 00:26:09.659,1.35239,1.35224,1,1
03.08.2021 00:26:09.710,1.35238,1.3522100000000001,1,1.5
03.08.2021 00:26:09.862,1.35238,1.3522100000000001,1,1
03.08.2021 00:26:13.440,1.35237,1.3522100000000001,1,1
03.08.2021 00:26:13.542,1.35238,1.35219,1,1
03.08.2021 00:26:19.285,1.35237,1.35218,1,1.12
03.08.2021 00:26:20.941,1.3523500000000002,1.35218,1,1
03.08.2021 00:26:21.912,1.35234,1.35218,1,2.25
03.08.2021 00:26:43.173,1.35233,1.35216,1,1.12
03.08.2021 00:27:09.653,1.3523500000000002,1.35217,1,1
03.08.2021 00:27:17.969,1.35236,1.35219,1,1
03.08.2021 00:27:18.072,1.3524,1.35223,1,1
03.08.2021 00:27:19.097,1.3524100000000001,1.35226,1,1
03.08.2021 00:27:22.849,1.3524200000000002,1.35227,1,1
03.08.2021 00:27:25.420,1.35243,1.3522500000000002,1,1.5
03.08.2021 00:27:26.064,1.3524100000000001,1.35224,1,1.31
03.08.2021 00:27:27.470,1.3524100000000001,1.3522200000000002,1,1
03.08.2021 00:27:29.668,1.35239,1.3522200000000002,1,1
03.08.2021 00:27:29.769,1.35238,1.3522100000000001,1,1
03.08.2021 00:27:29.924,1.35237,1.3522100000000001,1,1.5
03.08.2021 00:27:34.556,1.3524100000000001,1.35224,1,1
03.08.2021 00:27:34.707,1.3524100000000001,1.3522200000000002,1,3.12
03.08.2021 00:27:34.959,1.3524200000000002,1.3522500000000002,1,1
03.08.2021 00:27:36.072,1.3524200000000002,1.35227,1,1
03.08.2021 00:27:36.173,1.3524,1.3522500000000002,1,1.1
03.08.2021 00:27:36.395,1.35243,1.3522500000000002,1,1
03.08.2021 00:27:36.586,1.3524100000000001,1.35226,1,1
03.08.2021 00:27:55.028,1.3524100000000001,1.3522500000000002,1,1
03.08.2021 00:27:55.129,1.3524,1.3522500000000002,1,1
03.08.2021 00:28:16.743,1.3524,1.35224,1,1.5
03.08.2021 00:28:20.530,1.35239,1.35223,1,1
03.08.2021 00:28:22.457,1.35239,1.3522200000000002,1,1
03.08.2021 00:28:24.743,1.35238,1.3522200000000002,1,2.37
03.08.2021 00:28:28.173,1.35238,1.35223,1,1
03.08.2021 00:28:28.274,1.35238,1.35224,1,2.45
03.08.2021 00:28:28.325,1.3524100000000001,1.35224,1,2.7
03.08.2021 00:28:28.427,1.3524100000000001,1.35226,1,1.5
03.08.2021 00:28:28.611,1.3524100000000001,1.35226,1,2
03.08.2021 00:28:28.716,1.3524200000000002,1.35226,1,2.82
03.08.2021 00:28:30.164,1.35243,1.35226,1,2.82
03.08.2021 00:28:30.367,1.35244,1.35226,1,1
03.08.2021 00:28:30.674,1.3524500000000002,1.35227,1,3
03.08.2021 00:28:31.553,1.3524200000000002,1.35228,1,1.87
03.08.2021 00:28:32.268,1.3524100000000001,1.35227,1,1
03.08.2021 00:28:32.370,1.3524,1.35226,1,2.37
03.08.2021 00:28:32.574,1.3524,1.35226,1,2.25
03.08.2021 00:28:32.675,1.3524,1.3522500000000002,1,2.25
03.08.2021 00:28:33.519,1.35237,1.3522500000000002,1,2.37
03.08.2021 00:28:34.020,1.3524,1.35224,1,2.37
03.08.2021 00:28:40.581,1.3524,1.3522500000000002,1,1
03.08.2021 00:28:40.735,1.3524,1.35224,1,1
03.08.2021 00:28:44.891,1.3524,1.3522500000000002,1,1
03.08.2021 00:28:46.453,1.3524,1.35226,1,1
03.08.2021 00:28:46.554,1.3524200000000002,1.35226,1,1.12
03.08.2021 00:28:50.101,1.3524200000000002,1.35227,1,1.5
03.08.2021 00:28:53.135,1.35243,1.35226,1,1
03.08.2021 00:28:53.958,1.3524,1.35227,1,1
03.08.2021 00:28:54.615,1.35243,1.35226,1,1
03.08.2021 00:28:55.097,1.35243,1.35226,1,1
03.08.2021 00:28:56.089,1.3524500000000002,1.35227,1,1.5
03.08.2021 00:28:56.190,1.35246,1.35227,1,2
03.08.2021 00:28:56.291,1.35248,1.3523,1,1
03.08.2021 00:28:56.636,1.3525,1.35233,1,1
03.08.2021 00:28:56.737,1.35251,1.35234,1,1
03.08.2021 00:28:57.750,1.3525,1.3523500000000002,1,1.62
03.08.2021 00:29:09.609,1.3525200000000002,1.35237,1,1
03.08.2021 00:29:11.343,1.3525200000000002,1.35238,1,1
03.08.2021 00:29:18.161,1.35253,1.35236,1,1.12
03.08.2021 00:29:18.211,1.35253,1.35238,1,1.5
03.08.2021 00:29:18.262,1.35258,1.3524100000000001,1,1
03.08.2021 00:29:18.363,1.3525500000000001,1.35239,1,1
03.08.2021 00:29:18.630,1.3525600000000002,1.3524100000000001,1,1
03.08.2021 00:29:19.102,1.35259,1.35244,1,1
03.08.2021 00:29:25.059,1.3526200000000002,1.3524500000000002,1,2
03.08.2021 00:29:26.527,1.35261,1.35246,1,1.12
03.08.2021 00:29:27.445,1.35261,1.35246,1,1.62
03.08.2021 00:29:34.743,1.35261,1.35246,1,1.62
03.08.2021 00:29:35.184,1.3526200000000002,1.3524500000000002,1,1.5
03.08.2021 00:29:35.386,1.35259,1.35244,1,3.5
03.08.2021 00:29:35.892,1.35258,1.35243,1,2.37
03.08.2021 00:29:35.993,1.35258,1.35243,1,1
03.08.2021 00:29:36.536,1.35257,1.3524100000000001,1,3.37
03.08.2021 00:29:42.612,1.35259,1.35244,1,1
03.08.2021 00:29:43.531,1.35261,1.35244,1,1
03.08.2021 00:29:59.531,1.3526,1.3524500000000002,1,1.5
03.08.2021 00:30:00.110,1.35261,1.35246,1,1.12
03.08.2021 00:30:02.400,1.35259,1.3524200000000002,1,3.87
03.08.2021 00:30:02.601,1.35259,1.3524,1,2
03.08.2021 00:30:02.894,1.35259,1.35239,1,1.5
03.08.2021 00:30:02.944,1.35257,1.35238,1,2
03.08.2021 00:30:03.045,1.3525600000000002,1.35239,1,1
03.08.2021 00:30:03.146,1.3525500000000001,1.35238,1,1.5
03.08.2021 00:30:03.247,1.35254,1.35237,1,1
03.08.2021 00:30:05.112,1.3525500000000001,1.35237,1,1.12
03.08.2021 00:30:05.757,1.35254,1.35236,1,1.5
03.08.2021 00:30:05.966,1.35253,1.35237,1,1
03.08.2021 00:30:07.107,1.3525500000000001,1.35237,1,1
03.08.2021 00:30:07.851,1.3525500000000001,1.35239,1,1.5
03.08.2021 00:30:18.425,1.3525600000000002,1.3524,1,1
03.08.2021 00:30:18.578,1.35258,1.3524,1,1
03.08.2021 00:30:20.461,1.35257,1.3524200000000002,1,1
03.08.2021 00:30:22.533,1.35259,1.35243,1,1
03.08.2021 00:30:22.634,1.35258,1.3524100000000001,1,1.5
03.08.2021 00:30:27.876,1.35258,1.35239,1,2.37
03.08.2021 00:30:28.115,1.35259,1.3524100000000001,1,1
03.08.2021 00:30:34.930,1.35257,1.3524100000000001,1,1
03.08.2021 00:30:38.692,1.35259,1.35243,1,1
03.08.2021 00:30:38.843,1.3526,1.35243,1,1
03.08.2021 00:30:49.800,1.3526,1.35243,1,1.5
03.08.2021 00:31:03.881,1.35259,1.35244,1,1.12
03.08.2021 00:31:21.798,1.35258,1.35243,1,1.62
03.08.2021 00:31:22.446,1.3526,1.3524200000000002,1,1.62
03.08.2021 00:31:26.162,1.35258,1.35243,1,1
03.08.2021 00:31:26.263,1.35257,1.3524200000000002,1,2.75
03.08.2021 00:31:26.364,1.3525500000000001,1.3524200000000002,1,2
03.08.2021 00:31:26.414,1.35258,1.35243,1,1.5
03.08.2021 00:31:26.668,1.35257,1.3524100000000001,1,2
03.08.2021 00:31:26.769,1.35258,1.35243,1,1.5
03.08.2021 00:31:27.245,1.35259,1.3524200000000002,1,1
03.08.2021 00:31:36.055,1.35259,1.3524500000000002,1,1
03.08.2021 00:31:36.105,1.35258,1.35243,1,2.37
03.08.2021 00:31:36.206,1.35259,1.35244,1,1.12
03.08.2021 00:31:36.314,1.3526,1.35243,1,1.62
03.08.2021 00:31:39.229,1.35259,1.35246,1,1
03.08.2021 00:31:39.573,1.35259,1.35246,1,1.5
03.08.2021 00:31:42.722,1.3526200000000002,1.35246,1,1.5
03.08.2021 00:31:43.009,1.35261,1.35248,1,1
03.08.2021 00:31:43.110,1.35261,1.35247,1,1
03.08.2021 00:31:43.211,1.35261,1.35247,1,1
03.08.2021 00:31:58.298,1.3526200000000002,1.35246,1,1.62
03.08.2021 00:32:08.676,1.35267,1.3525200000000002,1,1
03.08.2021 00:32:08.777,1.35269,1.3525200000000002,1,1
03.08.2021 00:32:08.827,1.35269,1.35254,1,1
03.08.2021 00:32:08.928,1.35269,1.35254,1,1
03.08.2021 00:32:11.378,1.3526799999999999,1.3525200000000002,1,1
03.08.2021 00:32:11.529,1.35267,1.3525200000000002,1,1.12
03.08.2021 00:32:11.688,1.35267,1.3525,1,1
03.08.2021 00:32:11.789,1.3526600000000002,1.35251,1,1
03.08.2021 00:32:16.641,1.3526799999999999,1.3525200000000002,1,1
03.08.2021 00:32:20.578,1.35271,1.35253,1,1
03.08.2021 00:32:21.422,1.35271,1.35253,1,1.62
03.08.2021 00:32:21.928,1.3527200000000001,1.3525500000000001,1,1
03.08.2021 00:32:22.079,1.3527200000000001,1.3525500000000001,1,2
03.08.2021 00:32:22.193,1.35273,1.3525600000000002,1,1.62
03.08.2021 00:32:23.029,1.35273,1.3525600000000002,1,1.5
03.08.2021 00:32:23.130,1.35271,1.3525600000000002,1,1.5
03.08.2021 00:32:23.678,1.3527,1.3525500000000001,1,1
03.08.2021 00:32:23.729,1.3526799999999999,1.3525500000000001,1,1
03.08.2021 00:32:23.780,1.3526799999999999,1.35254,1,1
03.08.2021 00:32:31.741,1.35269,1.3525200000000002,1,1.5
03.08.2021 00:32:31.842,1.35269,1.3525,1,1.62
03.08.2021 00:32:31.943,1.3526799999999999,1.3525,1,1
03.08.2021 00:32:31.994,1.3527,1.3525200000000002,1,1
03.08.2021 00:32:32.521,1.35269,1.3525,1,1.12
03.08.2021 00:32:32.622,1.35269,1.35251,1,1
03.08.2021 00:32:36.898,1.35267,1.3525,1,1.62
03.08.2021 00:32:38.794,1.3526799999999999,1.3525200000000002,1,1
03.08.2021 00:32:39.397,1.3526600000000002,1.35249,1,1
03.08.2021 00:32:39.498,1.35264,1.35248,1,2
03.08.2021 00:32:39.599,1.3526500000000001,1.35247,1,2
03.08.2021 00:32:39.901,1.35263,1.35248,1,1.12
03.08.2021 00:32:43.297,1.35263,1.35247,1,1.12
03.08.2021 00:32:43.477,1.35263,1.3524500000000002,1,1
03.08.2021 00:32:43.617,1.35263,1.3524500000000002,1,1
03.08.2021 00:32:43.940,1.35263,1.35244,1,1.5
03.08.2021 00:32:44.352,1.3526200000000002,1.3524500000000002,1,1.62
03.08.2021 00:32:45.442,1.35263,1.35247,1,1.12
03.08.2021 00:32:45.715,1.35263,1.35248,1,1
03.08.2021 00:32:47.528,1.35264,1.35246,1,1.12
03.08.2021 00:32:50.839,1.35263,1.35248,1,1
03.08.2021 00:32:57.133,1.35264,1.35248,1,1.12
03.08.2021 00:33:29.242,1.35264,1.35248,1,1.62
03.08.2021 00:33:29.688,1.3526500000000001,1.3525,1,1
03.08.2021 00:33:34.074,1.35267,1.3525,1,1
03.08.2021 00:33:34.225,1.3526600000000002,1.35253,1,1
03.08.2021 00:33:34.276,1.35269,1.3525200000000002,1,1
03.08.2021 00:33:34.378,1.35269,1.35254,1,1.25
03.08.2021 00:33:34.479,1.35273,1.35257,1,1
03.08.2021 00:33:34.661,1.35273,1.35258,1,1
03.08.2021 00:33:37.916,1.35273,1.35258,1,2
03.08.2021 00:33:44.444,1.35274,1.35257,1,1.5
03.08.2021 00:33:44.644,1.35274,1.35257,1,2
03.08.2021 00:33:48.310,1.35274,1.35257,1.12,1
03.08.2021 00:33:48.360,1.3527,1.3525600000000002,1,1
03.08.2021 00:33:48.462,1.35267,1.35253,1,1
03.08.2021 00:33:48.563,1.35267,1.3525200000000002,1,1
03.08.2021 00:33:52.898,1.3527,1.3525200000000002,1,1
03.08.2021 00:33:52.999,1.3527,1.35254,1,1
03.08.2021 00:33:57.782,1.3527,1.3525500000000001,1,1
03.08.2021 00:33:58.318,1.3527200000000001,1.3525500000000001,1,1
03.08.2021 00:33:59.738,1.3527200000000001,1.35257,1,1
03.08.2021 00:33:59.839,1.3527500000000001,1.35258,1,1
03.08.2021 00:34:00.411,1.35274,1.35257,1,1.12
03.08.2021 00:34:00.621,1.3527200000000001,1.35257,1,1
03.08.2021 00:34:00.873,1.35273,1.3525600000000002,1,1.12
03.08.2021 00:34:01.865,1.35273,1.3525500000000001,1,2.62
03.08.2021 00:34:04.250,1.3527200000000001,1.3525600000000002,1,2.75
03.08.2021 00:34:11.239,1.35273,1.3525600000000002,1,1
03.08.2021 00:34:15.994,1.3527200000000001,1.3525500000000001,1,1.62
03.08.2021 00:34:16.095,1.35271,1.3525500000000001,1,1
03.08.2021 00:34:16.146,1.3527200000000001,1.3525600000000002,1,1.62
03.08.2021 00:34:16.438,1.35271,1.3525600000000002,1,1.62
03.08.2021 00:34:17.073,1.35271,1.3525600000000002,1,1.12
03.08.2021 00:34:19.418,1.3527200000000001,1.35254,1,1.5
03.08.2021 00:34:27.038,1.3527200000000001,1.3525500000000001,1,1
03.08.2021 00:34:28.198,1.35271,1.3525600000000002,1,2
03.08.2021 00:34:39.243,1.3527200000000001,1.3525600000000002,1,1
03.08.2021 00:34:40.576,1.35273,1.35258,1,1.5
03.08.2021 00:34:40.677,1.35273,1.35258,1,1.5
03.08.2021 00:34:42.021,1.35273,1.35257,1,1
03.08.2021 00:34:48.112,1.35273,1.35258,1,1.5
03.08.2021 00:34:51.511,1.35273,1.3525600000000002,1,2.75
03.08.2021 00:34:51.660,1.35273,1.35257,1,1
03.08.2021 00:34:53.069,1.3527200000000001,1.35257,1,1
03.08.2021 00:35:01.482,1.35269,1.35258,1,1
03.08.2021 00:35:01.896,1.35269,1.3525500000000001,1,1
03.08.2021 00:35:01.947,1.3526600000000002,1.35251,1,1.77
03.08.2021 00:35:01.998,1.3526799999999999,1.35251,1,2.37
03.08.2021 00:35:02.515,1.3526600000000002,1.35251,1,1.62
03.08.2021 00:35:05.108,1.3526799999999999,1.3525200000000002,1,1
03.08.2021 00:35:06.025,1.35267,1.35253,1,1
03.08.2021 00:35:06.271,1.35269,1.35253,1,1
03.08.2021 00:35:06.372,1.3527,1.3525500000000001,1,1
03.08.2021 00:35:06.607,1.35271,1.35254,1,1.5
03.08.2021 00:35:07.748,1.3527,1.3525500000000001,1,1.12
03.08.2021 00:35:10.038,1.35269,1.35253,1,1.5
03.08.2021 00:35:11.458,1.35271,1.35254,1,1.12
03.08.2021 00:35:12.107,1.35271,1.35254,1,1.5
03.08.2021 00:35:12.208,1.3527200000000001,1.3525500000000001,1,1.5
03.08.2021 00:35:30.602,1.35273,1.3525500000000001,1,2.75
03.08.2021 00:35:30.754,1.35273,1.3525600000000002,1,1.5
03.08.2021 00:35:58.604,1.35274,1.35257,1,1
03.08.2021 00:35:58.715,1.35274,1.35259,1,1.12
03.08.2021 00:35:59.079,1.3527500000000001,1.35258,1,1.62
03.08.2021 00:36:01.370,1.35273,1.35257,1,1
03.08.2021 00:36:01.471,1.35273,1.35257,1,1
03.08.2021 00:36:02.075,1.35273,1.35257,1,1
03.08.2021 00:36:02.226,1.3527200000000001,1.35258,1,1
03.08.2021 00:36:02.442,1.3527200000000001,1.35258,1,1
03.08.2021 00:36:02.598,1.3527200000000001,1.35257,1,1
03.08.2021 00:36:02.699,1.35273,1.3525600000000002,1,1
03.08.2021 00:36:02.800,1.3527200000000001,1.3525500000000001,1,1.62
03.08.2021 00:36:03.063,1.35271,1.3525600000000002,1,1.5
03.08.2021 00:36:05.145,1.3527,1.35254,1,1
03.08.2021 00:36:05.246,1.3526600000000002,1.3525200000000002,1,1
03.08.2021 00:36:05.348,1.35267,1.3525200000000002,1,1
03.08.2021 00:36:05.449,1.35267,1.3525200000000002,1,2.75
03.08.2021 00:36:09.342,1.35269,1.35253,1,1.62
03.08.2021 00:36:11.492,1.3526799999999999,1.35251,1,2.75
03.08.2021 00:36:12.040,1.3526799999999999,1.3525200000000002,1,2.75
03.08.2021 00:36:12.303,1.35267,1.3525200000000002,1,2.75
03.08.2021 00:36:14.860,1.35269,1.3525200000000002,1,1.12
03.08.2021 00:36:15.147,1.35267,1.3525200000000002,1,2.25
03.08.2021 00:36:15.904,1.3526799999999999,1.35251,1,2.75
03.08.2021 00:36:16.145,1.3526600000000002,1.35251,1,2
03.08.2021 00:36:16.247,1.3526799999999999,1.35251,1,2.75
03.08.2021 00:36:22.184,1.35267,1.3525200000000002,1,2.75
03.08.2021 00:36:22.235,1.35269,1.35254,1,1.12
03.08.2021 00:36:27.581,1.3526799999999999,1.35251,1,2.75
03.08.2021 00:36:30.266,1.35267,1.3525200000000002,1,2.75
03.08.2021 00:36:33.106,1.3527,1.35253,1,1
03.08.2021 00:36:33.722,1.35267,1.3525200000000002,1,2.75
03.08.2021 00:36:49.336,1.3526799999999999,1.35251,1,3.5
03.08.2021 00:36:56.127,1.35267,1.35253,1,1.12
03.08.2021 00:36:57.675,1.3526799999999999,1.35253,1,1.87
03.08.2021 00:36:58.349,1.3526799999999999,1.35253,1,2
03.08.2021 00:36:59.233,1.3527,1.3525600000000002,1,1
03.08.2021 00:36:59.335,1.35271,1.35259,1,1
03.08.2021 00:36:59.436,1.3527200000000001,1.3525600000000002,1,1
03.08.2021 00:36:59.636,1.35273,1.35258,1,1.12
03.08.2021 00:36:59.737,1.35274,1.35258,1,1
03.08.2021 00:36:59.846,1.35273,1.35258,1,1.12
03.08.2021 00:36:59.954,1.35274,1.35258,1,1
03.08.2021 00:37:18.115,1.35273,1.3526,1,1
03.08.2021 00:37:18.216,1.3527600000000002,1.3526,1,2
03.08.2021 00:37:22.490,1.3527500000000001,1.3526,1,1
03.08.2021 00:37:29.569,1.3527500000000001,1.35261,1,1
03.08.2021 00:37:30.743,1.3527500000000001,1.3526,1,1.62
03.08.2021 00:37:33.680,1.35278,1.35261,1,1
03.08.2021 00:37:34.487,1.3528,1.35263,1,1
03.08.2021 00:37:49.137,1.35278,1.35261,1,3.12
03.08.2021 00:37:49.238,1.35278,1.35261,1,1.12
03.08.2021 00:37:49.344,1.3527600000000002,1.35261,1,2.25
03.08.2021 00:37:51.540,1.35278,1.35261,1,1
03.08.2021 00:38:08.566,1.35277,1.35263,1,1
03.08.2021 00:38:08.667,1.3528,1.35263,1,1
03.08.2021 00:38:08.768,1.35281,1.35264,1,1
03.08.2021 00:38:09.136,1.3528,1.3526500000000001,1,2.37
03.08.2021 00:38:09.863,1.3528,1.3526600000000002,1,1
03.08.2021 00:38:16.177,1.3528200000000001,1.35267,1,1.5
03.08.2021 00:38:16.286,1.35283,1.3526799999999999,1,1.12
03.08.2021 00:38:16.918,1.35283,1.3526799999999999,1,1.5
03.08.2021 00:38:18.463,1.3528200000000001,1.35267,1,1.5
03.08.2021 00:38:18.923,1.35283,1.3526600000000002,1,1.5
03.08.2021 00:38:19.906,1.3528200000000001,1.35267,1,1.12
03.08.2021 00:39:00.078,1.35283,1.3526600000000002,1,1.5
03.08.2021 00:39:05.075,1.3528200000000001,1.35267,1,1.12
03.08.2021 00:39:08.735,1.35279,1.3526600000000002,1,1
03.08.2021 00:39:08.836,1.3527600000000002,1.35261,1,1.5
03.08.2021 00:39:08.887,1.3527500000000001,1.3526200000000002,1,1
03.08.2021 00:39:08.938,1.35277,1.3526200000000002,1,1.5
03.08.2021 00:39:08.989,1.3527500000000001,1.3526200000000002,1,1
03.08.2021 00:39:09.173,1.3527500000000001,1.3526,1,1.5
03.08.2021 00:39:09.648,1.3527600000000002,1.35261,1,2.62
03.08.2021 00:39:17.353,1.3527600000000002,1.3526,1,1.12
03.08.2021 00:39:19.452,1.3527500000000001,1.3526,1,1.5
03.08.2021 00:39:20.511,1.3527600000000002,1.35261,1,1
03.08.2021 00:39:20.756,1.3527500000000001,1.35258,1,1.5
03.08.2021 00:39:21.183,1.3527500000000001,1.35258,1,1.5
03.08.2021 00:39:21.435,1.35277,1.3526,1,1.12
03.08.2021 00:40:08.397,1.35278,1.35261,1,1
03.08.2021 00:40:08.498,1.35279,1.35264,1,1
03.08.2021 00:40:08.599,1.3528,1.3526500000000001,1,1
03.08.2021 00:40:08.700,1.35283,1.3526600000000002,1,1
03.08.2021 00:40:08.918,1.3528200000000001,1.35267,1,1.5
03.08.2021 00:40:09.632,1.35285,1.3526799999999999,1,1
03.08.2021 00:40:37.968,1.35285,1.35269,1,1
03.08.2021 00:40:38.069,1.35289,1.3527200000000001,1,1
03.08.2021 00:40:39.910,1.3528700000000002,1.3527200000000001,1,1.6
03.08.2021 00:40:40.064,1.3528700000000002,1.3527200000000001,1,1.57
03.08.2021 00:40:43.237,1.3528600000000002,1.3527,1,1.5
03.08.2021 00:40:48.425,1.3528600000000002,1.3527,1,1
03.08.2021 00:40:58.836,1.35285,1.35271,1,1
03.08.2021 00:40:58.952,1.35284,1.3526799999999999,1,1.5
03.08.2021 00:40:59.054,1.35283,1.35267,1,2
03.08.2021 00:40:59.155,1.3528200000000001,1.3526799999999999,1,1.5
03.08.2021 00:41:04.318,1.3528200000000001,1.3526600000000002,1,1.5
03.08.2021 00:41:04.419,1.35281,1.35267,1,1.12
03.08.2021 00:41:06.629,1.35283,1.3526600000000002,1,1.87
03.08.2021 00:41:08.656,1.3528200000000001,1.3526600000000002,1,1.5
03.08.2021 00:41:09.606,1.3528200000000001,1.3526500000000001,1,1.5
03.08.2021 00:41:14.098,1.3528200000000001,1.3526799999999999,1,1
03.08.2021 00:41:22.567,1.35284,1.35269,1,1
03.08.2021 00:41:29.940,1.3528600000000002,1.3527,1,1
03.08.2021 00:41:36.554,1.35285,1.3527200000000001,1,1.62
03.08.2021 00:41:36.605,1.35291,1.3527600000000002,1,1
03.08.2021 00:41:41.720,1.35293,1.35277,1,1
03.08.2021 00:42:11.192,1.35294,1.35279,1,1
03.08.2021 00:42:14.438,1.35295,1.35281,1,1.5
03.08.2021 00:42:14.489,1.35298,1.35283,1,1
03.08.2021 00:42:14.540,1.35295,1.35281,1,2
03.08.2021 00:42:14.718,1.35294,1.3528,1,3.12
03.08.2021 00:42:14.768,1.35293,1.35279,1,1
03.08.2021 00:42:14.869,1.35294,1.35277,1,1.12
03.08.2021 00:42:15.490,1.35291,1.3527600000000002,1,1.62
03.08.2021 00:42:16.173,1.35291,1.3527600000000002,1,1.5
03.08.2021 00:42:21.338,1.3529200000000001,1.35274,1,1.12
03.08.2021 00:42:21.439,1.3529,1.35273,1,1
03.08.2021 00:42:21.541,1.3529,1.3527200000000001,1,1
03.08.2021 00:42:21.841,1.3528700000000002,1.3527200000000001,1,1.5
03.08.2021 00:42:21.942,1.3528700000000002,1.35269,1,1
03.08.2021 00:42:22.043,1.35288,1.35271,1,1
03.08.2021 00:42:22.144,1.3528600000000002,1.35269,1,1
03.08.2021 00:42:22.472,1.35285,1.35267,1,1
03.08.2021 00:42:22.960,1.35281,1.3526600000000002,1,1
03.08.2021 00:42:25.885,1.35281,1.35264,1,1.62
03.08.2021 00:42:25.986,1.35279,1.35263,1,1.62
03.08.2021 00:42:26.087,1.35279,1.35263,1,1.5
03.08.2021 00:42:26.785,1.35279,1.35261,1,1.5
03.08.2021 00:42:34.671,1.35279,1.35264,1,1
03.08.2021 00:42:40.924,1.35279,1.35263,1,1
03.08.2021 00:42:41.071,1.3528,1.3526500000000001,1,1
03.08.2021 00:42:41.367,1.35278,1.35263,1,1.5
03.08.2021 00:42:45.449,1.3528,1.3526500000000001,1,1
03.08.2021 00:43:30.793,1.35277,1.3526200000000002,1,1
03.08.2021 00:44:12.335,1.3527500000000001,1.3526,1,1.5
03.08.2021 00:44:15.355,1.35278,1.35263,1,1
03.08.2021 00:44:18.543,1.35277,1.3526,1,1.12
03.08.2021 00:44:20.794,1.35278,1.35263,1,1
03.08.2021 00:44:21.247,1.3527600000000002,1.35261,1,1.5
03.08.2021 00:44:21.398,1.35274,1.35259,1,1
03.08.2021 00:44:21.499,1.35273,1.3525600000000002,1,1.87
03.08.2021 00:44:21.600,1.35271,1.3525600000000002,1,1
03.08.2021 00:44:21.701,1.3526799999999999,1.3525200000000002,1,1.5
03.08.2021 00:44:21.802,1.35269,1.35253,1,1
03.08.2021 00:44:21.853,1.3527200000000001,1.35254,1,1
03.08.2021 00:44:21.954,1.35269,1.35251,1,1
03.08.2021 00:44:22.206,1.3526600000000002,1.35249,1,1
03.08.2021 00:44:29.346,1.35264,1.35249,1,1.5
03.08.2021 00:44:34.262,1.35267,1.3525,1,1
03.08.2021 00:44:34.661,1.35264,1.35249,1,1.5
03.08.2021 00:44:43.877,1.3526799999999999,1.3525,1,1
03.08.2021 00:44:43.978,1.35264,1.35249,1,2.37
03.08.2021 00:44:44.079,1.3526799999999999,1.35253,1,1
03.08.2021 00:44:45.082,1.35271,1.35254,1,1
03.08.2021 00:44:45.434,1.35273,1.3525600000000002,1,1
03.08.2021 00:44:45.535,1.3527500000000001,1.35258,1,1
03.08.2021 00:44:45.642,1.3527600000000002,1.35261,1,1
03.08.2021 00:44:45.794,1.35278,1.35263,1,1
03.08.2021 00:44:59.480,1.35281,1.3526600000000002,1,1
03.08.2021 00:45:05.425,1.3528,1.35264,1,1
03.08.2021 00:45:05.876,1.35278,1.35263,1,1.5
03.08.2021 00:45:23.424,1.35277,1.3526,1,1.62
03.08.2021 00:45:26.244,1.35277,1.3526,1,1
03.08.2021 00:45:39.518,1.3527500000000001,1.35258,1,1.62
03.08.2021 00:45:39.619,1.35273,1.35257,1,1.5
03.08.2021 00:45:39.720,1.35271,1.35254,1,1.5
03.08.2021 00:45:39.771,1.35269,1.35254,1,1
03.08.2021 00:45:40.093,1.35269,1.3525200000000002,1,2
03.08.2021 00:45:42.381,1.3526799999999999,1.3525,1,1.5
03.08.2021 00:45:42.482,1.3526500000000001,1.3524500000000002,1,2.37
03.08.2021 00:45:42.583,1.3526200000000002,1.35246,1,1
03.08.2021 00:45:42.683,1.3526200000000002,1.3524500000000002,1,1
03.08.2021 00:45:43.429,1.3526,1.35244,1,1.12
03.08.2021 00:45:43.551,1.35259,1.35244,1,1.12
03.08.2021 00:45:48.474,1.35259,1.3524100000000001,1,1.5
03.08.2021 00:45:48.525,1.35259,1.3524100000000001,1,1
03.08.2021 00:46:02.006,1.35258,1.3524100000000001,1,1.12
03.08.2021 00:46:02.057,1.35257,1.35239,1,1.62
03.08.2021 00:46:02.208,1.3525600000000002,1.35239,1,1
03.08.2021 00:46:02.309,1.35254,1.35239,1,1
03.08.2021 00:46:02.443,1.35253,1.35238,1,2.37
03.08.2021 00:46:03.110,1.35253,1.35238,1,2.37
03.08.2021 00:46:03.211,1.35254,1.35237,1,1.87
03.08.2021 00:46:05.730,1.3525500000000001,1.35239,1,1
03.08.2021 00:46:05.958,1.3525600000000002,1.3524100000000001,1,1
03.08.2021 00:46:31.391,1.35257,1.3524200000000002,1,1
03.08.2021 00:46:49.110,1.3525600000000002,1.35239,1,1
03.08.2021 00:47:02.813,1.35254,1.35237,1,1.62
03.08.2021 00:47:02.863,1.3525500000000001,1.3524,1,1
03.08.2021 00:47:12.890,1.35258,1.3524100000000001,1,1
03.08.2021 00:47:31.656,1.3525500000000001,1.35238,1,1
03.08.2021 00:47:31.757,1.3525600000000002,1.35239,1,1
03.08.2021 00:47:31.908,1.35257,1.35239,1,1
03.08.2021 00:47:38.794,1.35258,1.35239,1.5,1
03.08.2021 00:47:39.019,1.35257,1.3524,1.62,1
03.08.2021 00:47:39.530,1.35258,1.35239,1.62,1
03.08.2021 00:47:40.535,1.35257,1.3524,1.62,1
03.08.2021 00:47:54.744,1.3525600000000002,1.3524,1,1
03.08.2021 00:48:02.244,1.35258,1.35239,1.62,1
03.08.2021 00:48:04.632,1.35258,1.35239,1,1
03.08.2021 00:48:04.933,1.35257,1.3524100000000001,1,1
03.08.2021 00:48:05.366,1.35257,1.35243,1,1
03.08.2021 00:48:05.517,1.35258,1.35243,1,1
03.08.2021 00:48:05.618,1.35258,1.35244,1,1
03.08.2021 00:48:05.718,1.3526,1.35244,1,1
03.08.2021 00:48:06.095,1.3526,1.3524500000000002,1,1
03.08.2021 00:48:06.316,1.35261,1.3524500000000002,1,1
03.08.2021 00:48:07.241,1.3526,1.35247,1,1
03.08.2021 00:48:12.393,1.3526200000000002,1.35247,1,1
03.08.2021 00:48:16.910,1.3526200000000002,1.35247,1,1
03.08.2021 00:48:17.011,1.35263,1.35248,1,1
03.08.2021 00:48:21.640,1.3526500000000001,1.35248,1,1
03.08.2021 00:48:28.344,1.3526500000000001,1.35246,1.5,1
03.08.2021 00:48:28.445,1.35264,1.35246,1,1
03.08.2021 00:48:28.546,1.3526200000000002,1.35246,1.5,1
03.08.2021 00:48:28.725,1.3526200000000002,1.35244,1.62,1
03.08.2021 00:48:30.081,1.3526,1.3524500000000002,1,1
03.08.2021 00:48:37.260,1.3526,1.35243,1.5,1
03.08.2021 00:48:39.304,1.35261,1.35244,1,1
03.08.2021 00:48:39.405,1.35258,1.3524500000000002,1,1
03.08.2021 00:48:39.698,1.35259,1.3524500000000002,1,1
03.08.2021 00:48:39.748,1.3526200000000002,1.35246,2.75,1
03.08.2021 00:48:40.230,1.35263,1.3524500000000002,1.12,1
03.08.2021 00:48:40.406,1.35263,1.35246,1.12,1
03.08.2021 00:48:52.542,1.35264,1.35246,1.87,1
03.08.2021 00:48:57.450,1.35264,1.35247,1,1
03.08.2021 00:49:01.443,1.35264,1.35246,1,1
03.08.2021 00:49:20.244,1.3526500000000001,1.35246,1,1
03.08.2021 00:49:21.392,1.35264,1.35246,1,1
03.08.2021 00:49:21.660,1.3526200000000002,1.35247,1,1
03.08.2021 00:49:21.768,1.35261,1.3525,1,1
03.08.2021 00:49:21.920,1.3526,1.35249,1,1
03.08.2021 00:49:30.344,1.3526,1.35248,1,1
03.08.2021 00:49:33.472,1.35264,1.35248,1.87,1
03.08.2021 00:49:43.905,1.3526600000000002,1.35248,1.5,1
03.08.2021 00:49:56.497,1.35264,1.35248,1,1
03.08.2021 00:49:58.700,1.35263,1.35248,1,1
03.08.2021 00:50:00.316,1.35263,1.35247,1.5,1
03.08.2021 00:50:00.416,1.3526200000000002,1.35244,1.12,1
03.08.2021 00:50:00.517,1.35263,1.35244,1.5,1
03.08.2021 00:50:01.177,1.3526200000000002,1.3524500000000002,1.62,1
03.08.2021 00:50:01.278,1.35261,1.3524200000000002,1.5,1
03.08.2021 00:50:08.392,1.35259,1.3524100000000001,1,1
03.08.2021 00:50:21.208,1.35258,1.3524100000000001,1,1
03.08.2021 00:50:21.309,1.35258,1.35239,1,1
03.08.2021 00:50:21.410,1.35257,1.35238,1,1
03.08.2021 00:50:22.383,1.35257,1.35239,1,1
03.08.2021 00:50:26.528,1.35254,1.35239,1,1
03.08.2021 00:50:42.239,1.35254,1.35236,1,1
03.08.2021 00:50:47.504,1.3525200000000002,1.35236,1,1
03.08.2021 00:50:47.555,1.35251,1.35234,1,1
03.08.2021 00:50:47.606,1.3525200000000002,1.35233,1.62,1
03.08.2021 00:50:47.657,1.3525,1.3523100000000001,1,1
03.08.2021 00:50:47.758,1.3525,1.35233,1,1
03.08.2021 00:50:48.035,1.3525,1.35234,1,1
03.08.2021 00:50:51.503,1.35249,1.3523500000000002,1,1
03.08.2021 00:50:57.089,1.35249,1.35234,1.5,1
03.08.2021 00:51:14.469,1.3525,1.3523500000000002,1.5,1
03.08.2021 00:51:14.570,1.3525,1.35237,2.25,1
03.08.2021 00:51:15.879,1.35249,1.3524,2.25,1
03.08.2021 00:51:15.930,1.35254,1.35239,1,1
03.08.2021 00:51:16.031,1.35254,1.3524,1.12,1
03.08.2021 00:51:16.132,1.35254,1.3524,2,1
03.08.2021 00:51:16.233,1.3525600000000002,1.35239,1,1
03.08.2021 00:51:17.016,1.35257,1.35239,3,1
03.08.2021 00:51:23.087,1.35257,1.3524,1.87,1
03.08.2021 00:51:23.209,1.3525600000000002,1.3524200000000002,1.87,1
03.08.2021 00:51:23.592,1.35258,1.3524100000000001,2.25,1
03.08.2021 00:51:29.259,1.35259,1.3524100000000001,3.75,1
03.08.2021 00:51:29.640,1.35257,1.35244,1.5,1
03.08.2021 00:51:29.826,1.35259,1.35243,1.5,1
03.08.2021 00:51:30.244,1.35259,1.35244,2.62,1
03.08.2021 00:51:30.496,1.35259,1.3524500000000002,2.62,1
03.08.2021 00:51:31.259,1.3526,1.3524500000000002,3,1
03.08.2021 00:51:38.499,1.3526,1.35244,1,1
03.08.2021 00:51:53.736,1.3526,1.3524500000000002,1.5,1
03.08.2021 00:52:10.243,1.3526,1.35244,1,1
03.08.2021 00:52:16.977,1.3526,1.3524500000000002,1.87,1
03.08.2021 00:52:21.886,1.35259,1.3524500000000002,1,1
03.08.2021 00:52:22.208,1.35261,1.35244,1.87,1
03.08.2021 00:52:25.203,1.35261,1.3524500000000002,1.87,1
03.08.2021 00:52:26.982,1.3525600000000002,1.35246,1,1
03.08.2021 00:52:41.415,1.35259,1.35246,1,1
03.08.2021 00:52:55.410,1.35261,1.3524500000000002,1.87,1
03.08.2021 00:53:00.905,1.35259,1.35246,1,1
03.08.2021 00:53:01.085,1.35259,1.3524500000000002,1,1
03.08.2021 00:53:01.186,1.35259,1.35243,1,1
03.08.2021 00:53:04.746,1.3526,1.35244,1,1
03.08.2021 00:53:04.859,1.3526,1.3524500000000002,2.62,1
03.08.2021 00:53:10.284,1.3526,1.35246,1.12,1
03.08.2021 00:53:10.486,1.35264,1.35247,1.5,1
03.08.2021 00:53:10.586,1.35264,1.35249,1.12,1
03.08.2021 00:53:10.637,1.35261,1.35249,1,1
03.08.2021 00:53:11.492,1.3526500000000001,1.3525,2,1
03.08.2021 00:53:12.023,1.3526600000000002,1.3525,2,1
03.08.2021 00:53:14.417,1.3526500000000001,1.35251,2,1
03.08.2021 00:53:15.256,1.3526600000000002,1.3525,1,1
03.08.2021 00:53:15.362,1.35267,1.3525,1.87,1
03.08.2021 00:53:17.082,1.3526799999999999,1.3525200000000002,1.1,1
03.08.2021 00:53:17.630,1.3526799999999999,1.3525200000000002,1,1
03.08.2021 00:53:18.083,1.35269,1.35253,3.12,1
03.08.2021 00:53:19.743,1.35271,1.3525200000000002,1.57,1
03.08.2021 00:53:20.809,1.35273,1.3526200000000002,1.5,1
03.08.2021 00:53:20.910,1.3527500000000001,1.3526,2,1
03.08.2021 00:53:21.062,1.35277,1.3526200000000002,1.5,1
03.08.2021 00:53:21.162,1.35277,1.35261,1.5,1
03.08.2021 00:53:21.314,1.35279,1.3526,2.62,1
03.08.2021 00:53:22.754,1.35278,1.35263,1.12,1
03.08.2021 00:53:22.905,1.35279,1.35264,1,1
03.08.2021 00:53:23.006,1.3528,1.35264,1,1
03.08.2021 00:53:23.301,1.35281,1.35264,2.62,1
03.08.2021 00:53:23.739,1.35281,1.3526600000000002,1,1
03.08.2021 00:53:23.891,1.3528200000000001,1.35267,1.87,1
03.08.2021 00:53:23.992,1.35285,1.3526799999999999,1.5,1
03.08.2021 00:53:24.334,1.35285,1.35269,1,1
03.08.2021 00:53:24.435,1.3528600000000002,1.35269,1.5,1
03.08.2021 00:53:30.344,1.3528600000000002,1.3526799999999999,1,1
03.08.2021 00:53:31.293,1.35285,1.3526799999999999,1,1
03.08.2021 00:53:32.299,1.3528600000000002,1.3526799999999999,1,1
03.08.2021 00:53:34.096,1.35284,1.35264,1.5,1
03.08.2021 00:53:34.146,1.3528,1.3526500000000001,1,1
03.08.2021 00:53:34.247,1.35279,1.35264,1,1
03.08.2021 00:53:36.312,1.35279,1.35263,1,1
03.08.2021 00:53:36.440,1.35274,1.3526200000000002,1,1
03.08.2021 00:53:36.541,1.35274,1.35261,1,1
03.08.2021 00:53:37.956,1.35277,1.35261,1.5,1
03.08.2021 00:53:38.327,1.3527600000000002,1.3526,1,1
03.08.2021 00:53:38.883,1.35273,1.3526,1,1
03.08.2021 00:53:53.965,1.35274,1.35257,1,1
03.08.2021 00:53:54.166,1.3527600000000002,1.35257,1,1
03.08.2021 00:53:59.077,1.35278,1.3526,2.37,1
03.08.2021 00:53:59.178,1.35278,1.3526,1,1
03.08.2021 00:53:59.604,1.3527600000000002,1.35261,1,1
03.08.2021 00:53:59.705,1.35279,1.35261,2.25,1
03.08.2021 00:53:59.806,1.35277,1.3526200000000002,1,1
03.08.2021 00:53:59.857,1.35278,1.35263,1,1
03.08.2021 00:53:59.907,1.3528,1.35264,2.62,1
03.08.2021 00:54:00.343,1.35281,1.35264,1.87,1
03.08.2021 00:54:00.445,1.3528,1.35264,1,1
03.08.2021 00:54:01.447,1.35281,1.3526500000000001,1.5,1
03.08.2021 00:54:01.774,1.3528,1.3526500000000001,1,1
03.08.2021 00:54:03.014,1.3527600000000002,1.3526600000000002,1,1
03.08.2021 00:54:03.115,1.35281,1.35267,1,1
03.08.2021 00:54:03.274,1.35283,1.3526600000000002,1,1
03.08.2021 00:54:03.464,1.35284,1.3526600000000002,1.5,1
03.08.2021 00:54:03.614,1.35284,1.35267,1.5,1
03.08.2021 00:54:07.290,1.35285,1.35267,1,1
03.08.2021 00:54:09.718,1.35281,1.35267,1,1
03.08.2021 00:54:13.380,1.35281,1.35264,1,1
03.08.2021 00:54:13.430,1.35277,1.35264,1,1
03.08.2021 00:54:13.632,1.35279,1.3526500000000001,1,1
03.08.2021 00:54:13.683,1.35278,1.35263,1,1
03.08.2021 00:54:13.784,1.35279,1.35263,1,1
03.08.2021 00:54:14.128,1.35279,1.3526200000000002,1,1
03.08.2021 00:54:21.446,1.3528,1.3526200000000002,1.5,1
03.08.2021 00:54:22.368,1.3528200000000001,1.35264,2.62,1
03.08.2021 00:54:23.872,1.3528200000000001,1.3526600000000002,2.25,1
03.08.2021 00:54:23.973,1.3528200000000001,1.35269,1,1
03.08.2021 00:54:24.183,1.35285,1.3526799999999999,3.37,1
03.08.2021 00:54:24.444,1.35281,1.35269,1,1
03.08.2021 00:54:24.573,1.3528200000000001,1.35269,1,1
03.08.2021 00:54:24.674,1.3528200000000001,1.3527,1,1
03.08.2021 00:54:38.285,1.35284,1.35267,1,1
03.08.2021 00:54:38.386,1.35285,1.35267,1.57,1
03.08.2021 00:54:38.487,1.35284,1.35267,1,1
03.08.2021 00:54:38.588,1.35285,1.3526500000000001,1.5,1
03.08.2021 00:54:38.789,1.35283,1.3526600000000002,1,1
03.08.2021 00:54:39.992,1.35285,1.3526500000000001,1.57,1
03.08.2021 00:54:43.772,1.35285,1.3526500000000001,1.6,1
03.08.2021 00:54:45.450,1.35285,1.3526500000000001,1.5,1
03.08.2021 00:54:46.277,1.35283,1.3526600000000002,1,1
03.08.2021 00:54:48.113,1.35284,1.3526200000000002,1.1,1
03.08.2021 00:54:48.164,1.35279,1.35263,1,1
03.08.2021 00:54:48.466,1.35279,1.3526200000000002,1,1
03.08.2021 00:54:48.869,1.3528200000000001,1.3526200000000002,1.1,1
03.08.2021 00:54:49.442,1.3528,1.3526,1,1
03.08.2021 00:54:49.552,1.35278,1.35261,1,1
03.08.2021 00:54:49.653,1.35279,1.35261,2.25,1
03.08.2021 00:54:52.103,1.35278,1.35259,3,1
03.08.2021 00:54:52.154,1.35274,1.35258,1,1
03.08.2021 00:54:52.720,1.3527200000000001,1.3525600000000002,1,1
03.08.2021 00:54:52.836,1.3527500000000001,1.35257,1,1
03.08.2021 00:54:53.215,1.3527200000000001,1.3525500000000001,1,1
03.08.2021 00:54:54.182,1.3527200000000001,1.35257,1,1
03.08.2021 00:54:54.559,1.35271,1.3525500000000001,1,1
03.08.2021 00:54:55.634,1.35274,1.3525500000000001,1,1
03.08.2021 00:54:58.291,1.35273,1.3525500000000001,1,1
03.08.2021 00:55:00.392,1.3527500000000001,1.3526,1.12,1
03.08.2021 00:55:00.745,1.3527600000000002,1.3526,1.5,1
03.08.2021 00:55:02.015,1.3527500000000001,1.3526,1,1
03.08.2021 00:55:02.293,1.35277,1.35259,1,1
03.08.2021 00:55:02.495,1.3527600000000002,1.35258,1,1
03.08.2021 00:55:02.596,1.35274,1.35259,1,1
03.08.2021 00:55:03.612,1.3527500000000001,1.35259,1,1
03.08.2021 00:55:03.828,1.3527500000000001,1.3526,1,1
03.08.2021 00:55:04.896,1.3527500000000001,1.35261,1,1
03.08.2021 00:55:08.959,1.3527500000000001,1.35259,1,1
03.08.2021 00:55:09.669,1.35274,1.35261,1,1
03.08.2021 00:55:09.720,1.3527600000000002,1.35261,1,1
03.08.2021 00:55:10.245,1.3527600000000002,1.3526,1,1
03.08.2021 00:55:39.258,1.35278,1.35263,1,1
03.08.2021 00:55:39.371,1.35277,1.35263,1,1
03.08.2021 00:55:39.649,1.35277,1.3526600000000002,1,1
03.08.2021 00:55:39.700,1.3528200000000001,1.3526500000000001,1,1
03.08.2021 00:55:40.888,1.35281,1.35267,1,1
03.08.2021 00:55:59.485,1.35281,1.35264,1,1
03.08.2021 00:56:02.034,1.3528,1.35263,1,1
03.08.2021 00:56:06.522,1.35278,1.35259,1,2.7
03.08.2021 00:56:07.124,1.35279,1.35259,1,1.87
03.08.2021 00:56:07.482,1.35278,1.3526,1,2
03.08.2021 00:56:08.216,1.35277,1.35259,1,2
03.08.2021 00:56:08.483,1.3527600000000002,1.3526,1,1.5
03.08.2021 00:56:11.243,1.3527600000000002,1.35259,1,1
03.08.2021 00:56:11.745,1.3527500000000001,1.35259,1,1.12
03.08.2021 00:56:13.376,1.3527600000000002,1.35258,1,1
03.08.2021 00:56:13.478,1.35277,1.35258,1,1
03.08.2021 00:56:13.744,1.35277,1.35258,1,1
03.08.2021 00:56:19.218,1.3527600000000002,1.35258,1,1
03.08.2021 00:56:21.744,1.3527500000000001,1.35258,1,1.12
03.08.2021 00:56:21.927,1.35277,1.3525600000000002,1,1.62
03.08.2021 00:56:22.028,1.35271,1.3525600000000002,1,1
03.08.2021 00:56:22.129,1.3527200000000001,1.35254,1,2.37
03.08.2021 00:56:22.382,1.35271,1.35254,1,2.37
03.08.2021 00:56:29.167,1.35273,1.3525500000000001,1,1.62
03.08.2021 00:56:29.618,1.3527200000000001,1.3525500000000001,1,1.5
03.08.2021 00:56:30.088,1.3527,1.35254,1,1
03.08.2021 00:56:31.092,1.35271,1.35254,1,1
03.08.2021 00:56:31.196,1.35271,1.35253,1,1.12
03.08.2021 00:56:41.433,1.35269,1.3525200000000002,1,1.5
03.08.2021 00:56:42.394,1.35267,1.3525200000000002,1,2.37
03.08.2021 00:56:45.310,1.3526799999999999,1.3525,1,1.5
03.08.2021 00:56:45.865,1.35271,1.3525500000000001,1,1
03.08.2021 00:56:45.916,1.35274,1.3525500000000001,1.12,1
03.08.2021 00:56:48.996,1.35274,1.3525600000000002,2.62,1
03.08.2021 00:56:50.791,1.3527500000000001,1.3525500000000001,2.75,1
03.08.2021 00:56:50.903,1.35273,1.3525500000000001,1,1
03.08.2021 00:57:05.614,1.35274,1.35257,3.12,1
03.08.2021 00:57:06.564,1.3527500000000001,1.3525600000000002,3,1
03.08.2021 00:57:09.185,1.3527200000000001,1.3525600000000002,1,1
03.08.2021 00:57:26.409,1.3527500000000001,1.35258,1.5,1
03.08.2021 00:57:26.510,1.3527600000000002,1.35258,3,1
03.08.2021 00:57:27.290,1.3527600000000002,1.3526,2,1
03.08.2021 00:57:27.946,1.3527600000000002,1.3526,1.5,1
03.08.2021 00:57:30.460,1.3527500000000001,1.35261,1,1
03.08.2021 00:57:30.568,1.3528,1.35263,1.87,1
03.08.2021 00:57:30.850,1.3528,1.35264,3.37,1
03.08.2021 00:57:31.020,1.3528,1.3526600000000002,2.62,1
03.08.2021 00:57:38.086,1.3528,1.35267,1,1
03.08.2021 00:57:38.187,1.35281,1.35267,2.62,1
03.08.2021 00:57:40.935,1.35278,1.3526600000000002,1,1
03.08.2021 00:57:54.565,1.35281,1.3526500000000001,1.5,1
03.08.2021 00:57:55.359,1.3527600000000002,1.3526600000000002,1,1
03.08.2021 00:57:55.566,1.3528,1.3526500000000001,1,1
03.08.2021 00:57:59.544,1.3528,1.3526600000000002,2.25,1
03.08.2021 00:58:00.079,1.35281,1.35264,2.62,1
03.08.2021 00:58:23.247,1.3528,1.3526200000000002,1,1
03.08.2021 00:58:24.874,1.35279,1.3526200000000002,3.12,1
03.08.2021 00:58:25.376,1.35277,1.35259,1,1
03.08.2021 00:58:25.742,1.35278,1.3526200000000002,1.62,1
03.08.2021 00:58:25.792,1.35277,1.35259,1.12,1
03.08.2021 00:58:33.341,1.3527600000000002,1.35258,2.62,1
03.08.2021 00:58:34.263,1.35277,1.35257,3.12,1
03.08.2021 00:58:35.116,1.35277,1.35259,2.75,1
03.08.2021 00:58:35.167,1.35274,1.35257,1,1
03.08.2021 00:58:36.163,1.35273,1.35257,1,1
03.08.2021 00:58:48.795,1.35274,1.35257,1,1
03.08.2021 00:58:50.961,1.3527500000000001,1.35257,1,1
03.08.2021 00:58:55.502,1.35273,1.35257,1,1
03.08.2021 00:58:56.076,1.3527500000000001,1.35257,1,1
03.08.2021 00:59:03.207,1.3527500000000001,1.3525600000000002,1.12,1
03.08.2021 00:59:03.824,1.3527600000000002,1.35257,3.12,1
03.08.2021 00:59:03.985,1.3527600000000002,1.35258,3.12,1
03.08.2021 00:59:16.729,1.3527500000000001,1.35259,3,1
03.08.2021 00:59:21.898,1.3527600000000002,1.35257,2.62,1
03.08.2021 00:59:22.013,1.3527600000000002,1.35257,2.75,1
03.08.2021 00:59:32.759,1.3527600000000002,1.35258,2.37,1
03.08.2021 00:59:36.960,1.3527500000000001,1.35259,1.87,1
03.08.2021 00:59:37.903,1.3527600000000002,1.35258,2,1
03.08.2021 00:59:38.245,1.3527500000000001,1.35257,1.12,1
03.08.2021 00:59:40.421,1.35273,1.3525600000000002,1,1
03.08.2021 00:59:43.672,1.35273,1.35257,1,1
03.08.2021 00:59:48.802,1.3527200000000001,1.3525600000000002,1,1
03.08.2021 00:59:48.903,1.35273,1.3525500000000001,1.5,1
03.08.2021 00:59:49.335,1.3527200000000001,1.35253,1.5,1
03.08.2021 01:00:00.701,1.3527200000000001,1.3525500000000001,1.62,1
03.08.2021 01:00:00.802,1.35271,1.35254,1.12,1
03.08.2021 01:00:01.223,1.3527200000000001,1.35253,2,1
03.08.2021 01:00:01.324,1.3527,1.35251,1.1,1
03.08.2021 01:00:01.425,1.35267,1.35246,1,1.12
03.08.2021 01:00:01.526,1.35269,1.35246,1,1
03.08.2021 01:00:01.627,1.35267,1.35249,1,1
03.08.2021 01:00:01.778,1.35267,1.35249,1,1
03.08.2021 01:00:01.999,1.35267,1.35246,1,1
03.08.2021 01:00:02.065,1.3526600000000002,1.3525,1,1
03.08.2021 01:00:02.508,1.3526600000000002,1.35248,1,1
03.08.2021 01:00:02.559,1.35267,1.3525,1,1
03.08.2021 01:00:02.765,1.3526600000000002,1.35248,1,1
03.08.2021 01:00:02.959,1.3526799999999999,1.35248,1,1
03.08.2021 01:00:03.231,1.3526799999999999,1.35251,1,1
03.08.2021 01:00:03.676,1.35267,1.35251,1,1
03.08.2021 01:00:03.815,1.3526600000000002,1.35249,1,1
03.08.2021 01:00:03.916,1.3526600000000002,1.35248,1,1
03.08.2021 01:00:04.016,1.3526600000000002,1.3525,1,1
03.08.2021 01:00:04.463,1.3526600000000002,1.35248,1,1
03.08.2021 01:00:04.577,1.3526600000000002,1.35247,1,1
03.08.2021 01:00:04.771,1.35267,1.35247,1,1
03.08.2021 01:00:04.872,1.35267,1.35246,1,1
03.08.2021 01:00:05.023,1.3526500000000001,1.35249,1,1
03.08.2021 01:00:05.845,1.3526600000000002,1.35247,1,1
03.08.2021 01:00:05.946,1.3526600000000002,1.35249,1,1
03.08.2021 01:00:06.097,1.3526600000000002,1.35249,1,1
03.08.2021 01:00:06.147,1.3526600000000002,1.35246,1,1
03.08.2021 01:00:06.652,1.3526200000000002,1.35244,1,1
03.08.2021 01:00:06.753,1.35261,1.35243,1,1
03.08.2021 01:00:06.854,1.3526600000000002,1.3524500000000002,1,1
03.08.2021 01:00:07.006,1.3526600000000002,1.3524500000000002,1.12,1
03.08.2021 01:00:07.107,1.3526500000000001,1.3524500000000002,1.62,1
03.08.2021 01:00:07.461,1.3526500000000001,1.35247,1,1
03.08.2021 01:00:27.617,1.35261,1.35243,1,1
03.08.2021 01:00:27.769,1.35257,1.35243,1,1
03.08.2021 01:01:17.127,1.35259,1.3524500000000002,1,1
03.08.2021 01:01:17.382,1.3526,1.35246,1.12,1
03.08.2021 01:01:21.591,1.35263,1.35247,1,1
03.08.2021 01:01:21.692,1.35264,1.35247,1,1
03.08.2021 01:01:24.536,1.3526500000000001,1.3525,1,1
03.08.2021 01:01:25.368,1.3526799999999999,1.35251,1.12,1
03.08.2021 01:01:40.527,1.3526799999999999,1.3525200000000002,1,1
03.08.2021 01:01:41.903,1.35269,1.3525500000000001,1.5,1
03.08.2021 01:01:50.278,1.3527200000000001,1.3525500000000001,1,1
03.08.2021 01:01:50.429,1.3527600000000002,1.35259,1.62,1
03.08.2021 01:01:50.800,1.3527600000000002,1.35259,1,1
03.08.2021 01:01:51.081,1.35278,1.35261,1.12,1
03.08.2021 01:01:51.182,1.35278,1.35263,2.37,1
03.08.2021 01:01:51.615,1.35278,1.35263,1.87,1
03.08.2021 01:01:54.490,1.3528,1.35263,1.5,1
03.08.2021 01:01:54.541,1.35283,1.35264,3.12,1
03.08.2021 01:01:54.642,1.35284,1.3526600000000002,2.07,1
03.08.2021 01:01:54.843,1.35284,1.3526600000000002,1,1
03.08.2021 01:01:55.007,1.3528200000000001,1.3526500000000001,1,1
03.08.2021 01:02:02.029,1.35283,1.35267,1,1
03.08.2021 01:02:03.053,1.35284,1.35269,1,1
03.08.2021 01:02:05.576,1.35283,1.35267,1,1
03.08.2021 01:02:05.727,1.35284,1.3526799999999999,1,1
03.08.2021 01:02:07.123,1.35283,1.35267,1,1
03.08.2021 01:02:07.526,1.3528200000000001,1.3526600000000002,1,1
03.08.2021 01:02:07.828,1.3528200000000001,1.35267,1,1
03.08.2021 01:02:08.069,1.35281,1.3526600000000002,1,1
03.08.2021 01:02:09.935,1.35284,1.3527,1,1
03.08.2021 01:02:10.036,1.35285,1.3527,1,1
03.08.2021 01:02:12.553,1.35284,1.35267,1,1
03.08.2021 01:02:22.772,1.3528200000000001,1.3526500000000001,1,1
03.08.2021 01:02:22.873,1.35281,1.35264,1,1
03.08.2021 01:02:23.704,1.35279,1.3526200000000002,1,1
03.08.2021 01:02:23.805,1.35277,1.35261,1,1
03.08.2021 01:02:24.013,1.35278,1.35263,1,1
03.08.2021 01:02:36.584,1.35279,1.35263,1,1
03.08.2021 01:02:37.030,1.35279,1.35264,1,1
03.08.2021 01:02:41.465,1.3528,1.35264,1,1
03.08.2021 01:02:44.615,1.3528200000000001,1.3526500000000001,1,1
03.08.2021 01:02:44.766,1.3528200000000001,1.3526600000000002,2.25,1
03.08.2021 01:02:47.169,1.35283,1.3526799999999999,1.12,1
03.08.2021 01:02:50.988,1.35284,1.35269,1.5,1
03.08.2021 01:02:51.089,1.3528600000000002,1.3526799999999999,1.5,1
03.08.2021 01:02:51.404,1.3528200000000001,1.35269,1,1
03.08.2021 01:02:52.006,1.35285,1.35269,1,1
03.08.2021 01:02:59.583,1.35284,1.35267,1,1
03.08.2021 01:03:00.079,1.3528200000000001,1.35267,1,1
03.08.2021 01:03:02.246,1.35285,1.3526799999999999,1,1
03.08.2021 01:03:03.524,1.35283,1.3526799999999999,1,1
03.08.2021 01:03:03.784,1.35281,1.3526600000000002,1,1
03.08.2021 01:03:05.637,1.3528,1.3526500000000001,1,1
03.08.2021 01:03:06.588,1.35278,1.35263,1,1
03.08.2021 01:03:07.589,1.35278,1.35261,1,1
03.08.2021 01:03:12.024,1.35279,1.35263,1.5,1
03.08.2021 01:03:31.908,1.3528,1.35263,1,1
03.08.2021 01:03:31.959,1.35277,1.35264,1,1
03.08.2021 01:03:42.332,1.3528,1.35263,1,1
03.08.2021 01:03:43.744,1.35281,1.35264,1,1
03.08.2021 01:03:45.358,1.3528200000000001,1.35267,2.62,1
03.08.2021 01:03:45.509,1.35284,1.3526799999999999,1.5,1
03.08.2021 01:03:45.610,1.35285,1.35269,1.5,1
03.08.2021 01:03:45.761,1.35285,1.35269,1,1
03.08.2021 01:03:48.811,1.3528600000000002,1.35271,1.5,1
03.08.2021 01:03:50.547,1.3528700000000002,1.35269,1.5,1
03.08.2021 01:04:04.478,1.3528600000000002,1.3527200000000001,1,1
03.08.2021 01:04:04.529,1.35289,1.35274,1,1
03.08.2021 01:04:04.580,1.35288,1.3527200000000001,1,1
03.08.2021 01:04:04.630,1.3529,1.3527500000000001,1.12,1
03.08.2021 01:04:05.004,1.35293,1.3527500000000001,1.12,1
03.08.2021 01:04:05.055,1.35294,1.35277,1.27,1
03.08.2021 01:04:05.982,1.35294,1.35279,1,1
03.08.2021 01:04:15.278,1.35294,1.35277,1,1
03.08.2021 01:04:24.566,1.35295,1.35277,1,1
03.08.2021 01:04:31.288,1.3529600000000002,1.35279,1,1
03.08.2021 01:04:48.578,1.3529700000000002,1.35279,1,1
03.08.2021 01:05:09.664,1.35298,1.35283,1.12,1
03.08.2021 01:05:09.815,1.3529600000000002,1.35281,1,1
03.08.2021 01:05:10.182,1.3529600000000002,1.3528,1,1
03.08.2021 01:05:16.279,1.3529600000000002,1.35278,1,1
03.08.2021 01:05:16.596,1.35295,1.35278,1,1
03.08.2021 01:05:17.179,1.3529600000000002,1.3528,1,1
03.08.2021 01:05:17.392,1.35293,1.35278,1,1
03.08.2021 01:05:17.525,1.35293,1.3527600000000002,1,1.12
03.08.2021 01:05:17.626,1.35293,1.35278,1,1
03.08.2021 01:05:26.469,1.35295,1.3527600000000002,1.12,1
03.08.2021 01:05:26.570,1.35294,1.3527600000000002,1,1
03.08.2021 01:05:28.130,1.3529200000000001,1.3527600000000002,1,1
03.08.2021 01:05:31.856,1.35291,1.35274,1,1
03.08.2021 01:05:38.852,1.35289,1.35274,1,1
03.08.2021 01:06:18.075,1.3529,1.3527500000000001,1,1
03.08.2021 01:06:55.754,1.3529200000000001,1.3527500000000001,1,1
03.08.2021 01:06:58.041,1.3529200000000001,1.35277,1,1
03.08.2021 01:07:04.277,1.35294,1.35277,1,1
03.08.2021 01:07:12.587,1.35295,1.35278,1.5,1
03.08.2021 01:07:12.688,1.3529700000000002,1.3528,1.5,1
03.08.2021 01:07:13.169,1.3529700000000002,1.3528,1,1
03.08.2021 01:07:20.678,1.3529600000000002,1.3528,1,1
03.08.2021 01:07:25.761,1.35298,1.35281,1,1
03.08.2021 01:07:34.756,1.3529900000000001,1.35284,1,1
03.08.2021 01:07:42.206,1.353,1.35285,1.12,1
03.08.2021 01:07:42.613,1.3530200000000001,1.35289,1.12,1
03.08.2021 01:07:42.714,1.3530900000000001,1.35295,1.7,1
03.08.2021 01:07:42.765,1.35308,1.35295,1.5,1
03.08.2021 01:07:42.866,1.3530700000000002,1.35291,1,1
03.08.2021 01:07:42.916,1.35308,1.35293,1,1
03.08.2021 01:07:43.067,1.3530700000000002,1.35291,1,1
03.08.2021 01:07:59.070,1.3530700000000002,1.3529200000000001,1,1
03.08.2021 01:08:04.025,1.3530700000000002,1.3529,1,1.12
03.08.2021 01:08:04.536,1.3530900000000001,1.3529200000000001,1.12,1
03.08.2021 01:08:06.899,1.3530900000000001,1.3529200000000001,1.62,1
03.08.2021 01:08:13.881,1.3530600000000002,1.35291,1,1
03.08.2021 01:08:14.333,1.35305,1.35289,1.5,1
03.08.2021 01:08:14.639,1.35304,1.3528700000000002,1,1
03.08.2021 01:08:14.740,1.35303,1.3528700000000002,1,1
03.08.2021 01:08:16.375,1.35303,1.3528700000000002,1.62,1
03.08.2021 01:08:16.623,1.35303,1.3528700000000002,1.5,1
03.08.2021 01:08:17.480,1.35304,1.3528600000000002,1.62,1
03.08.2021 01:08:17.599,1.35303,1.3528700000000002,1.62,1
03.08.2021 01:08:17.857,1.35304,1.35285,1.62,1
03.08.2021 01:08:17.958,1.35303,1.3528600000000002,1.62,1
03.08.2021 01:08:18.059,1.35303,1.35284,1.12,1
03.08.2021 01:08:18.161,1.3530200000000001,1.35285,1.5,1
03.08.2021 01:08:21.016,1.35301,1.35285,1,1
03.08.2021 01:08:26.222,1.35301,1.35283,1.12,1
03.08.2021 01:08:26.878,1.3529700000000002,1.3528200000000001,1,1
03.08.2021 01:08:26.979,1.35294,1.35278,1,1
03.08.2021 01:08:27.130,1.35295,1.35278,1,1
03.08.2021 01:08:28.244,1.35295,1.35277,1,1
03.08.2021 01:08:29.216,1.35295,1.35277,1,1
03.08.2021 01:08:30.094,1.35295,1.35278,1.62,1
03.08.2021 01:08:30.345,1.35294,1.35277,1,1
03.08.2021 01:08:38.909,1.35295,1.35278,1.12,1
03.08.2021 01:08:44.706,1.35294,1.35278,1.12,1
03.08.2021 01:09:01.338,1.35294,1.35278,2,1
03.08.2021 01:09:02.301,1.35294,1.35278,1.5,1
03.08.2021 01:09:05.458,1.3529200000000001,1.3527600000000002,1,1
03.08.2021 01:09:06.005,1.35291,1.35274,1,1
03.08.2021 01:09:21.126,1.3528700000000002,1.35273,1,1
03.08.2021 01:09:24.982,1.3528700000000002,1.3527200000000001,1,1
03.08.2021 01:09:52.721,1.35289,1.3527200000000001,1,1
03.08.2021 01:10:14.791,1.35289,1.3527500000000001,1,1
03.08.2021 01:10:20.127,1.35291,1.3527600000000002,1,1
03.08.2021 01:10:33.065,1.35294,1.35279,1.62,1
03.08.2021 01:10:33.166,1.35295,1.35281,2.37,1
03.08.2021 01:10:33.216,1.35295,1.35278,1.5,1
03.08.2021 01:10:33.418,1.35295,1.35279,1,1
03.08.2021 01:10:47.166,1.3529600000000002,1.35281,1.12,1
03.08.2021 01:11:04.531,1.3529700000000002,1.3528200000000001,1,1
03.08.2021 01:11:08.462,1.35298,1.35283,1,1
03.08.2021 01:11:08.726,1.35298,1.3528200000000001,1,1
03.08.2021 01:11:10.904,1.3529900000000001,1.35281,1.5,1
03.08.2021 01:11:12.615,1.353,1.3528200000000001,1,1
03.08.2021 01:11:18.509,1.353,1.3528200000000001,1,1
03.08.2021 01:11:18.838,1.353,1.3528200000000001,1,1
03.08.2021 01:11:20.318,1.3529900000000001,1.35283,1,1
03.08.2021 01:11:20.419,1.3529900000000001,1.35281,1.62,1
03.08.2021 01:11:20.520,1.3529900000000001,1.3528200000000001,1,1
03.08.2021 01:11:20.765,1.3529900000000001,1.3528200000000001,1,1
03.08.2021 01:11:28.718,1.3529900000000001,1.35281,1,1
03.08.2021 01:11:28.839,1.3529900000000001,1.35281,1,1
03.08.2021 01:11:28.940,1.3529900000000001,1.35281,1,1
03.08.2021 01:11:29.043,1.3529900000000001,1.35281,1,1
03.08.2021 01:11:29.718,1.3529700000000002,1.35281,1,1
03.08.2021 01:11:30.171,1.3529700000000002,1.3528,1,1
03.08.2021 01:11:31.821,1.3529600000000002,1.3528,1,1
03.08.2021 01:11:32.289,1.3529600000000002,1.3528,1.62,1
03.08.2021 01:11:33.206,1.3529600000000002,1.35277,2,1
03.08.2021 01:11:33.357,1.35295,1.35278,2.07,1
03.08.2021 01:11:33.458,1.35295,1.3527600000000002,1.5,1
03.08.2021 01:11:33.870,1.35293,1.35277,1,1
03.08.2021 01:11:34.920,1.3529200000000001,1.35277,1.1,1
03.08.2021 01:11:35.032,1.3529200000000001,1.35277,1.1,1
03.08.2021 01:11:53.719,1.3529200000000001,1.35279,1,1
03.08.2021 01:11:53.820,1.35294,1.3528200000000001,1.5,1
03.08.2021 01:11:53.871,1.3529600000000002,1.35283,1.5,1
03.08.2021 01:11:53.972,1.3529700000000002,1.3528200000000001,2,1
03.08.2021 01:11:54.073,1.3529700000000002,1.3528200000000001,2,1
03.08.2021 01:11:54.174,1.35298,1.35279,1.12,1
03.08.2021 01:11:54.617,1.3529600000000002,1.3528,1,1
03.08.2021 01:12:05.292,1.35298,1.3528,1,1
03.08.2021 01:12:10.672,1.35298,1.3528,1,1
03.08.2021 01:12:10.723,1.3529700000000002,1.35283,1,1
03.08.2021 01:12:11.174,1.3529700000000002,1.35284,1,1
03.08.2021 01:12:11.673,1.3529900000000001,1.35283,1,1
03.08.2021 01:12:12.717,1.35298,1.35284,1,1
03.08.2021 01:12:22.677,1.35298,1.35284,1.5,1
03.08.2021 01:12:23.701,1.35298,1.35283,1,1
03.08.2021 01:12:23.802,1.3529700000000002,1.35283,1.5,1
03.08.2021 01:12:23.903,1.35298,1.35281,1.5,1
03.08.2021 01:12:24.199,1.3529700000000002,1.3528,1.5,1
03.08.2021 01:12:24.459,1.35298,1.35281,1.5,1
03.08.2021 01:12:25.942,1.3529700000000002,1.35281,1.62,1
03.08.2021 01:12:25.993,1.3529700000000002,1.35279,1.62,1
03.08.2021 01:12:26.094,1.3529700000000002,1.3528,1.62,1
03.08.2021 01:12:26.917,1.3529600000000002,1.35281,1.12,1
03.08.2021 01:12:31.570,1.3529600000000002,1.35283,1.12,1
03.08.2021 01:12:34.587,1.3529700000000002,1.3528200000000001,1.5,1
03.08.2021 01:12:43.433,1.3529600000000002,1.35283,1,1
03.08.2021 01:12:44.433,1.3529700000000002,1.35283,1,1
03.08.2021 01:12:46.459,1.35298,1.35283,1.12,1
03.08.2021 01:12:46.873,1.35298,1.35284,1,1
03.08.2021 01:12:51.902,1.35298,1.35285,1,1
03.08.2021 01:13:00.132,1.35301,1.35284,1.5,1
03.08.2021 01:13:07.830,1.3530200000000001,1.35284,1,1
03.08.2021 01:13:07.932,1.35301,1.3528600000000002,1.12,1
03.08.2021 01:13:08.348,1.3530200000000001,1.3528600000000002,1,1
03.08.2021 01:13:11.072,1.3530200000000001,1.3528600000000002,1,1
03.08.2021 01:13:21.870,1.35303,1.35284,1,1
03.08.2021 01:13:21.921,1.35303,1.3528600000000002,1,1
03.08.2021 01:13:49.890,1.3530200000000001,1.3528700000000002,1.5,1
03.08.2021 01:13:50.385,1.3530200000000001,1.35285,1.5,1
03.08.2021 01:13:50.899,1.35303,1.3528700000000002,1.5,1
03.08.2021 01:14:00.038,1.35303,1.3528700000000002,1.12,1
03.08.2021 01:14:00.089,1.3530200000000001,1.3528700000000002,1.5,1
03.08.2021 01:14:00.139,1.35301,1.3528600000000002,1.5,1
03.08.2021 01:14:02.063,1.35303,1.35285,1.62,1
03.08.2021 01:14:06.811,1.35301,1.3528600000000002,2,1
03.08.2021 01:14:09.929,1.3530200000000001,1.35285,1.62,1
03.08.2021 01:14:20.293,1.35301,1.3528600000000002,1,1
03.08.2021 01:14:30.013,1.35303,1.35285,1.5,1
03.08.2021 01:14:30.114,1.3530200000000001,1.3528700000000002,1.5,1
03.08.2021 01:14:33.744,1.35303,1.3528700000000002,1.5,1
03.08.2021 01:14:41.245,1.35305,1.3528600000000002,1.5,1
03.08.2021 01:14:45.171,1.353,1.3528600000000002,1,1
03.08.2021 01:14:45.329,1.3529900000000001,1.35285,1,1
03.08.2021 01:14:45.380,1.3529900000000001,1.35288,1,1
03.08.2021 01:14:47.281,1.353,1.35284,1,1
03.08.2021 01:14:49.405,1.35303,1.35284,1.5,1
03.08.2021 01:14:50.177,1.35301,1.35284,1.5,1
03.08.2021 01:14:50.288,1.3530200000000001,1.35284,1.5,1
03.08.2021 01:14:56.019,1.35301,1.35283,1.5,1
03.08.2021 01:14:56.470,1.353,1.35285,1.12,1
03.08.2021 01:14:56.571,1.3530600000000002,1.3528600000000002,2,1
03.08.2021 01:14:59.182,1.3530600000000002,1.35289,1.75,1
03.08.2021 01:15:06.471,1.35304,1.35288,1.5,1
03.08.2021 01:15:11.466,1.35301,1.35288,1,1
03.08.2021 01:15:12.196,1.35301,1.35289,1.12,1
03.08.2021 01:15:17.133,1.35304,1.35291,1.5,1
03.08.2021 01:15:17.184,1.3530700000000002,1.3529,1.12,1
03.08.2021 01:15:17.235,1.35308,1.3529200000000001,1.5,1
03.08.2021 01:15:17.336,1.35311,1.35295,1.5,1
03.08.2021 01:15:17.386,1.35312,1.35294,1,1
03.08.2021 01:15:17.488,1.35312,1.3529900000000001,1,1
03.08.2021 01:15:17.589,1.35314,1.35298,1,1
03.08.2021 01:15:17.690,1.35315,1.3529900000000001,1.57,1
03.08.2021 01:15:20.245,1.3531700000000002,1.3529900000000001,1.5,1
03.08.2021 01:15:21.650,1.3531900000000001,1.353,1,1
03.08.2021 01:15:21.751,1.35321,1.353,1,1
03.08.2021 01:15:21.810,1.3532,1.35301,1,1
03.08.2021 01:15:24.852,1.35322,1.353,1,1
03.08.2021 01:15:28.245,1.35321,1.35301,1,1
03.08.2021 01:15:30.040,1.35321,1.35301,1,1
03.08.2021 01:15:36.629,1.3532,1.35301,1,1
03.08.2021 01:15:43.745,1.35321,1.35301,1,1
03.08.2021 01:15:47.312,1.35322,1.353,1,1
03.08.2021 01:16:03.174,1.35322,1.353,1,1
03.08.2021 01:16:08.763,1.3532,1.353,1,1
03.08.2021 01:16:15.245,1.3531900000000001,1.35301,1,1
03.08.2021 01:16:15.706,1.3531900000000001,1.353,1.62,1
03.08.2021 01:16:15.807,1.3531900000000001,1.3529700000000002,1,1
03.08.2021 01:16:16.008,1.3532,1.35298,1,1
03.08.2021 01:16:16.109,1.35318,1.3529700000000002,1,1
03.08.2021 01:16:16.775,1.3531900000000001,1.35298,1,1
03.08.2021 01:16:16.825,1.3531900000000001,1.3529600000000002,1,1
03.08.2021 01:16:17.026,1.3531900000000001,1.3529600000000002,1,1
03.08.2021 01:16:17.146,1.3531900000000001,1.3529700000000002,1,1
03.08.2021 01:16:17.330,1.35318,1.3529900000000001,1.5,1
03.08.2021 01:16:17.381,1.3531900000000001,1.3529600000000002,1,1
03.08.2021 01:16:18.689,1.35318,1.35298,1,1
03.08.2021 01:16:18.740,1.35318,1.35301,1,1
03.08.2021 01:16:18.941,1.3531900000000001,1.35301,1,1
03.08.2021 01:16:19.262,1.35322,1.353,1,1
03.08.2021 01:16:20.439,1.3531900000000001,1.35301,1,1
03.08.2021 01:16:20.540,1.3531900000000001,1.353,1,1
03.08.2021 01:16:20.591,1.35318,1.3529700000000002,1,1
03.08.2021 01:16:20.641,1.3531600000000001,1.35298,1.5,1
03.08.2021 01:16:20.692,1.3531700000000002,1.3529600000000002,1.7,1.5
03.08.2021 01:16:20.742,1.3531700000000002,1.3529700000000002,1.5,1
03.08.2021 01:16:20.843,1.3531700000000002,1.35295,1.5,1
03.08.2021 01:16:20.894,1.3531600000000001,1.3529600000000002,1.5,1
03.08.2021 01:16:21.045,1.35315,1.3529700000000002,1.5,1
03.08.2021 01:16:21.095,1.3531600000000001,1.3529600000000002,1,1
03.08.2021 01:16:21.252,1.35314,1.3529700000000002,1,1
03.08.2021 01:16:21.353,1.35315,1.35295,1,1
03.08.2021 01:16:21.454,1.35314,1.3529600000000002,1.5,1
03.08.2021 01:16:21.734,1.35314,1.3529600000000002,1,1
03.08.2021 01:16:21.849,1.35315,1.3529600000000002,1,1
03.08.2021 01:16:21.950,1.3531700000000002,1.35295,1,1
03.08.2021 01:16:22.152,1.3531700000000002,1.3529700000000002,1,1
03.08.2021 01:16:22.253,1.3531700000000002,1.35298,1,1
03.08.2021 01:16:22.404,1.3531700000000002,1.35295,1.62,1
03.08.2021 01:16:22.555,1.3531700000000002,1.35298,1,1
03.08.2021 01:16:22.757,1.3531700000000002,1.3529600000000002,1,1
03.08.2021 01:16:29.227,1.35315,1.35293,1,1
03.08.2021 01:16:29.738,1.35314,1.35294,1.5,1
03.08.2021 01:16:30.858,1.35314,1.35294,1.5,1
03.08.2021 01:16:31.858,1.35315,1.35293,1.62,1
03.08.2021 01:16:33.348,1.35311,1.35293,1,1
03.08.2021 01:16:33.449,1.3530900000000001,1.3529200000000001,1,1
03.08.2021 01:16:33.550,1.3530700000000002,1.35291,1,1
03.08.2021 01:16:42.451,1.3530900000000001,1.35293,1,1
03.08.2021 01:16:52.724,1.3530700000000002,1.35293,1,1
03.08.2021 01:17:06.213,1.3530900000000001,1.35293,1,1
03.08.2021 01:17:07.525,1.35308,1.3529200000000001,1,1
03.08.2021 01:17:08.704,1.3530900000000001,1.35293,1,1
03.08.2021 01:17:15.557,1.35308,1.3529200000000001,1,1
03.08.2021 01:17:15.658,1.3530700000000002,1.3529200000000001,1,1
03.08.2021 01:17:16.078,1.35305,1.35291,1,1
03.08.2021 01:17:16.465,1.3530600000000002,1.35289,1,1
03.08.2021 01:17:16.566,1.35303,1.35289,1,1
03.08.2021 01:17:19.473,1.35305,1.35288,1,1
03.08.2021 01:17:19.591,1.35304,1.3529,1,1
03.08.2021 01:17:26.987,1.35304,1.35288,1,1
03.08.2021 01:17:27.119,1.3530200000000001,1.3528600000000002,1,1
03.08.2021 01:17:28.472,1.35301,1.35285,1,1
03.08.2021 01:17:28.634,1.3529900000000001,1.35283,1,1
03.08.2021 01:17:28.785,1.35301,1.35285,1,1
03.08.2021 01:17:28.936,1.35298,1.35284,1,1
03.08.2021 01:17:35.374,1.35301,1.35285,1,1
03.08.2021 01:17:43.283,1.353,1.35284,1,1
03.08.2021 01:17:46.483,1.353,1.3528600000000002,1,1
03.08.2021 01:17:47.107,1.3529900000000001,1.35285,1,1
03.08.2021 01:17:47.258,1.35298,1.35284,1,1
03.08.2021 01:17:50.343,1.3529900000000001,1.35285,1,1
03.08.2021 01:17:55.075,1.3529900000000001,1.35283,1,1
03.08.2021 01:17:57.647,1.35301,1.35284,1,1
03.08.2021 01:17:57.754,1.353,1.35284,1,1
03.08.2021 01:17:59.123,1.353,1.35285,1,1
03.08.2021 01:17:59.375,1.3530200000000001,1.3528600000000002,1,1
03.08.2021 01:18:02.942,1.35303,1.3528700000000002,1,1
03.08.2021 01:18:03.043,1.35304,1.3529,1,1
03.08.2021 01:18:03.144,1.3530600000000002,1.3529,1,1
03.08.2021 01:18:06.872,1.35304,1.3529,1,1
03.08.2021 01:18:16.823,1.3530600000000002,1.3529,1,1
03.08.2021 01:19:03.646,1.35305,1.35289,1,1
03.08.2021 01:19:07.942,1.35303,1.35288,1,1.5
03.08.2021 01:19:08.377,1.35304,1.3528700000000002,1,1.12
03.08.2021 01:19:12.397,1.35304,1.3528700000000002,1,1.5
03.08.2021 01:19:14.012,1.35305,1.3529,1,1
03.08.2021 01:19:24.078,1.3530600000000002,1.3529,1,1
03.08.2021 01:19:41.568,1.35308,1.35293,1.12,1
03.08.2021 01:19:44.023,1.3530900000000001,1.35293,1,1
03.08.2021 01:19:45.144,1.35311,1.35294,1.5,1
03.08.2021 01:19:45.245,1.35311,1.35295,1,1
03.08.2021 01:19:45.525,1.35312,1.3529600000000002,1,1
03.08.2021 01:19:45.626,1.35314,1.3529600000000002,1.5,1
03.08.2021 01:19:46.471,1.35313,1.3529700000000002,1.12,1
03.08.2021 01:19:59.751,1.35314,1.35298,1,1
03.08.2021 01:19:59.852,1.35318,1.35301,2,1
03.08.2021 01:20:00.003,1.35318,1.35301,1.62,1
03.08.2021 01:20:00.104,1.35315,1.353,1,1
03.08.2021 01:20:11.752,1.3531700000000002,1.35301,1.12,1
03.08.2021 01:20:11.853,1.35318,1.35303,1,1
03.08.2021 01:20:12.029,1.3531700000000002,1.3530200000000001,1,1
03.08.2021 01:20:14.291,1.3531700000000002,1.3530200000000001,1.5,1
03.08.2021 01:20:15.774,1.3531700000000002,1.3529900000000001,1.12,1
03.08.2021 01:20:15.925,1.3531600000000001,1.353,1.5,1
03.08.2021 01:20:16.026,1.3531900000000001,1.3530200000000001,1.5,1
03.08.2021 01:20:16.136,1.3531600000000001,1.35303,1,1
03.08.2021 01:20:16.313,1.3531700000000002,1.3529900000000001,1.12,1
03.08.2021 01:20:16.464,1.3531700000000002,1.3529900000000001,1.5,1
03.08.2021 01:20:16.565,1.3531900000000001,1.3530200000000001,1.5,1
03.08.2021 01:20:16.796,1.3531700000000002,1.353,1.5,1
03.08.2021 01:20:16.897,1.35315,1.3529900000000001,1,1
03.08.2021 01:20:17.048,1.3531700000000002,1.35298,1.62,1
03.08.2021 01:20:17.098,1.3531600000000001,1.35301,1.62,1
03.08.2021 01:20:17.199,1.3531600000000001,1.35301,1.62,1
03.08.2021 01:20:17.300,1.3531700000000002,1.353,1.62,1
03.08.2021 01:20:18.549,1.35314,1.3529900000000001,1.12,1
03.08.2021 01:20:18.760,1.35314,1.353,1,1
03.08.2021 01:20:20.960,1.3531700000000002,1.3529900000000001,1.62,1
03.08.2021 01:20:21.061,1.35315,1.35298,1.5,1
03.08.2021 01:20:22.004,1.35315,1.353,1,1
03.08.2021 01:20:22.175,1.35315,1.35298,1.5,1
03.08.2021 01:20:22.427,1.35315,1.3529700000000002,1.5,1
03.08.2021 01:20:22.528,1.35312,1.3529700000000002,1.12,1
03.08.2021 01:20:22.702,1.35313,1.3529600000000002,1.5,1
03.08.2021 01:20:22.986,1.35312,1.3529700000000002,1.12,1
03.08.2021 01:20:23.087,1.35312,1.3529700000000002,1.5,1
03.08.2021 01:20:23.549,1.35313,1.3529600000000002,1.12,1
03.08.2021 01:20:23.650,1.35313,1.3529600000000002,1.5,1
03.08.2021 01:20:23.900,1.35312,1.35295,1.5,1
03.08.2021 01:20:24.001,1.35312,1.35295,1.5,1
03.08.2021 01:20:24.102,1.35313,1.3529600000000002,1.5,1
03.08.2021 01:20:24.354,1.35312,1.3529700000000002,1.5,1
03.08.2021 01:20:24.505,1.35312,1.35295,1.62,1
03.08.2021 01:20:24.903,1.3531,1.35295,1.12,1
03.08.2021 01:20:25.004,1.35311,1.35295,1.62,1
03.08.2021 01:20:25.105,1.35311,1.3529700000000002,1,1
03.08.2021 01:20:25.257,1.35311,1.3529700000000002,1,1
03.08.2021 01:20:25.358,1.35312,1.3529600000000002,1,1
03.08.2021 01:20:25.807,1.35312,1.3529700000000002,1.62,1
03.08.2021 01:20:25.913,1.35312,1.35295,1.5,1
03.08.2021 01:20:26.023,1.35312,1.35295,1.5,1
03.08.2021 01:20:28.119,1.35311,1.3529600000000002,1.62,1
03.08.2021 01:20:29.019,1.35312,1.35295,1.62,1
03.08.2021 01:20:29.120,1.35312,1.35295,1.62,1
03.08.2021 01:20:29.221,1.35311,1.3529600000000002,1.62,1
03.08.2021 01:20:29.852,1.35311,1.3529600000000002,1.62,1
03.08.2021 01:20:30.808,1.35311,1.3529600000000002,1.62,1
