Gmt time,Ask,Bid,AskVolume,BidVolume
10.08.2021 00:00:00.254,1.35739,1.3571700000000002,1.12,1
10.08.2021 00:00:00.576,1.3574000000000002,1.3572,1.5,1
10.08.2021 00:00:00.677,1.35742,1.3572,1.12,1
10.08.2021 00:00:00.816,1.35743,1.35721,1.5,1
10.08.2021 00:00:01.269,1.35745,1.35722,1.62,1
10.08.2021 00:00:02.876,1.35745,1.35722,1.12,1
10.08.2021 00:00:06.692,1.35744,1.35721,2,1
10.08.2021 00:00:06.743,1.3574000000000002,1.3571900000000001,1.12,1
10.08.2021 00:00:06.895,1.3574000000000002,1.3571900000000001,1.5,1
10.08.2021 00:00:07.379,1.35738,1.3571700000000002,1.12,1
10.08.2021 00:00:07.480,1.3573600000000001,1.35718,1,1
10.08.2021 00:00:07.881,1.35735,1.3571600000000001,1,1
10.08.2021 00:00:07.982,1.35735,1.35715,1,1
10.08.2021 00:00:08.162,1.35733,1.35714,1,1
10.08.2021 00:00:16.922,1.35731,1.35712,1,1
10.08.2021 00:00:17.023,1.3573000000000002,1.35711,1,1
10.08.2021 00:00:20.272,1.3573000000000002,1.35711,1.62,1
10.08.2021 00:00:20.590,1.35728,1.3570900000000001,1,1
10.08.2021 00:00:20.691,1.3572600000000001,1.3570900000000001,1.12,1
10.08.2021 00:00:20.833,1.3572600000000001,1.35708,1,1
10.08.2021 00:00:21.041,1.35725,1.3570700000000002,1,1
10.08.2021 00:00:21.372,1.35724,1.3570700000000002,1,1
10.08.2021 00:00:21.473,1.35723,1.3570600000000002,1,1
10.08.2021 00:00:21.523,1.35718,1.3570200000000001,1,2.25
10.08.2021 00:00:21.679,1.3571900000000001,1.35704,1,1
10.08.2021 00:00:21.780,1.3571900000000001,1.35703,1,1
10.08.2021 00:00:22.092,1.35722,1.35703,2,1
10.08.2021 00:00:27.861,1.35721,1.35704,1,1
10.08.2021 00:00:35.121,1.3572,1.35701,1,1
10.08.2021 00:00:36.274,1.3572,1.35704,1,1
10.08.2021 00:02:04.940,1.35722,1.35705,1.62,1
10.08.2021 00:02:05.041,1.35723,1.35705,1.12,1
10.08.2021 00:02:05.856,1.3572,1.35705,1,1
10.08.2021 00:02:05.957,1.3572,1.35703,1,1
10.08.2021 00:02:06.149,1.3572600000000001,1.35708,1.5,1
10.08.2021 00:02:06.250,1.3572600000000001,1.3571,1.62,1
10.08.2021 00:02:06.352,1.3572700000000002,1.3571,1,1
10.08.2021 00:02:06.453,1.35728,1.35711,1.5,1
10.08.2021 00:02:09.635,1.3573000000000002,1.35711,2,1
10.08.2021 00:02:15.878,1.35728,1.35712,1.12,1
10.08.2021 00:02:16.462,1.3572700000000002,1.3571,1,1
10.08.2021 00:02:16.853,1.3572700000000002,1.3571,1.5,1
10.08.2021 00:02:16.955,1.3572700000000002,1.3570900000000001,2,1
10.08.2021 00:02:17.185,1.3572700000000002,1.3570900000000001,2,1
10.08.2021 00:02:19.058,1.35725,1.3570700000000002,1.5,1
10.08.2021 00:02:22.032,1.35724,1.3570600000000002,1.12,1
10.08.2021 00:02:23.843,1.35724,1.3570600000000002,1.5,1
10.08.2021 00:02:31.343,1.35723,1.3570700000000002,1.5,1
10.08.2021 00:02:39.343,1.35723,1.3570700000000002,1.5,1
10.08.2021 00:02:42.244,1.35723,1.3570700000000002,1,1
10.08.2021 00:02:52.317,1.35724,1.3570700000000002,1.12,1
10.08.2021 00:02:56.585,1.3572600000000001,1.35708,1.81,1
10.08.2021 00:03:02.925,1.3572700000000002,1.3570900000000001,1.5,1
10.08.2021 00:03:02.976,1.35728,1.35712,5.56,1
10.08.2021 00:03:03.077,1.35729,1.35712,1.25,1
10.08.2021 00:03:03.228,1.35731,1.35712,2,1
10.08.2021 00:03:03.343,1.35732,1.35713,1.62,1
10.08.2021 00:03:03.803,1.35732,1.35715,1,1
10.08.2021 00:03:04.447,1.35733,1.35718,2,1
10.08.2021 00:03:04.557,1.3573600000000001,1.3571900000000001,1.75,1
10.08.2021 00:03:04.736,1.3573600000000001,1.3571900000000001,1.75,1
10.08.2021 00:03:04.971,1.3573700000000002,1.3571900000000001,1.75,1
10.08.2021 00:03:05.022,1.3573700000000002,1.35721,1,1
10.08.2021 00:03:05.072,1.35741,1.35723,2.37,1
10.08.2021 00:03:05.174,1.35742,1.35725,1,1
10.08.2021 00:03:05.224,1.35742,1.35725,1,1
10.08.2021 00:03:05.426,1.35743,1.3572600000000001,1.12,1
10.08.2021 00:03:06.197,1.35743,1.35731,1.12,1
10.08.2021 00:03:07.379,1.35742,1.3572700000000002,1.12,1
10.08.2021 00:03:27.192,1.35746,1.35728,1.5,1
10.08.2021 00:03:27.292,1.35748,1.3573000000000002,1.5,1
10.08.2021 00:03:27.494,1.35749,1.35733,2,1
10.08.2021 00:03:27.700,1.35751,1.35734,1.62,1
10.08.2021 00:03:27.751,1.35752,1.35734,1.62,1
10.08.2021 00:03:27.801,1.35753,1.3573600000000001,1.5,1
10.08.2021 00:03:27.902,1.35752,1.35738,1.5,1
10.08.2021 00:03:27.953,1.35752,1.35738,1.12,1
10.08.2021 00:03:28.267,1.3575700000000002,1.35738,1.5,1
10.08.2021 00:03:28.320,1.35759,1.35741,1.5,1
10.08.2021 00:03:28.371,1.35759,1.35738,1.5,1
10.08.2021 00:03:28.421,1.35758,1.35743,1.5,1
10.08.2021 00:03:28.573,1.35758,1.35743,1.5,1
10.08.2021 00:03:28.678,1.35758,1.35743,1.5,1
10.08.2021 00:03:28.925,1.35759,1.35739,1.5,1
10.08.2021 00:03:29.274,1.3575700000000002,1.35739,1.5,1
10.08.2021 00:03:29.425,1.35756,1.35739,2,1
10.08.2021 00:03:29.526,1.35755,1.3574000000000002,2.37,1
10.08.2021 00:03:29.794,1.35755,1.35738,3.12,1
10.08.2021 00:03:29.845,1.35755,1.35735,2,1
10.08.2021 00:03:30.132,1.35755,1.3573600000000001,2,1
10.08.2021 00:03:31.102,1.35752,1.3573600000000001,1,1
10.08.2021 00:03:32.549,1.35753,1.35734,2.25,1
10.08.2021 00:03:32.862,1.35751,1.35735,1,1
10.08.2021 00:03:35.281,1.35751,1.3573600000000001,1.12,1
10.08.2021 00:03:36.446,1.35754,1.3573600000000001,2.37,1
10.08.2021 00:03:36.547,1.35754,1.3573700000000002,2.37,1
10.08.2021 00:03:36.806,1.35755,1.35738,2,1
10.08.2021 00:03:36.856,1.35756,1.35739,1.5,1
10.08.2021 00:03:37.310,1.35756,1.35741,1.5,1
10.08.2021 00:03:39.026,1.35758,1.3574000000000002,1.5,1
10.08.2021 00:03:41.843,1.3575700000000002,1.35741,1.5,1
10.08.2021 00:03:45.817,1.35755,1.3574000000000002,1.12,1
10.08.2021 00:03:45.918,1.35756,1.35738,1.87,1
10.08.2021 00:03:46.817,1.35755,1.35739,3.12,1
10.08.2021 00:03:47.249,1.35753,1.35739,1.5,1
10.08.2021 00:03:52.862,1.35753,1.3573700000000002,1.62,1
10.08.2021 00:04:01.602,1.35754,1.35738,1.62,1
10.08.2021 00:04:01.653,1.35754,1.3574000000000002,1.5,1
10.08.2021 00:04:01.754,1.35755,1.35739,1.12,1
10.08.2021 00:04:02.167,1.35758,1.3574000000000002,2,1
10.08.2021 00:04:11.083,1.3575700000000002,1.35743,2,1
10.08.2021 00:04:11.184,1.35759,1.35743,1.12,1
10.08.2021 00:04:11.431,1.3576100000000002,1.35745,1.5,1
10.08.2021 00:04:12.455,1.3576100000000002,1.35745,1,1
10.08.2021 00:04:14.719,1.35764,1.3574700000000002,1.5,1
10.08.2021 00:04:14.887,1.3576700000000002,1.35748,2,1
10.08.2021 00:04:15.388,1.3576700000000002,1.35749,1.5,1
10.08.2021 00:04:16.388,1.3576700000000002,1.3574700000000002,1.5,1
10.08.2021 00:04:16.499,1.3576700000000002,1.35748,1.5,1
10.08.2021 00:04:20.505,1.35764,1.35746,1.12,1
10.08.2021 00:04:20.606,1.35762,1.3574700000000002,1,1
10.08.2021 00:04:20.844,1.35762,1.3574700000000002,1.5,1
10.08.2021 00:04:37.371,1.35763,1.35744,2.75,1
10.08.2021 00:04:37.673,1.35764,1.35746,2,1
10.08.2021 00:04:39.321,1.35764,1.35745,2,1
10.08.2021 00:04:41.134,1.35764,1.35743,2,1
10.08.2021 00:04:44.343,1.35763,1.35744,2,1
10.08.2021 00:04:47.436,1.35764,1.35745,1.5,1
10.08.2021 00:04:47.867,1.35764,1.35746,1.5,1
10.08.2021 00:04:50.330,1.35765,1.3574700000000002,2,1
10.08.2021 00:04:51.844,1.35765,1.3574700000000002,2,1
10.08.2021 00:05:00.847,1.3576700000000002,1.3574700000000002,2,1
10.08.2021 00:05:01.221,1.3576700000000002,1.35749,2.75,1
10.08.2021 00:05:01.376,1.35768,1.35748,2,1
10.08.2021 00:05:01.578,1.35768,1.35749,1.5,1
10.08.2021 00:05:01.628,1.35768,1.35751,1.5,1
10.08.2021 00:05:02.757,1.3577000000000001,1.35751,1.5,1
10.08.2021 00:05:03.099,1.35769,1.35753,1.5,1
10.08.2021 00:05:03.200,1.3577000000000001,1.35753,1.5,1
10.08.2021 00:05:03.705,1.3577000000000001,1.35752,1,1
10.08.2021 00:05:06.853,1.3577100000000002,1.35753,4.62,1
10.08.2021 00:05:07.343,1.3577100000000002,1.35753,3.87,1
10.08.2021 00:05:10.973,1.3577100000000002,1.35754,2.37,1
10.08.2021 00:05:11.024,1.3577100000000002,1.35756,1.62,1
10.08.2021 00:05:13.643,1.35772,1.35756,1,1
10.08.2021 00:05:15.152,1.35772,1.35755,1.87,1
10.08.2021 00:05:16.428,1.35772,1.35754,1,1
10.08.2021 00:05:16.604,1.3577299999999999,1.35754,3.75,1
10.08.2021 00:05:17.791,1.3577299999999999,1.35755,2.25,1
10.08.2021 00:05:18.043,1.3577299999999999,1.3575700000000002,1,1
10.08.2021 00:05:18.262,1.35775,1.3575700000000002,3.5,1
10.08.2021 00:05:18.313,1.35775,1.35758,1.12,1
10.08.2021 00:05:18.515,1.35778,1.35759,1.62,1
10.08.2021 00:05:18.616,1.35778,1.35759,1.5,1
10.08.2021 00:05:18.728,1.3577700000000001,1.3576100000000002,1.5,1
10.08.2021 00:05:19.826,1.3577700000000001,1.3576000000000001,1.12,1
10.08.2021 00:05:21.324,1.3577700000000001,1.35759,1.5,1
10.08.2021 00:05:24.979,1.35776,1.35758,4.25,1
10.08.2021 00:05:26.299,1.35772,1.35758,1,1
10.08.2021 00:05:27.679,1.3577100000000002,1.35758,1,1
10.08.2021 00:05:28.279,1.35772,1.35756,1.5,1
10.08.2021 00:05:28.330,1.3577100000000002,1.35755,1.5,1
10.08.2021 00:05:29.367,1.3577100000000002,1.35754,1,1
10.08.2021 00:05:35.870,1.35769,1.35755,1,1
10.08.2021 00:05:38.323,1.3577000000000001,1.35753,2,1
10.08.2021 00:05:40.166,1.35768,1.35753,1,1
10.08.2021 00:05:40.606,1.35768,1.35754,1.87,1
10.08.2021 00:05:41.640,1.35769,1.35753,1,1
10.08.2021 00:05:45.881,1.35768,1.35754,1.12,1
10.08.2021 00:05:47.348,1.35768,1.35754,1,1
10.08.2021 00:05:47.399,1.35764,1.35749,1.62,1
10.08.2021 00:05:47.500,1.35764,1.3574700000000002,1.12,1
10.08.2021 00:05:47.651,1.35763,1.3574700000000002,1.5,1
10.08.2021 00:05:47.752,1.35762,1.3574700000000002,1,1
10.08.2021 00:05:47.940,1.35762,1.35745,1,1
10.08.2021 00:05:47.990,1.35762,1.35745,1.62,1
10.08.2021 00:05:48.669,1.35762,1.35745,1.12,1
10.08.2021 00:05:49.711,1.35762,1.35745,1.62,1
10.08.2021 00:05:50.273,1.3576000000000001,1.35745,1.12,1
10.08.2021 00:05:53.907,1.35763,1.35745,2.75,1
10.08.2021 00:05:54.692,1.35762,1.35746,1.62,1
10.08.2021 00:06:02.668,1.35762,1.35746,1.12,1
10.08.2021 00:06:06.593,1.3576100000000002,1.35744,1,1
10.08.2021 00:06:09.956,1.3576000000000001,1.35743,1,1
10.08.2021 00:06:10.057,1.35759,1.35742,1,1
10.08.2021 00:06:19.225,1.35759,1.35743,1,1
10.08.2021 00:06:24.317,1.35758,1.35741,1,1
10.08.2021 00:06:34.131,1.3575000000000002,1.35733,1,2.72
10.08.2021 00:06:34.876,1.3575000000000002,1.35733,1,3.47
10.08.2021 00:06:50.565,1.35751,1.35734,1,1.1
10.08.2021 00:07:02.482,1.35751,1.35734,1,1.1
10.08.2021 00:07:15.112,1.35752,1.35734,1,1
10.08.2021 00:07:57.237,1.35752,1.35735,1,1
10.08.2021 00:08:05.178,1.35751,1.3573600000000001,1,1.5
10.08.2021 00:08:06.916,1.35753,1.35735,1,1.6
10.08.2021 00:08:09.195,1.35753,1.35735,1,1.2
10.08.2021 00:08:10.586,1.35753,1.35735,1,1.6
10.08.2021 00:08:12.242,1.35752,1.3573600000000001,1,1.2
10.08.2021 00:08:16.224,1.35752,1.3573600000000001,1,1.6
10.08.2021 00:08:28.958,1.35751,1.35734,1,1.5
10.08.2021 00:08:29.060,1.35743,1.35732,1,5.22
10.08.2021 00:08:29.161,1.35742,1.35728,1,1.62
10.08.2021 00:08:29.413,1.35742,1.3572700000000002,1,1.5
10.08.2021 00:08:29.642,1.35746,1.35729,1,1.12
10.08.2021 00:08:32.762,1.35746,1.35732,1,1
10.08.2021 00:08:32.863,1.35748,1.35734,1,1
10.08.2021 00:08:33.015,1.3575000000000002,1.3573600000000001,1,1
10.08.2021 00:08:33.146,1.35752,1.35738,1,1
10.08.2021 00:08:39.669,1.35749,1.35733,1,1.62
10.08.2021 00:08:39.770,1.3574700000000002,1.35731,1,1.5
10.08.2021 00:09:03.440,1.35745,1.3573000000000002,1,1
10.08.2021 00:09:17.930,1.35744,1.35729,1,1
10.08.2021 00:09:18.052,1.35744,1.3572700000000002,1,1.12
10.08.2021 00:09:19.152,1.35745,1.35728,1,1
10.08.2021 00:09:33.685,1.35746,1.35729,1,1
10.08.2021 00:09:37.222,1.35744,1.35729,1,1
10.08.2021 00:09:37.544,1.35742,1.3572700000000002,1,1.2
10.08.2021 00:09:38.764,1.35742,1.3572700000000002,1,1.5
10.08.2021 00:09:39.141,1.35743,1.3572600000000001,1,1.1
10.08.2021 00:09:39.242,1.35745,1.35728,1,1
10.08.2021 00:09:43.574,1.35745,1.35729,1,1
10.08.2021 00:09:50.453,1.35745,1.3573000000000002,1,1
10.08.2021 00:09:50.616,1.35746,1.35732,1,1
10.08.2021 00:09:51.071,1.35748,1.35731,1,1
10.08.2021 00:09:55.418,1.35751,1.3573600000000001,1,1
10.08.2021 00:09:55.570,1.35752,1.3573700000000002,1,1
10.08.2021 00:10:02.674,1.3575000000000002,1.35735,1,1
10.08.2021 00:10:02.776,1.35751,1.35733,1,1.12
10.08.2021 00:10:02.927,1.35745,1.35731,1,1.1
10.08.2021 00:10:03.028,1.35745,1.3573000000000002,1,1
10.08.2021 00:10:45.541,1.3574700000000002,1.35732,1,1
10.08.2021 00:10:45.855,1.35749,1.35732,1,1
10.08.2021 00:10:46.422,1.35749,1.35734,1,1
10.08.2021 00:10:59.529,1.35746,1.35731,1,1.12
10.08.2021 00:11:00.577,1.35745,1.3573000000000002,1,1
10.08.2021 00:11:10.609,1.35743,1.3572600000000001,1,1.6
10.08.2021 00:11:10.730,1.35742,1.3572700000000002,1,1.57
10.08.2021 00:11:19.846,1.35744,1.35728,1,1
10.08.2021 00:11:22.491,1.35746,1.35728,1,1
10.08.2021 00:11:22.614,1.35746,1.35729,1,1
10.08.2021 00:11:36.773,1.35748,1.3573000000000002,1,1
10.08.2021 00:11:37.669,1.35745,1.35728,1,2.82
10.08.2021 00:11:38.837,1.35744,1.35729,1,1
10.08.2021 00:11:57.544,1.35744,1.3572600000000001,1,2.47
10.08.2021 00:11:59.188,1.35744,1.35728,1,1.2
10.08.2021 00:11:59.675,1.35745,1.3573000000000002,1,1
10.08.2021 00:12:02.934,1.3574700000000002,1.35729,1,1.1
10.08.2021 00:12:03.035,1.3574700000000002,1.35731,1,1
10.08.2021 00:12:03.186,1.35746,1.3573000000000002,1,1.6
10.08.2021 00:12:15.416,1.3574700000000002,1.35731,1,1.95
10.08.2021 00:12:15.641,1.3575000000000002,1.35733,1,1.1
10.08.2021 00:12:15.742,1.35751,1.35734,1,1
10.08.2021 00:12:27.473,1.35749,1.35732,1,1.1
10.08.2021 00:12:27.574,1.35746,1.35729,1,1.6
10.08.2021 00:12:27.725,1.35746,1.35729,1,1.2
10.08.2021 00:12:27.775,1.35743,1.35728,1,1.6
10.08.2021 00:12:27.927,1.35743,1.35728,1,1.1
10.08.2021 00:12:29.181,1.35744,1.3572700000000002,1,1.1
10.08.2021 00:12:30.124,1.35743,1.35725,1,1.6
10.08.2021 00:12:34.272,1.35745,1.3572700000000002,1,1.1
10.08.2021 00:12:34.539,1.35744,1.3572700000000002,1,1.1
10.08.2021 00:12:39.580,1.35745,1.35729,1,1
10.08.2021 00:12:45.903,1.35745,1.3572700000000002,1,1.1
10.08.2021 00:12:46.004,1.35742,1.3572700000000002,1,1.22
10.08.2021 00:12:46.415,1.35743,1.3572600000000001,1,1.2
10.08.2021 00:12:53.236,1.35745,1.35728,1,1
10.08.2021 00:12:58.242,1.35745,1.35729,1,1
10.08.2021 00:12:58.568,1.35745,1.35728,1,1
10.08.2021 00:13:35.117,1.35744,1.3572700000000002,1,1
10.08.2021 00:13:40.876,1.35744,1.3572600000000001,1,1.2
10.08.2021 00:13:42.376,1.35744,1.3572600000000001,1,1.6
10.08.2021 00:13:50.345,1.35744,1.3572600000000001,1,1.2
10.08.2021 00:14:04.564,1.35743,1.35728,1,1
10.08.2021 00:14:35.761,1.35746,1.35728,1,1.1
10.08.2021 00:14:36.931,1.35746,1.35728,1,1.22
10.08.2021 00:14:52.448,1.35746,1.35728,1,1.6
10.08.2021 00:14:52.798,1.35746,1.35731,1,1.6
10.08.2021 00:14:53.010,1.35749,1.35733,1,1
10.08.2021 00:14:53.111,1.35751,1.35733,1,1.1
10.08.2021 00:15:13.442,1.3575000000000002,1.35731,1,1.6
10.08.2021 00:15:13.543,1.35748,1.35731,1,1.1
10.08.2021 00:15:13.594,1.3574700000000002,1.35729,1,2.72
10.08.2021 00:15:13.695,1.35744,1.35729,1,1.1
10.08.2021 00:15:13.796,1.35744,1.35728,1,1.72
10.08.2021 00:15:14.379,1.35744,1.3572600000000001,1,1.22
10.08.2021 00:15:15.965,1.35743,1.3572700000000002,1,1.22
10.08.2021 00:15:16.119,1.35744,1.35728,1,2.1
10.08.2021 00:15:16.870,1.3574700000000002,1.35728,1,1.97
10.08.2021 00:15:17.899,1.35746,1.35731,1,1.97
10.08.2021 00:15:18.441,1.3574700000000002,1.35732,1,1.1
10.08.2021 00:15:18.644,1.35749,1.35733,1,1.57
10.08.2021 00:15:18.745,1.35749,1.35733,1,1.6
10.08.2021 00:15:22.745,1.3575000000000002,1.35734,1,1.2
10.08.2021 00:15:36.146,1.35749,1.35734,1,1.1
10.08.2021 00:15:37.860,1.3575000000000002,1.35734,1,1.1
10.08.2021 00:15:40.118,1.3575000000000002,1.35735,1,1
10.08.2021 00:16:30.614,1.35748,1.35732,1,2.85
10.08.2021 00:16:30.715,1.35743,1.35729,1,2.47
10.08.2021 00:16:30.867,1.35743,1.3572700000000002,1,1.6
10.08.2021 00:16:31.068,1.35742,1.3572700000000002,1,1.1
10.08.2021 00:16:31.475,1.35742,1.3572700000000002,1,1.1
10.08.2021 00:16:33.427,1.35743,1.35728,1,1.1
10.08.2021 00:16:49.258,1.35744,1.35729,1,1
10.08.2021 00:16:53.501,1.35744,1.35729,1,1.6
10.08.2021 00:17:04.720,1.35743,1.3572600000000001,1,1.2
10.08.2021 00:17:04.821,1.35741,1.3572600000000001,1,1.72
10.08.2021 00:17:05.346,1.35742,1.35725,1,1.2
10.08.2021 00:17:40.808,1.35739,1.35723,1,1.7
10.08.2021 00:17:40.859,1.35739,1.35723,1,1.1
10.08.2021 00:17:52.092,1.3574000000000002,1.35723,1,1
10.08.2021 00:18:00.796,1.3574000000000002,1.35722,1,1
10.08.2021 00:18:02.641,1.3573700000000002,1.3572,1,1.1
10.08.2021 00:18:07.369,1.3573600000000001,1.3571700000000002,1,1.1
10.08.2021 00:18:16.135,1.35734,1.3571700000000002,1,1
10.08.2021 00:18:16.286,1.35731,1.3571600000000001,1,1
10.08.2021 00:18:16.517,1.35732,1.35715,1,1.5
10.08.2021 00:18:16.567,1.35729,1.35714,1,1
10.08.2021 00:18:18.459,1.35728,1.35713,1,1
10.08.2021 00:18:41.370,1.35729,1.35712,1,3.47
10.08.2021 00:18:41.471,1.35732,1.35714,1,1.2
10.08.2021 00:18:41.622,1.35733,1.3571600000000001,1,1
10.08.2021 00:18:41.723,1.35734,1.3571700000000002,1,1
10.08.2021 00:19:02.037,1.35735,1.3571900000000001,1,1
10.08.2021 00:19:16.431,1.35733,1.3571700000000002,1,1
10.08.2021 00:19:16.532,1.35729,1.35713,1,1
10.08.2021 00:19:17.121,1.3572600000000001,1.35712,1,1.12
10.08.2021 00:19:50.515,1.35725,1.35711,1,1
10.08.2021 00:20:44.358,1.35728,1.35712,1,1
10.08.2021 00:20:48.404,1.35729,1.35713,1,1
10.08.2021 00:20:49.760,1.35732,1.3571600000000001,1,1
10.08.2021 00:20:50.246,1.35734,1.35718,1,1
10.08.2021 00:20:50.397,1.35735,1.3572,1,1
10.08.2021 00:21:37.487,1.3573600000000001,1.35722,1,1
10.08.2021 00:22:10.520,1.35739,1.35723,1.5,1
10.08.2021 00:22:33.341,1.35739,1.35724,1,1
10.08.2021 00:22:33.481,1.3574000000000002,1.35724,1,1
10.08.2021 00:22:34.135,1.35741,1.35724,1,1
10.08.2021 00:22:39.444,1.35741,1.3572700000000002,1,1
10.08.2021 00:22:39.545,1.35744,1.35728,1,1
10.08.2021 00:22:49.461,1.35744,1.3573000000000002,1,1
10.08.2021 00:22:49.562,1.3574700000000002,1.35733,1.5,1
10.08.2021 00:22:53.934,1.35749,1.35732,1,1
10.08.2021 00:23:06.295,1.35749,1.35733,1,1
10.08.2021 00:24:50.736,1.35751,1.3573600000000001,1,1
10.08.2021 00:24:50.786,1.35753,1.3573700000000002,1.12,1
10.08.2021 00:24:50.887,1.35753,1.3574000000000002,1,1
10.08.2021 00:24:51.089,1.35755,1.35739,1,1
10.08.2021 00:25:27.234,1.35752,1.35738,1,1
10.08.2021 00:26:24.515,1.35754,1.35738,1,1
10.08.2021 00:26:55.006,1.35755,1.35741,1,1
10.08.2021 00:27:29.164,1.35756,1.35742,1,1
10.08.2021 00:27:29.265,1.35758,1.35744,1.12,1
10.08.2021 00:27:29.467,1.35759,1.35745,1,1
10.08.2021 00:27:29.568,1.35762,1.3574700000000002,1,1.12
10.08.2021 00:27:30.127,1.3576000000000001,1.35745,1,1.12
10.08.2021 00:27:30.228,1.35754,1.3574000000000002,1,1.62
10.08.2021 00:27:30.379,1.35754,1.35739,1,1.1
10.08.2021 00:27:34.672,1.3575700000000002,1.3574000000000002,1,1
10.08.2021 00:27:35.606,1.35758,1.35742,1,2.35
10.08.2021 00:27:35.707,1.35763,1.35746,1.5,1
10.08.2021 00:27:35.808,1.35763,1.35746,1,1
10.08.2021 00:27:39.400,1.3576000000000001,1.35746,1,1
10.08.2021 00:27:39.450,1.35759,1.35744,1,1
10.08.2021 00:27:39.501,1.35758,1.35741,1,1.5
10.08.2021 00:27:39.602,1.35758,1.35741,1,1
10.08.2021 00:27:39.709,1.35759,1.35741,1,1
10.08.2021 00:27:43.183,1.3575700000000002,1.35742,1,1
10.08.2021 00:27:43.284,1.35756,1.35741,1,1
10.08.2021 00:27:59.413,1.35758,1.35743,1,1
10.08.2021 00:27:59.965,1.3576000000000001,1.35744,1,1
10.08.2021 00:28:03.270,1.3576000000000001,1.35745,1,1
10.08.2021 00:28:10.133,1.35762,1.35746,1,1
10.08.2021 00:28:37.886,1.35764,1.35748,1,1
10.08.2021 00:28:37.987,1.35765,1.35749,1,1
10.08.2021 00:28:38.138,1.35763,1.35746,1,1.97
10.08.2021 00:28:38.189,1.35765,1.3574700000000002,1,1.1
10.08.2021 00:28:38.290,1.35765,1.3574700000000002,1,1.1
10.08.2021 00:29:02.843,1.35765,1.3574700000000002,1,1.2
10.08.2021 00:29:34.338,1.35765,1.3575000000000002,1,1
10.08.2021 00:29:45.932,1.35766,1.3575000000000002,1,1
10.08.2021 00:29:46.139,1.35768,1.35751,1,1
10.08.2021 00:29:47.008,1.3577000000000001,1.35753,1,1
10.08.2021 00:29:47.109,1.3577000000000001,1.35755,1,1.1
10.08.2021 00:29:47.210,1.3577000000000001,1.35755,1,1.12
10.08.2021 00:29:47.311,1.35768,1.35752,1,1.5
10.08.2021 00:29:47.411,1.35766,1.3575000000000002,1,3.2
10.08.2021 00:29:48.247,1.3576700000000002,1.35749,1,1.2
10.08.2021 00:29:49.184,1.35765,1.3575000000000002,1,1.2
10.08.2021 00:29:57.895,1.35765,1.3574700000000002,1,3.22
10.08.2021 00:30:04.158,1.3576700000000002,1.35751,1,1.1
10.08.2021 00:30:04.384,1.35768,1.35751,1,1.1
10.08.2021 00:30:04.485,1.35768,1.35752,1,1.95
10.08.2021 00:30:04.636,1.35769,1.35751,1,1.97
10.08.2021 00:30:05.344,1.35768,1.35753,1,1.1
10.08.2021 00:30:05.445,1.3577000000000001,1.35754,1,2.1
10.08.2021 00:30:05.561,1.35772,1.35753,1,2.85
10.08.2021 00:30:05.662,1.35772,1.35756,1,1.1
10.08.2021 00:30:05.763,1.3577299999999999,1.35755,1,1.6
10.08.2021 00:30:05.865,1.35774,1.3575700000000002,1,1
10.08.2021 00:30:06.740,1.35774,1.3575700000000002,1,1.5
10.08.2021 00:30:07.351,1.35776,1.35758,1,1.12
10.08.2021 00:30:08.062,1.3577299999999999,1.35758,1,1.6
10.08.2021 00:30:08.163,1.3577299999999999,1.35755,1,1.6
10.08.2021 00:30:08.214,1.3577299999999999,1.35755,1,1.97
10.08.2021 00:30:08.671,1.3577299999999999,1.35755,1,1.95
10.08.2021 00:30:09.124,1.3577299999999999,1.35755,1,1.97
10.08.2021 00:30:11.066,1.35776,1.35759,1,1.1
10.08.2021 00:30:11.222,1.3577700000000001,1.35759,1,1
10.08.2021 00:30:11.273,1.3577299999999999,1.35756,1,3.22
10.08.2021 00:30:11.374,1.3577299999999999,1.35756,1,1.22
10.08.2021 00:30:20.879,1.35774,1.35755,1,2.1
10.08.2021 00:30:23.509,1.35774,1.35759,1,1
10.08.2021 00:30:26.604,1.35775,1.35759,1,1
10.08.2021 00:30:28.343,1.35776,1.35758,1,1.6
10.08.2021 00:30:36.402,1.35783,1.35765,1,1
10.08.2021 00:30:36.503,1.3578100000000002,1.35765,1,1
10.08.2021 00:30:36.554,1.35779,1.3576100000000002,1,1.85
10.08.2021 00:30:36.683,1.3577700000000001,1.35762,1,1.85
10.08.2021 00:30:37.745,1.35779,1.35762,1,1.85
10.08.2021 00:30:37.846,1.3578000000000001,1.3576100000000002,1,3.1
10.08.2021 00:30:37.947,1.3577700000000001,1.35763,1,1
10.08.2021 00:30:38.048,1.3577299999999999,1.35762,1,1
10.08.2021 00:30:38.148,1.35772,1.35756,1,1.12
10.08.2021 00:30:38.612,1.35772,1.35754,1,1.1
10.08.2021 00:30:38.713,1.35772,1.35754,1,1.1
10.08.2021 00:30:39.187,1.35776,1.3576100000000002,1,1
10.08.2021 00:30:39.292,1.3577299999999999,1.35759,1,1
10.08.2021 00:30:39.393,1.35772,1.35758,1,1
10.08.2021 00:30:39.540,1.35772,1.3575700000000002,1,1.1
10.08.2021 00:30:40.194,1.3577299999999999,1.35754,1,1.72
10.08.2021 00:30:41.356,1.3577000000000001,1.35754,1,1.27
10.08.2021 00:30:41.494,1.3577000000000001,1.35754,1,1.27
10.08.2021 00:30:52.580,1.3577000000000001,1.35753,1,2.62
10.08.2021 00:30:53.569,1.3577000000000001,1.35753,1,2.62
10.08.2021 00:30:55.551,1.3577000000000001,1.35753,1,2.62
10.08.2021 00:30:57.329,1.35768,1.35753,1,2.45
10.08.2021 00:30:57.430,1.3577000000000001,1.35752,1,1
10.08.2021 00:30:58.378,1.35769,1.35753,1,1
10.08.2021 00:31:01.967,1.3577000000000001,1.35755,1,1
10.08.2021 00:31:03.356,1.3577000000000001,1.35755,1,1.5
10.08.2021 00:31:04.517,1.35774,1.3575700000000002,1,1.5
10.08.2021 00:31:04.665,1.35774,1.35759,1,1
10.08.2021 00:31:05.170,1.35776,1.35759,1,1
10.08.2021 00:31:07.766,1.3578000000000001,1.3576100000000002,1,1
10.08.2021 00:31:09.702,1.3578000000000001,1.35764,1,1
10.08.2021 00:31:09.854,1.3578000000000001,1.35765,1,1
10.08.2021 00:31:10.006,1.35782,1.35765,1,1
10.08.2021 00:31:10.528,1.35783,1.35765,1,1
10.08.2021 00:31:10.679,1.35784,1.35766,1,1
10.08.2021 00:31:21.053,1.35784,1.3576700000000002,1,1
10.08.2021 00:31:34.385,1.35783,1.3576700000000002,1,1.12
10.08.2021 00:31:44.217,1.35783,1.35768,1,1
10.08.2021 00:32:12.293,1.3577299999999999,1.3576100000000002,1,1.2
10.08.2021 00:32:12.394,1.35778,1.35756,1.5,2
10.08.2021 00:32:12.445,1.3576700000000002,1.35756,1,1
10.08.2021 00:32:12.546,1.35768,1.35752,1,2.07
10.08.2021 00:32:12.648,1.35765,1.3575000000000002,1,1.1
10.08.2021 00:32:12.749,1.35765,1.3574700000000002,1,3.97
10.08.2021 00:32:12.857,1.35764,1.3574700000000002,1,3.22
10.08.2021 00:32:14.509,1.3576700000000002,1.35753,1,1
10.08.2021 00:32:14.610,1.35768,1.35755,1,1.25
10.08.2021 00:32:14.711,1.35769,1.35754,1,1.25
10.08.2021 00:32:14.812,1.3577100000000002,1.35755,1,2.35
10.08.2021 00:32:15.115,1.35772,1.35756,1,2.32
10.08.2021 00:32:15.854,1.35776,1.35762,1,1.5
10.08.2021 00:32:15.956,1.35779,1.35762,1,1.5
10.08.2021 00:32:16.057,1.35776,1.35762,1,1.5
10.08.2021 00:32:16.108,1.35776,1.3576000000000001,1,3.45
10.08.2021 00:32:16.209,1.3577299999999999,1.3576000000000001,1,1.12
10.08.2021 00:32:16.311,1.35774,1.35758,1,1.12
10.08.2021 00:32:16.503,1.35774,1.35755,1,3.85
10.08.2021 00:32:17.449,1.35774,1.35755,1,3.85
10.08.2021 00:32:17.600,1.3577100000000002,1.35756,1,1.6
10.08.2021 00:32:18.668,1.35772,1.35755,1,1.2
10.08.2021 00:32:28.245,1.35772,1.35755,1,1.7
10.08.2021 00:32:31.238,1.3577100000000002,1.35756,1,1.57
10.08.2021 00:32:33.775,1.35768,1.35755,1,1
10.08.2021 00:32:35.541,1.35769,1.35754,1,1
10.08.2021 00:32:45.036,1.3577100000000002,1.35753,1,2.75
10.08.2021 00:32:55.710,1.3577100000000002,1.35755,1,1
10.08.2021 00:32:55.847,1.3577000000000001,1.35754,1,1.72
10.08.2021 00:32:55.949,1.3577100000000002,1.35756,1,1
10.08.2021 00:32:56.925,1.35772,1.35755,1,1.1
10.08.2021 00:33:34.598,1.35772,1.3575700000000002,1,1.5
10.08.2021 00:33:35.658,1.3577299999999999,1.35756,1,1.62
10.08.2021 00:33:48.310,1.3577100000000002,1.3575700000000002,1,1
10.08.2021 00:33:48.411,1.3577100000000002,1.35756,1,1
10.08.2021 00:33:48.461,1.3577100000000002,1.35756,1,1
10.08.2021 00:33:51.360,1.3577000000000001,1.35755,1,1
10.08.2021 00:34:01.741,1.3577100000000002,1.35755,1,2.37
10.08.2021 00:34:02.418,1.3577100000000002,1.35755,1,2.37
10.08.2021 00:34:03.417,1.35772,1.35754,1,3.87
10.08.2021 00:34:05.422,1.35772,1.35754,1,3.87
10.08.2021 00:34:06.430,1.35772,1.35754,1,3.87
10.08.2021 00:34:06.843,1.35772,1.35755,1,1
10.08.2021 00:34:07.021,1.3577299999999999,1.35755,1,1.62
10.08.2021 00:34:11.989,1.35774,1.35759,1,1
10.08.2021 00:34:29.844,1.3577700000000001,1.35763,1,1
10.08.2021 00:34:32.226,1.3578100000000002,1.35766,1,1
10.08.2021 00:34:34.157,1.35783,1.35766,1,1
10.08.2021 00:34:35.174,1.35782,1.3576700000000002,1,1.5
10.08.2021 00:35:06.178,1.3578100000000002,1.35765,1,1.5
10.08.2021 00:35:06.279,1.35776,1.3576000000000001,1,2.62
10.08.2021 00:35:06.329,1.35772,1.3576100000000002,1,1
10.08.2021 00:35:06.430,1.3577100000000002,1.3575700000000002,1,1
10.08.2021 00:35:06.480,1.3577000000000001,1.35754,1,1
10.08.2021 00:35:06.833,1.35769,1.35752,1,1
10.08.2021 00:35:08.442,1.35768,1.35754,1,1
10.08.2021 00:35:08.493,1.35772,1.35756,1,1
10.08.2021 00:35:08.594,1.35774,1.35758,1,1
10.08.2021 00:35:11.113,1.35775,1.35759,1,1
10.08.2021 00:35:20.206,1.3577299999999999,1.35759,1,1
10.08.2021 00:35:28.259,1.35775,1.35759,1,1
10.08.2021 00:35:28.694,1.35776,1.3576100000000002,1,2
10.08.2021 00:35:28.795,1.35778,1.35764,1,1.12
10.08.2021 00:35:28.846,1.35778,1.35764,1,1.5
10.08.2021 00:35:28.896,1.35778,1.35764,1,1.12
10.08.2021 00:35:29.044,1.35779,1.35764,1,1.12
10.08.2021 00:35:30.788,1.3578000000000001,1.35763,1,1.5
10.08.2021 00:35:32.099,1.35779,1.35764,1,1
10.08.2021 00:35:32.150,1.3577700000000001,1.3576000000000001,1,2
10.08.2021 00:35:32.251,1.35776,1.3576100000000002,1,1.5
10.08.2021 00:35:32.352,1.3577299999999999,1.3576100000000002,1,1
10.08.2021 00:35:57.861,1.3577299999999999,1.3576000000000001,1,1
10.08.2021 00:35:57.911,1.35772,1.3575700000000002,1,1.5
10.08.2021 00:35:57.962,1.3577299999999999,1.35756,1,1.12
10.08.2021 00:36:03.944,1.3577299999999999,1.35759,1,1
10.08.2021 00:37:05.547,1.35772,1.35756,1,1.5
10.08.2021 00:37:05.698,1.3577100000000002,1.35755,1,1.12
10.08.2021 00:37:22.789,1.35769,1.35754,1,1.5
10.08.2021 00:37:27.829,1.3577000000000001,1.35756,1,1.12
10.08.2021 00:37:43.484,1.35772,1.35756,1,1
10.08.2021 00:37:46.217,1.3577299999999999,1.3575700000000002,1,1
10.08.2021 00:37:51.127,1.3577100000000002,1.3575700000000002,1,1.5
10.08.2021 00:37:51.228,1.3577000000000001,1.35754,1,1.5
10.08.2021 00:37:51.279,1.35769,1.35755,1,1.12
10.08.2021 00:37:52.279,1.3577000000000001,1.35754,1,1.5
10.08.2021 00:37:56.138,1.3577100000000002,1.35755,1,1.12
10.08.2021 00:37:58.834,1.35769,1.35755,1,1
10.08.2021 00:37:58.884,1.35764,1.35749,1,1.5
10.08.2021 00:37:58.985,1.35758,1.35743,1,1.5
10.08.2021 00:37:59.086,1.35758,1.35741,1,1.87
10.08.2021 00:38:00.118,1.3575700000000002,1.35743,1,1
10.08.2021 00:38:03.640,1.35759,1.35745,1,1
10.08.2021 00:38:14.189,1.3575700000000002,1.35743,1,1
10.08.2021 00:38:51.080,1.35755,1.35741,1,1
10.08.2021 00:39:15.682,1.35755,1.35738,1,1.12
10.08.2021 00:39:23.482,1.35754,1.3573700000000002,1,1.12
10.08.2021 00:39:33.115,1.35752,1.35738,1,1
10.08.2021 00:40:08.626,1.35753,1.3573600000000001,1,1.12
10.08.2021 00:40:13.789,1.35752,1.3573600000000001,1,1.12
10.08.2021 00:40:51.024,1.35753,1.3573700000000002,1,1
10.08.2021 00:40:53.668,1.35754,1.3573700000000002,1,1
10.08.2021 00:40:56.552,1.35753,1.35739,1,1
10.08.2021 00:41:53.213,1.35752,1.35738,1,1
10.08.2021 00:41:53.325,1.35752,1.3573700000000002,1,1
10.08.2021 00:41:58.617,1.35752,1.35738,1,1.12
10.08.2021 00:42:25.737,1.35753,1.35739,1,1
10.08.2021 00:42:25.988,1.35755,1.35739,1,1
10.08.2021 00:42:26.139,1.3575700000000002,1.35741,1,1
10.08.2021 00:42:26.845,1.35758,1.35743,1,1.12
10.08.2021 00:42:26.896,1.3575700000000002,1.35741,1,2
10.08.2021 00:42:26.947,1.35759,1.35746,1,1
10.08.2021 00:42:28.222,1.3576100000000002,1.35745,1,1
10.08.2021 00:42:34.219,1.35762,1.35748,1,1
10.08.2021 00:42:34.320,1.35763,1.3575000000000002,1,1
10.08.2021 00:42:36.087,1.35764,1.3575000000000002,1,1
10.08.2021 00:42:44.720,1.35765,1.35748,1,1.62
10.08.2021 00:42:44.821,1.35764,1.35748,1,1.12
10.08.2021 00:42:58.913,1.35765,1.35749,1,1
10.08.2021 00:43:03.424,1.35764,1.35748,1,1
10.08.2021 00:43:09.478,1.35765,1.35749,1,1
10.08.2021 00:43:14.468,1.35766,1.35752,1,1.5
10.08.2021 00:43:14.573,1.35769,1.35755,1,1.5
10.08.2021 00:43:14.828,1.3577000000000001,1.35754,1,1
10.08.2021 00:43:16.264,1.35768,1.35752,1,1.5
10.08.2021 00:43:17.742,1.35766,1.35752,1,1
10.08.2021 00:43:48.075,1.35765,1.35751,1,1
10.08.2021 00:43:49.756,1.35764,1.35748,1,1.12
10.08.2021 00:43:49.862,1.35762,1.35748,1,1.12
10.08.2021 00:43:51.517,1.35764,1.35748,1,1
10.08.2021 00:44:03.958,1.35764,1.35748,1,1.5
10.08.2021 00:44:04.009,1.3576700000000002,1.35751,1,1.5
10.08.2021 00:44:04.160,1.35768,1.35756,1,1
10.08.2021 00:44:07.029,1.3577000000000001,1.35756,1,1
10.08.2021 00:44:10.486,1.35768,1.35754,1,1.5
10.08.2021 00:44:11.615,1.35768,1.35754,1,1.12
10.08.2021 00:44:12.199,1.3577100000000002,1.35754,1,1
10.08.2021 00:44:20.647,1.3577100000000002,1.35754,1,1.5
10.08.2021 00:44:48.608,1.35769,1.35753,1,1.5
10.08.2021 00:44:48.759,1.35764,1.35754,1,1
10.08.2021 00:44:48.861,1.35765,1.35751,1,1.12
10.08.2021 00:44:48.912,1.35763,1.35749,1,2
10.08.2021 00:44:49.018,1.3576100000000002,1.35748,1,1
10.08.2021 00:44:49.119,1.35759,1.35749,1,1
10.08.2021 00:44:49.237,1.3576000000000001,1.35745,1,1
10.08.2021 00:44:49.454,1.35759,1.35745,1,2
10.08.2021 00:44:50.023,1.35759,1.35745,1,1.5
10.08.2021 00:45:04.048,1.35759,1.35745,1,1.5
10.08.2021 00:45:05.525,1.35759,1.35743,1,1.5
10.08.2021 00:45:05.626,1.35759,1.35743,1,1
10.08.2021 00:45:05.676,1.35754,1.35742,1,1.12
10.08.2021 00:45:05.727,1.35754,1.35739,1,1
10.08.2021 00:45:05.777,1.35751,1.35735,1,1
10.08.2021 00:45:05.828,1.35745,1.35732,1,3.75
10.08.2021 00:45:05.929,1.35744,1.3573000000000002,1,1
10.08.2021 00:45:06.180,1.35746,1.3573000000000002,1,1
10.08.2021 00:45:07.100,1.3574700000000002,1.35733,1,1
10.08.2021 00:45:07.562,1.35748,1.35734,1,1
10.08.2021 00:45:07.944,1.35751,1.35734,2.25,1
10.08.2021 00:45:07.994,1.3574700000000002,1.35735,1,1
10.08.2021 00:45:08.095,1.3574700000000002,1.35738,1,1
10.08.2021 00:45:08.305,1.3574700000000002,1.35739,1,1
10.08.2021 00:45:08.355,1.3575000000000002,1.35738,1,1
10.08.2021 00:45:08.542,1.35749,1.3573700000000002,1,1.5
10.08.2021 00:45:08.693,1.3575000000000002,1.35738,1,1
10.08.2021 00:45:08.744,1.35753,1.35739,1,1
10.08.2021 00:45:27.641,1.35752,1.3573600000000001,1,1.12
10.08.2021 00:45:28.340,1.35749,1.3573600000000001,1,1
10.08.2021 00:45:28.441,1.3574700000000002,1.3573600000000001,1,1
10.08.2021 00:45:29.164,1.35748,1.35733,1,2.37
10.08.2021 00:45:35.544,1.3574700000000002,1.35731,1,3.12
10.08.2021 00:45:35.710,1.35748,1.35733,1,1.5
10.08.2021 00:46:17.882,1.35751,1.35735,1.12,1.5
10.08.2021 00:46:28.144,1.35748,1.35732,1,2.75
10.08.2021 00:46:28.283,1.35752,1.35735,1.5,1.5
10.08.2021 00:46:28.473,1.35749,1.35733,1,2.75
10.08.2021 00:46:28.679,1.35753,1.35734,1.5,1.5
10.08.2021 00:46:28.863,1.3575000000000002,1.35733,1,3.5
10.08.2021 00:46:29.015,1.35752,1.35735,1.5,1.5
10.08.2021 00:46:29.176,1.35748,1.35733,1,2.75
10.08.2021 00:46:29.226,1.35753,1.35734,1.5,1.5
10.08.2021 00:46:30.288,1.35753,1.35734,1,1
10.08.2021 00:46:32.588,1.35753,1.35734,2.62,1.5
10.08.2021 00:46:33.588,1.35752,1.35735,1.12,1.5
10.08.2021 00:46:50.661,1.35752,1.35735,1.12,1.5
10.08.2021 00:46:52.423,1.3575000000000002,1.35734,1,1.5
10.08.2021 00:46:52.672,1.3575000000000002,1.35734,1,1.5
10.08.2021 00:46:52.971,1.35751,1.35732,1,1.5
10.08.2021 00:47:04.585,1.35744,1.3573000000000002,1,2.37
10.08.2021 00:47:04.636,1.35744,1.3573000000000002,1.1,1
10.08.2021 00:47:04.686,1.35738,1.35725,1,1.5
10.08.2021 00:47:04.787,1.35739,1.35722,2.25,1.5
10.08.2021 00:47:04.838,1.35738,1.35721,1,1.12
10.08.2021 00:47:05.140,1.3573600000000001,1.3571900000000001,1,1.5
10.08.2021 00:47:05.291,1.35733,1.35718,1,1.5
10.08.2021 00:47:05.341,1.35733,1.35718,1,1
10.08.2021 00:47:06.150,1.3573700000000002,1.35718,1,1
10.08.2021 00:47:09.503,1.35732,1.3571700000000002,1,1.87
10.08.2021 00:47:09.643,1.3573600000000001,1.3571900000000001,1,1
10.08.2021 00:47:09.813,1.35735,1.3571600000000001,1,2.62
10.08.2021 00:47:09.963,1.3573600000000001,1.3571900000000001,1,1
10.08.2021 00:47:10.114,1.35732,1.3571700000000002,1,1.87
10.08.2021 00:47:10.213,1.3573700000000002,1.35718,1,1
10.08.2021 00:47:10.438,1.35733,1.3571600000000001,1,1.87
10.08.2021 00:47:10.539,1.3573700000000002,1.35718,1,1
10.08.2021 00:47:10.663,1.3573000000000002,1.3571700000000002,1,1.87
10.08.2021 00:47:10.833,1.3573600000000001,1.3571900000000001,1,1
10.08.2021 00:47:10.953,1.35733,1.3571600000000001,1,1.87
10.08.2021 00:47:11.105,1.3573700000000002,1.35718,1,1
10.08.2021 00:47:11.204,1.35733,1.3571600000000001,1,1.87
10.08.2021 00:47:11.254,1.3573600000000001,1.3571900000000001,1,1
10.08.2021 00:47:12.025,1.35738,1.3571900000000001,1.2,1
10.08.2021 00:47:13.026,1.35733,1.3571900000000001,1,1
10.08.2021 00:47:16.053,1.35733,1.3571700000000002,1,1
10.08.2021 00:47:16.488,1.35733,1.3571900000000001,1,1
10.08.2021 00:47:20.925,1.3573700000000002,1.3571900000000001,1.5,1
10.08.2021 00:47:35.575,1.35735,1.3572,1.5,1
10.08.2021 00:47:36.003,1.3573700000000002,1.3572,2.32,1
10.08.2021 00:47:36.458,1.35738,1.3572,1.5,1
10.08.2021 00:47:36.928,1.35738,1.35721,2.25,1
10.08.2021 00:47:47.296,1.35741,1.35722,2.25,1
10.08.2021 00:47:47.708,1.3574000000000002,1.35724,1.5,1
10.08.2021 00:47:47.814,1.35741,1.35724,1.12,1
10.08.2021 00:47:49.950,1.35741,1.35724,1,1
10.08.2021 00:47:56.562,1.35741,1.3572700000000002,1.57,1
10.08.2021 00:47:56.668,1.3574000000000002,1.35723,1,1
10.08.2021 00:47:56.769,1.35738,1.35723,1,1
10.08.2021 00:47:56.819,1.35735,1.35723,1,1
10.08.2021 00:47:56.977,1.3573600000000001,1.35723,1,1
10.08.2021 00:47:57.028,1.35735,1.35722,1,1.5
10.08.2021 00:47:57.183,1.35735,1.3572600000000001,1,1
10.08.2021 00:47:57.553,1.3573600000000001,1.35724,1,1
10.08.2021 00:47:57.692,1.3573600000000001,1.35721,1,1.5
10.08.2021 00:47:57.803,1.3573600000000001,1.35723,1,1
10.08.2021 00:47:57.933,1.35735,1.35722,1,1.5
10.08.2021 00:47:58.124,1.3573600000000001,1.35723,1,1
10.08.2021 00:47:58.273,1.35735,1.35722,1,1.5
10.08.2021 00:47:58.442,1.35735,1.35724,1,1
10.08.2021 00:47:58.563,1.35735,1.35722,1,1.5
10.08.2021 00:47:58.663,1.3573600000000001,1.3572600000000001,1,1
10.08.2021 00:47:58.873,1.3573600000000001,1.35721,1,1.5
10.08.2021 00:48:00.523,1.3573700000000002,1.35722,1,1.5
10.08.2021 00:48:17.498,1.3573700000000002,1.3572,1.12,1.5
10.08.2021 00:48:17.649,1.3573600000000001,1.35721,1.12,1
10.08.2021 00:48:17.814,1.3573700000000002,1.3572,1.5,1
10.08.2021 00:48:35.692,1.3573600000000001,1.35721,1.12,1
10.08.2021 00:48:39.323,1.3574000000000002,1.35725,1.1,1
10.08.2021 00:48:39.433,1.3573600000000001,1.35721,1.12,1
10.08.2021 00:48:39.652,1.35739,1.3572600000000001,1.1,1
10.08.2021 00:48:39.773,1.3573700000000002,1.3572,1.12,1
10.08.2021 00:48:39.903,1.35739,1.35724,1.7,1
10.08.2021 00:48:40.083,1.3573600000000001,1.35721,1.12,1
10.08.2021 00:48:40.249,1.3574000000000002,1.35723,1.7,1
10.08.2021 00:48:40.350,1.35738,1.35723,1.5,1
10.08.2021 00:48:40.451,1.3573600000000001,1.3571900000000001,1,1.5
10.08.2021 00:48:40.523,1.35739,1.35724,1.7,1
10.08.2021 00:48:40.643,1.35735,1.3572,1,1.5
10.08.2021 00:48:52.761,1.35735,1.3572,1.5,1.5
10.08.2021 00:48:52.963,1.35735,1.35718,1.12,1
10.08.2021 00:48:53.065,1.35735,1.35718,1.5,1
10.08.2021 00:48:54.559,1.35735,1.35718,1.12,1
10.08.2021 00:48:55.704,1.35735,1.35718,1.5,1
10.08.2021 00:49:10.230,1.35734,1.3571900000000001,1.12,1
10.08.2021 00:49:10.333,1.3573600000000001,1.3571900000000001,1.5,1
10.08.2021 00:49:10.455,1.3573600000000001,1.3571900000000001,1.12,1
10.08.2021 00:49:10.657,1.35738,1.35721,2.37,1
10.08.2021 00:49:12.393,1.3573700000000002,1.35723,1.5,1
10.08.2021 00:49:12.494,1.35738,1.35722,1.12,1
10.08.2021 00:49:13.846,1.35738,1.35723,1.12,1
10.08.2021 00:49:31.404,1.3574000000000002,1.3572600000000001,1.1,1
10.08.2021 00:49:31.563,1.35739,1.35724,1,1
10.08.2021 00:49:31.713,1.3574000000000002,1.35725,1.57,1
10.08.2021 00:49:31.841,1.3574000000000002,1.35723,1,1
10.08.2021 00:49:31.953,1.35741,1.35724,1.57,1
10.08.2021 00:49:32.113,1.3574000000000002,1.35723,1,1
10.08.2021 00:49:32.313,1.35741,1.35725,1.1,1
10.08.2021 00:49:32.413,1.35739,1.35724,1,1
10.08.2021 00:49:32.603,1.3574000000000002,1.3572700000000002,1.1,1
10.08.2021 00:49:32.773,1.35739,1.35724,1,1
10.08.2021 00:49:32.943,1.35741,1.3572700000000002,1.1,1
10.08.2021 00:49:33.244,1.35739,1.35724,1,1
10.08.2021 00:49:43.048,1.35738,1.35721,1,1
10.08.2021 00:50:13.673,1.35734,1.35718,1,1.87
10.08.2021 00:50:13.803,1.35738,1.35721,1,1
10.08.2021 00:50:13.923,1.35734,1.35718,1,1.87
10.08.2021 00:50:14.073,1.35738,1.35721,1,1
10.08.2021 00:50:14.256,1.35735,1.3572,1,1
10.08.2021 00:50:14.413,1.3573700000000002,1.35722,1,1
10.08.2021 00:50:14.573,1.35733,1.35718,1,1.87
10.08.2021 00:50:14.731,1.35738,1.35721,1,1
10.08.2021 00:50:14.813,1.35733,1.3571900000000001,1,1.87
10.08.2021 00:50:14.933,1.35738,1.35721,1,1
10.08.2021 00:50:41.255,1.3573700000000002,1.3572,1,1
10.08.2021 00:50:41.356,1.35735,1.35718,1,1.12
10.08.2021 00:50:41.642,1.35732,1.3571700000000002,1,1
10.08.2021 00:51:00.121,1.35735,1.35718,1.12,1
10.08.2021 00:51:00.375,1.3573600000000001,1.3571900000000001,1.12,1
10.08.2021 00:51:00.677,1.3573700000000002,1.3572,1,1
10.08.2021 00:51:01.872,1.35735,1.35718,1,2.82
10.08.2021 00:51:02.022,1.3573700000000002,1.35722,1,1
10.08.2021 00:51:02.173,1.35735,1.35718,1,2.82
10.08.2021 00:51:02.313,1.3573700000000002,1.35722,1,1
10.08.2021 00:51:02.426,1.35734,1.3571900000000001,1,2.82
10.08.2021 00:51:02.613,1.3573700000000002,1.35722,1,1
10.08.2021 00:51:02.782,1.35735,1.35718,1,2.82
10.08.2021 00:51:02.924,1.3573700000000002,1.35722,1,1
10.08.2021 00:51:03.103,1.35734,1.35718,1,2.07
10.08.2021 00:51:03.293,1.35738,1.35721,1,1
10.08.2021 00:51:03.403,1.35734,1.35718,1,2.07
10.08.2021 00:51:03.593,1.35738,1.35721,1,1
10.08.2021 00:51:03.723,1.35734,1.3571900000000001,1,2.82
10.08.2021 00:51:03.923,1.3573700000000002,1.35722,1,1
10.08.2021 00:51:05.670,1.35738,1.35723,1,1
10.08.2021 00:51:05.821,1.3574000000000002,1.35724,1.12,1
10.08.2021 00:51:06.780,1.35741,1.35724,1,1
10.08.2021 00:51:06.881,1.35741,1.3572600000000001,1,1
10.08.2021 00:51:13.649,1.35742,1.3572700000000002,1,1
10.08.2021 00:51:13.750,1.35745,1.35728,1.5,1
10.08.2021 00:51:13.951,1.35745,1.3573000000000002,1,1
10.08.2021 00:51:14.052,1.3574700000000002,1.35732,1.5,1
10.08.2021 00:51:14.153,1.3574700000000002,1.35732,1.12,1
10.08.2021 00:51:22.723,1.35745,1.3573000000000002,1,1
10.08.2021 00:51:22.824,1.35745,1.35728,1,1.12
10.08.2021 00:51:22.991,1.35743,1.35728,1,1.5
10.08.2021 00:51:23.847,1.35744,1.3572700000000002,1,1
10.08.2021 00:51:44.515,1.35745,1.35728,1,1
10.08.2021 00:51:48.458,1.3574700000000002,1.35731,1,1.12
10.08.2021 00:51:48.559,1.35751,1.35734,1.12,1.12
10.08.2021 00:51:48.924,1.35751,1.3573600000000001,1.87,1
10.08.2021 00:51:50.454,1.35751,1.3573700000000002,1,1
10.08.2021 00:51:51.531,1.35753,1.3573600000000001,1,1
10.08.2021 00:51:58.853,1.35756,1.3574000000000002,2.75,1
10.08.2021 00:51:59.013,1.35753,1.3573600000000001,1,1
10.08.2021 00:51:59.155,1.35755,1.35741,2.75,1
10.08.2021 00:51:59.293,1.35752,1.3573700000000002,1,1
10.08.2021 00:51:59.484,1.35755,1.3574000000000002,3.5,1
10.08.2021 00:51:59.673,1.35752,1.3573700000000002,1,1
10.08.2021 00:51:59.814,1.35756,1.35739,3.5,1
10.08.2021 00:51:59.923,1.35753,1.3573600000000001,1,1
10.08.2021 00:52:00.043,1.35756,1.35741,2.75,1
10.08.2021 00:52:00.242,1.35752,1.3573700000000002,1,1
10.08.2021 00:52:12.282,1.35755,1.35738,1.12,1
10.08.2021 00:52:13.108,1.35755,1.35745,1,1
10.08.2021 00:52:13.158,1.35758,1.35742,1,1
10.08.2021 00:52:13.209,1.35759,1.35742,1,2.75
10.08.2021 00:52:13.310,1.35763,1.3575000000000002,1.12,1
10.08.2021 00:52:13.361,1.35763,1.35746,1,1
10.08.2021 00:52:14.474,1.35763,1.35752,1,1
10.08.2021 00:52:14.524,1.35765,1.35749,1.5,1
10.08.2021 00:52:14.625,1.35764,1.35749,1,1
10.08.2021 00:52:14.726,1.35764,1.35746,1,1
10.08.2021 00:52:16.233,1.3576000000000001,1.35745,1,1.5
10.08.2021 00:52:17.973,1.35758,1.35743,1,1
10.08.2021 00:52:18.074,1.3575700000000002,1.35742,1,1.12
10.08.2021 00:52:18.175,1.35756,1.35739,1,1
10.08.2021 00:52:18.297,1.35754,1.35739,1,1.12
10.08.2021 00:52:22.914,1.35752,1.3573700000000002,1,1.5
10.08.2021 00:52:23.116,1.35751,1.3573600000000001,1,1
10.08.2021 00:52:23.267,1.3575000000000002,1.35735,1,1
10.08.2021 00:52:26.374,1.35749,1.35734,1,1
10.08.2021 00:52:27.752,1.3575000000000002,1.35735,1,1
10.08.2021 00:52:27.854,1.35751,1.35735,1.5,1
10.08.2021 00:52:30.835,1.35753,1.3573600000000001,2,1
10.08.2021 00:52:31.200,1.35753,1.3573600000000001,1.5,1
10.08.2021 00:52:38.553,1.3574700000000002,1.35735,1,1.5
10.08.2021 00:52:38.761,1.35753,1.3573600000000001,1,1
10.08.2021 00:52:38.943,1.35749,1.35735,1,1
10.08.2021 00:52:39.133,1.35753,1.3573600000000001,1,1
10.08.2021 00:52:39.273,1.35751,1.3573600000000001,1,1
10.08.2021 00:52:39.393,1.35752,1.3573700000000002,1,1
10.08.2021 00:52:39.503,1.3575000000000002,1.35734,1,1
10.08.2021 00:52:39.633,1.35752,1.3573700000000002,1,1
10.08.2021 00:52:39.853,1.35749,1.35735,1,1
10.08.2021 00:52:39.943,1.35752,1.3573700000000002,1,1
10.08.2021 00:52:57.599,1.35751,1.35734,1.12,1
10.08.2021 00:52:57.778,1.3575000000000002,1.35732,1,1.87
10.08.2021 00:52:57.929,1.3575000000000002,1.35735,1.12,1
10.08.2021 00:53:07.174,1.35752,1.3573700000000002,1.12,1
10.08.2021 00:53:10.011,1.35754,1.3573700000000002,1,1
10.08.2021 00:53:19.790,1.35756,1.35739,1,1
10.08.2021 00:53:33.955,1.35756,1.35741,1,1
10.08.2021 00:53:34.108,1.35755,1.35738,1,1
10.08.2021 00:53:34.232,1.3575700000000002,1.3574000000000002,1.5,1
10.08.2021 00:53:34.386,1.35755,1.3574000000000002,1,1
10.08.2021 00:53:34.564,1.35756,1.35742,1,1
10.08.2021 00:53:34.615,1.35756,1.35739,1,1
10.08.2021 00:53:34.703,1.3575700000000002,1.35741,1,1
10.08.2021 00:53:34.833,1.35755,1.3574000000000002,1,1
10.08.2021 00:53:34.993,1.35756,1.35742,1,1
10.08.2021 00:53:35.152,1.35755,1.3574000000000002,1,1
10.08.2021 00:53:35.323,1.35756,1.35744,1,1
10.08.2021 00:53:35.513,1.35755,1.3574000000000002,1,1
10.08.2021 00:53:43.803,1.35753,1.35738,1,1.12
10.08.2021 00:53:57.861,1.35753,1.35738,1.5,1
10.08.2021 00:53:59.866,1.35754,1.3573700000000002,1.5,1
10.08.2021 00:54:03.728,1.35751,1.3573600000000001,1.12,1.5
10.08.2021 00:54:03.829,1.35751,1.35734,1,1.5
10.08.2021 00:54:03.880,1.3575000000000002,1.35735,1.12,1
10.08.2021 00:54:03.930,1.35749,1.35732,1,1.12
10.08.2021 00:54:04.032,1.35741,1.35728,1,1.62
10.08.2021 00:54:04.251,1.3574000000000002,1.3572700000000002,1,1
10.08.2021 00:54:04.352,1.3574000000000002,1.35723,1,1
10.08.2021 00:54:04.901,1.35738,1.35723,1,1
10.08.2021 00:54:05.156,1.35738,1.35721,1,1
10.08.2021 00:54:05.710,1.3573600000000001,1.3571900000000001,1,1
10.08.2021 00:54:06.268,1.35733,1.35718,1,1
10.08.2021 00:54:10.053,1.35735,1.35722,1,1
10.08.2021 00:54:10.272,1.35735,1.35718,1,1
10.08.2021 00:54:10.424,1.35735,1.35723,1,1
10.08.2021 00:54:10.601,1.35735,1.35718,1,1
10.08.2021 00:54:10.772,1.3573600000000001,1.35722,1,1
10.08.2021 00:54:10.930,1.35734,1.3571900000000001,1,1
10.08.2021 00:54:11.043,1.35735,1.35722,1,1
10.08.2021 00:54:11.210,1.35734,1.3571900000000001,1,1
10.08.2021 00:54:11.364,1.3573600000000001,1.3572,1,1
10.08.2021 00:54:11.492,1.35735,1.35718,1,1
10.08.2021 00:54:11.603,1.35735,1.35722,1,1
10.08.2021 00:54:11.654,1.35734,1.3571900000000001,1,1
10.08.2021 00:54:16.683,1.3573600000000001,1.3571900000000001,1,1
10.08.2021 00:54:19.225,1.35738,1.35721,1,1
10.08.2021 00:54:23.543,1.35739,1.35722,1,1
10.08.2021 00:54:23.644,1.35739,1.35724,1.12,1
10.08.2021 00:54:32.422,1.35738,1.35723,1,1
10.08.2021 00:54:41.487,1.35738,1.35721,1,1
10.08.2021 00:54:41.588,1.3573600000000001,1.3571900000000001,1,1.5
10.08.2021 00:54:42.230,1.35735,1.3572,1,1.12
10.08.2021 00:54:48.990,1.35733,1.35718,1,2.75
10.08.2021 00:54:49.123,1.3573700000000002,1.3571900000000001,1,1
10.08.2021 00:54:49.330,1.35731,1.35718,1,1.87
10.08.2021 00:54:49.473,1.3573700000000002,1.3571900000000001,1,1
10.08.2021 00:54:49.592,1.35732,1.35718,1,1.87
10.08.2021 00:54:49.753,1.3573600000000001,1.3572,1,1
10.08.2021 00:54:49.953,1.35732,1.3571700000000002,1,1.87
10.08.2021 00:54:50.123,1.3573700000000002,1.3571900000000001,1,1
10.08.2021 00:54:50.242,1.35732,1.3571700000000002,1,1.87
10.08.2021 00:54:50.383,1.3573700000000002,1.3571900000000001,1,1
10.08.2021 00:54:50.591,1.35732,1.35718,1,1.87
10.08.2021 00:54:50.692,1.35735,1.3572,1,1
10.08.2021 00:54:50.812,1.35732,1.35718,1,1.87
10.08.2021 00:54:50.923,1.35735,1.3572,1,1
10.08.2021 00:54:51.023,1.35733,1.3571700000000002,1,1.87
10.08.2021 00:54:51.143,1.35735,1.3572,1,1
10.08.2021 00:54:59.990,1.35735,1.35718,1,1.12
10.08.2021 00:55:00.242,1.35735,1.3572,1,1
10.08.2021 00:55:22.428,1.35738,1.35721,1.5,1
10.08.2021 00:55:35.972,1.35734,1.35721,1,1
10.08.2021 00:55:36.103,1.35738,1.35721,1,1
10.08.2021 00:55:36.303,1.35734,1.3572,1,1
10.08.2021 00:55:36.505,1.3573700000000002,1.35722,1,1
10.08.2021 00:55:36.603,1.35733,1.3572,1,1
10.08.2021 00:55:36.759,1.35738,1.35721,1,1
10.08.2021 00:55:36.873,1.35733,1.3572,1,1
10.08.2021 00:55:37.089,1.3573700000000002,1.35722,1,1
10.08.2021 00:55:41.893,1.35738,1.35723,1,1
10.08.2021 00:56:17.393,1.3573600000000001,1.35721,1,1
10.08.2021 00:56:17.553,1.3574000000000002,1.35723,1,1
10.08.2021 00:56:18.021,1.35734,1.35722,1,1
10.08.2021 00:56:18.083,1.35739,1.35724,1,1
10.08.2021 00:56:18.242,1.35735,1.35721,1,1
10.08.2021 00:56:18.293,1.35739,1.35724,1,1
10.08.2021 00:56:48.863,1.3574000000000002,1.3572600000000001,1,1
10.08.2021 00:56:49.077,1.3574000000000002,1.35723,1,1
10.08.2021 00:56:49.242,1.35741,1.35725,1,1
10.08.2021 00:56:49.433,1.3574000000000002,1.35723,1,1
10.08.2021 00:56:49.563,1.3574000000000002,1.35728,1,1
10.08.2021 00:56:49.722,1.35739,1.35724,1,1
10.08.2021 00:56:49.912,1.35741,1.3572600000000001,1,1
10.08.2021 00:56:50.082,1.3574000000000002,1.35723,1,1
10.08.2021 00:56:50.273,1.35741,1.3572600000000001,1,1
10.08.2021 00:56:50.432,1.3574000000000002,1.35723,1,1
10.08.2021 00:57:00.112,1.3574000000000002,1.35722,1,1.12
10.08.2021 00:57:00.162,1.35743,1.35723,1.5,1
10.08.2021 00:57:00.263,1.35743,1.35725,1.62,1
10.08.2021 00:57:00.364,1.35744,1.35724,1.5,1
10.08.2021 00:57:03.016,1.35745,1.3572700000000002,1.5,1
10.08.2021 00:57:03.144,1.35746,1.3572600000000001,1.12,1
10.08.2021 00:57:29.817,1.35743,1.3572600000000001,1,1
10.08.2021 00:57:30.486,1.35742,1.35725,1.12,1
10.08.2021 00:57:30.587,1.35741,1.35722,1,1
10.08.2021 00:57:30.889,1.3574000000000002,1.35721,1,1
10.08.2021 00:57:36.162,1.35741,1.3572700000000002,1,1
10.08.2021 00:57:36.343,1.3574000000000002,1.3572,1,1
10.08.2021 00:57:36.523,1.35741,1.35724,1,1
10.08.2021 00:57:36.692,1.35739,1.35721,1,1
10.08.2021 00:57:36.843,1.35742,1.3572600000000001,1,1
10.08.2021 00:57:37.032,1.35739,1.35721,1,1
10.08.2021 00:57:37.250,1.35742,1.35724,1,1
10.08.2021 00:57:37.323,1.35739,1.35721,1,1
10.08.2021 00:57:37.433,1.35742,1.35725,1,1
10.08.2021 00:57:37.613,1.35739,1.35721,1,1
10.08.2021 00:57:37.793,1.35742,1.35724,1,1
10.08.2021 00:57:37.844,1.3574000000000002,1.3572,1,1
10.08.2021 00:58:08.816,1.3574000000000002,1.35721,1,1
10.08.2021 00:58:08.917,1.35739,1.35721,1,1
10.08.2021 00:58:09.536,1.35735,1.3572,1,1
10.08.2021 00:58:18.653,1.35738,1.35722,1,1
10.08.2021 00:58:18.783,1.3573700000000002,1.3571900000000001,1,1
10.08.2021 00:58:18.943,1.35738,1.35724,1,1
10.08.2021 00:58:19.119,1.3573600000000001,1.3572,1,1
10.08.2021 00:58:19.233,1.3573700000000002,1.35723,1,1
10.08.2021 00:58:19.393,1.3573700000000002,1.3571900000000001,1,1
10.08.2021 00:58:19.575,1.35738,1.35721,1.5,1
10.08.2021 00:58:19.626,1.3573600000000001,1.3572,1,1
10.08.2021 00:58:33.402,1.35735,1.35718,1,1
10.08.2021 00:58:33.713,1.35735,1.3572,1,1
10.08.2021 00:58:43.864,1.35733,1.3571600000000001,1,1
10.08.2021 00:59:09.043,1.35735,1.35721,1,1
10.08.2021 00:59:09.243,1.35734,1.3571700000000002,1,1
10.08.2021 00:59:09.403,1.35734,1.35723,1,1
10.08.2021 00:59:09.553,1.35734,1.3571700000000002,1,1
10.08.2021 00:59:09.684,1.35734,1.35722,1,1
10.08.2021 00:59:09.813,1.35733,1.35718,1,1
10.08.2021 00:59:09.912,1.35734,1.35723,1,1
10.08.2021 00:59:10.023,1.35733,1.35718,1,1
10.08.2021 00:59:10.202,1.35734,1.35721,1,1
10.08.2021 00:59:10.345,1.35734,1.3571700000000002,1,1
10.08.2021 00:59:10.422,1.35734,1.3572,1,1
10.08.2021 00:59:10.552,1.35734,1.3571700000000002,1,1
10.08.2021 00:59:10.752,1.35735,1.35721,1,1
10.08.2021 00:59:10.902,1.35734,1.3571700000000002,1,1
10.08.2021 00:59:11.022,1.35735,1.35721,1,1
10.08.2021 00:59:11.073,1.35733,1.35718,1,1
10.08.2021 00:59:19.211,1.35733,1.3571600000000001,1,1
10.08.2021 00:59:34.237,1.35733,1.3571700000000002,1,1
10.08.2021 00:59:36.902,1.35735,1.35718,1,1
10.08.2021 00:59:39.923,1.3573600000000001,1.35718,1,1
10.08.2021 00:59:42.164,1.3573700000000002,1.35721,1,1
10.08.2021 00:59:42.304,1.35734,1.35718,1,1
10.08.2021 00:59:42.406,1.3573700000000002,1.3571900000000001,1.5,1
10.08.2021 00:59:42.583,1.35734,1.35718,1,1
10.08.2021 00:59:42.753,1.3573700000000002,1.35721,1,1
10.08.2021 00:59:42.942,1.35734,1.35718,1,1
10.08.2021 00:59:43.053,1.3573700000000002,1.3572,1,1
10.08.2021 00:59:43.212,1.35734,1.35718,1,1
10.08.2021 00:59:43.395,1.3573700000000002,1.35721,1,1
10.08.2021 00:59:43.552,1.35734,1.35718,1,1
10.08.2021 00:59:43.683,1.3573600000000001,1.3572,1.5,1
10.08.2021 00:59:43.814,1.35735,1.3571700000000002,1,1
10.08.2021 00:59:43.978,1.3573600000000001,1.3572,1.5,1
10.08.2021 00:59:44.145,1.35734,1.3571600000000001,1,1.12
10.08.2021 00:59:46.590,1.35734,1.3571900000000001,1,1
10.08.2021 00:59:51.158,1.35735,1.35718,1,1
10.08.2021 00:59:57.282,1.35734,1.3571700000000002,1,1
10.08.2021 01:00:00.315,1.35734,1.3571700000000002,1.62,1.5
10.08.2021 01:00:01.331,1.35733,1.3571700000000002,1.5,1.12
10.08.2021 01:00:02.337,1.35732,1.35714,1,1
10.08.2021 01:00:02.388,1.3572700000000002,1.35711,1.1,3.03
10.08.2021 01:00:02.439,1.35725,1.3570700000000002,1,1.5
10.08.2021 01:00:02.490,1.3572,1.3570600000000002,1,1.5
10.08.2021 01:00:02.540,1.3572,1.35704,1,1
10.08.2021 01:00:02.741,1.3571900000000001,1.35704,1,1
10.08.2021 01:00:12.426,1.3571900000000001,1.3570200000000001,1,1
10.08.2021 01:00:14.454,1.3571900000000001,1.3570200000000001,1,1
10.08.2021 01:00:14.656,1.3571900000000001,1.3570200000000001,1.5,1
10.08.2021 01:00:14.757,1.35718,1.35701,1.12,1
10.08.2021 01:00:14.807,1.3571700000000002,1.35698,1,1
10.08.2021 01:00:15.018,1.35715,1.3569700000000002,1,1
10.08.2021 01:00:15.119,1.35713,1.35695,1,1
10.08.2021 01:00:15.326,1.3571,1.35694,1,1
10.08.2021 01:00:21.381,1.3570900000000001,1.35691,1,2.25
10.08.2021 01:00:23.168,1.35711,1.35695,1,1
10.08.2021 01:00:26.623,1.3570900000000001,1.35693,1,2.45
10.08.2021 01:00:26.803,1.35712,1.35694,1,1.12
10.08.2021 01:00:26.983,1.3571,1.3569200000000001,1,2.45
10.08.2021 01:00:27.130,1.35712,1.35694,1,1.12
10.08.2021 01:00:27.271,1.3570900000000001,1.3569200000000001,1,1.7
10.08.2021 01:00:27.393,1.35711,1.35695,1,1.12
10.08.2021 01:00:27.603,1.35715,1.35699,1.3,1
10.08.2021 01:00:27.805,1.35715,1.357,1,1
10.08.2021 01:00:28.008,1.3571900000000001,1.35699,2,1
10.08.2021 01:00:28.059,1.35718,1.35698,2,1.5
10.08.2021 01:00:28.178,1.3571900000000001,1.35698,2,1
10.08.2021 01:00:28.542,1.3571600000000001,1.35701,1,1
10.08.2021 01:00:28.793,1.3571700000000002,1.35701,1,1
10.08.2021 01:00:28.894,1.3571700000000002,1.35703,1,1
10.08.2021 01:00:28.995,1.35718,1.35704,1,1
10.08.2021 01:00:29.096,1.35721,1.3570700000000002,1.12,1
10.08.2021 01:00:38.767,1.35725,1.3570700000000002,1.12,1
10.08.2021 01:00:47.694,1.3572600000000001,1.35708,1.12,1
10.08.2021 01:00:53.763,1.35725,1.35708,1,1
10.08.2021 01:01:00.575,1.3572600000000001,1.3571,1.12,1
10.08.2021 01:01:02.812,1.35728,1.3571,1.12,1
10.08.2021 01:01:03.526,1.3572700000000002,1.35712,1,1
10.08.2021 01:01:05.421,1.3573000000000002,1.35713,1,1
10.08.2021 01:01:11.302,1.3573000000000002,1.35715,1.5,1
10.08.2021 01:01:11.972,1.3573000000000002,1.35715,1.12,1
10.08.2021 01:01:12.879,1.35729,1.35714,1,1
10.08.2021 01:01:28.526,1.3573000000000002,1.3571600000000001,1,1
10.08.2021 01:01:28.907,1.35731,1.3571700000000002,1,1
10.08.2021 01:01:29.058,1.35733,1.35718,1,1.5
10.08.2021 01:01:29.460,1.35734,1.35718,1,1.5
10.08.2021 01:01:30.510,1.35734,1.3571900000000001,1,1
10.08.2021 01:01:30.962,1.3573700000000002,1.3572,1,1
10.08.2021 01:01:31.567,1.35735,1.35718,1,1
10.08.2021 01:01:33.159,1.35734,1.35718,1,1
10.08.2021 01:01:34.102,1.35732,1.3571700000000002,1,1
10.08.2021 01:01:38.602,1.35732,1.35715,1,1
10.08.2021 01:01:38.703,1.35731,1.35715,1,1
10.08.2021 01:01:38.804,1.35729,1.35714,1,1
10.08.2021 01:01:47.838,1.35728,1.35713,1,1
10.08.2021 01:01:50.336,1.3572700000000002,1.35712,1,1
10.08.2021 01:02:19.086,1.3572700000000002,1.35713,1,1
10.08.2021 01:02:22.886,1.35728,1.35714,1,1
10.08.2021 01:02:23.905,1.3573000000000002,1.3571600000000001,1,1.5
10.08.2021 01:02:27.267,1.35732,1.3571700000000002,1.12,1
10.08.2021 01:02:27.536,1.35733,1.3571900000000001,1.5,1
10.08.2021 01:02:27.637,1.35735,1.3571900000000001,1,1
10.08.2021 01:02:28.318,1.3573600000000001,1.35721,1,1
10.08.2021 01:02:43.027,1.3573600000000001,1.35722,1,1
10.08.2021 01:02:43.229,1.35739,1.35723,1,1
10.08.2021 01:02:43.734,1.3574000000000002,1.35725,1.5,1
10.08.2021 01:02:44.111,1.3574000000000002,1.35725,1,1
10.08.2021 01:02:45.034,1.35743,1.3572700000000002,1.12,1
10.08.2021 01:02:45.135,1.35743,1.35728,2.25,1
10.08.2021 01:02:47.576,1.35745,1.3573000000000002,1,1
10.08.2021 01:02:55.668,1.35746,1.35731,1.5,1
10.08.2021 01:02:56.966,1.35746,1.35732,1,1
10.08.2021 01:02:57.067,1.3574700000000002,1.35732,1,1
10.08.2021 01:02:57.719,1.35749,1.35732,1,1
10.08.2021 01:03:04.300,1.3574700000000002,1.35732,1,1
10.08.2021 01:03:05.620,1.35749,1.35734,1,1
10.08.2021 01:03:06.107,1.35751,1.35734,1.12,1
10.08.2021 01:03:06.543,1.35751,1.3573700000000002,1.87,1
10.08.2021 01:03:06.644,1.35753,1.35738,2.25,1
10.08.2021 01:03:07.652,1.35754,1.35739,1.12,1
10.08.2021 01:03:07.793,1.35756,1.35741,2,1
10.08.2021 01:03:07.894,1.3576000000000001,1.35745,2.37,1
10.08.2021 01:03:07.995,1.3576100000000002,1.35744,1.12,1
10.08.2021 01:03:08.414,1.35762,1.35745,1,1
10.08.2021 01:03:14.203,1.3576000000000001,1.35745,1,1
10.08.2021 01:03:46.202,1.35759,1.35742,1,1
10.08.2021 01:03:46.303,1.35754,1.35739,1,1.62
10.08.2021 01:03:46.454,1.35755,1.35738,1,1.5
10.08.2021 01:03:56.174,1.35756,1.35741,1,1
10.08.2021 01:03:58.712,1.35758,1.3574000000000002,1,1
10.08.2021 01:04:00.522,1.3575700000000002,1.3574000000000002,1,1
10.08.2021 01:04:04.190,1.35759,1.35741,1,1
10.08.2021 01:04:13.119,1.35758,1.35741,1,1
10.08.2021 01:04:15.026,1.35755,1.3574000000000002,1,1
10.08.2021 01:04:20.209,1.35753,1.35738,1,1
10.08.2021 01:04:20.310,1.35752,1.3573700000000002,1,1
10.08.2021 01:04:20.411,1.35752,1.3573600000000001,1,1
10.08.2021 01:04:20.712,1.35753,1.35739,1,1
10.08.2021 01:04:28.719,1.35754,1.3574000000000002,1.12,1
10.08.2021 01:04:29.606,1.35754,1.35738,1,1
10.08.2021 01:04:30.675,1.35752,1.35738,1,1
10.08.2021 01:04:30.725,1.35752,1.3573600000000001,1.5,1
10.08.2021 01:04:32.532,1.35752,1.35738,1,1
10.08.2021 01:04:42.002,1.3574700000000002,1.3573600000000001,1.5,1
10.08.2021 01:04:42.103,1.35739,1.35728,1,1.62
10.08.2021 01:04:42.204,1.3574000000000002,1.3572600000000001,1,1
10.08.2021 01:04:42.305,1.3573600000000001,1.35723,1,1
10.08.2021 01:04:42.506,1.3573600000000001,1.35721,1,1
10.08.2021 01:04:42.608,1.3573700000000002,1.35721,1,1
10.08.2021 01:04:43.368,1.35735,1.3571900000000001,1,1
10.08.2021 01:04:45.168,1.35733,1.3571900000000001,1,1
10.08.2021 01:04:46.157,1.35731,1.3571700000000002,1,1
10.08.2021 01:05:09.645,1.35734,1.35718,1,1
10.08.2021 01:05:19.731,1.35734,1.3572,1,1
10.08.2021 01:05:19.981,1.3573600000000001,1.35721,1.5,1
10.08.2021 01:05:20.391,1.3573600000000001,1.35722,1,1
10.08.2021 01:05:28.828,1.35732,1.35721,1,1
10.08.2021 01:05:29.937,1.35733,1.3571900000000001,1,1
10.08.2021 01:05:32.710,1.35735,1.3571900000000001,1,1
10.08.2021 01:05:34.004,1.35734,1.35718,1,1
10.08.2021 01:05:46.136,1.35735,1.3571900000000001,1,1
10.08.2021 01:05:54.548,1.35734,1.35718,1,1
10.08.2021 01:05:54.649,1.35731,1.3571700000000002,1,1
10.08.2021 01:05:54.750,1.35734,1.3571700000000002,1,1
10.08.2021 01:06:03.762,1.35735,1.3571900000000001,1,1
10.08.2021 01:06:04.202,1.3573700000000002,1.35721,1,1
10.08.2021 01:06:14.422,1.35735,1.3571900000000001,1,1
10.08.2021 01:06:14.523,1.35734,1.35718,1,1
10.08.2021 01:06:33.227,1.35735,1.3571900000000001,1,1
10.08.2021 01:06:42.796,1.35734,1.3571700000000002,1,1
10.08.2021 01:07:14.120,1.35732,1.3571600000000001,1,1
10.08.2021 01:07:39.550,1.35733,1.3571600000000001,1,1
10.08.2021 01:07:49.345,1.35733,1.35718,1,1
10.08.2021 01:07:49.396,1.3573600000000001,1.35721,1,1
10.08.2021 01:08:31.370,1.35738,1.35722,1,1
10.08.2021 01:08:36.103,1.35731,1.3571700000000002,1,1.62
10.08.2021 01:08:36.154,1.35732,1.3571600000000001,1,1.12
10.08.2021 01:08:36.653,1.35729,1.35713,1,1.12
10.08.2021 01:08:50.912,1.3572600000000001,1.35712,1,2
10.08.2021 01:08:51.051,1.3572700000000002,1.35711,1,1.87
10.08.2021 01:08:51.936,1.3572700000000002,1.35711,1,2
10.08.2021 01:08:54.627,1.35728,1.35714,1,1.12
10.08.2021 01:09:12.318,1.35729,1.35715,1,1
10.08.2021 01:09:12.369,1.35731,1.3571700000000002,1,1
10.08.2021 01:09:24.910,1.35734,1.3571700000000002,1,1
10.08.2021 01:09:33.659,1.35733,1.3571900000000001,1,1
10.08.2021 01:09:33.760,1.3573600000000001,1.3572,1,1
10.08.2021 01:09:45.253,1.35734,1.35718,1,1.12
10.08.2021 01:10:14.983,1.35732,1.3571600000000001,1,1
10.08.2021 01:10:42.011,1.35734,1.35718,1,1
10.08.2021 01:11:34.000,1.35734,1.3571900000000001,1,1
10.08.2021 01:11:34.886,1.3573600000000001,1.3571900000000001,1,1
10.08.2021 01:11:35.751,1.35734,1.3571700000000002,1,1.87
10.08.2021 01:11:37.033,1.35732,1.3571600000000001,1,1
10.08.2021 01:12:08.934,1.3573000000000002,1.3571600000000001,1,1
10.08.2021 01:12:15.817,1.35728,1.35714,1,1
10.08.2021 01:12:15.968,1.3572700000000002,1.35714,1,1
10.08.2021 01:12:16.073,1.35728,1.35712,1,1
10.08.2021 01:12:16.677,1.3572600000000001,1.3570900000000001,1,2
10.08.2021 01:12:16.885,1.3572600000000001,1.35708,1,1
10.08.2021 01:12:21.703,1.35724,1.3570700000000002,1,1.2
10.08.2021 01:12:21.804,1.35722,1.35704,1,1.5
10.08.2021 01:12:39.761,1.35723,1.35705,1,1
10.08.2021 01:12:42.149,1.35721,1.35705,1,1
10.08.2021 01:12:42.300,1.3572,1.35704,1,1.5
10.08.2021 01:12:42.703,1.35721,1.3570200000000001,1,1
10.08.2021 01:12:42.804,1.3572,1.35701,1,1.12
10.08.2021 01:13:02.241,1.35718,1.3570200000000001,1,1
10.08.2021 01:13:02.292,1.35718,1.35699,1,1.12
10.08.2021 01:13:02.443,1.35715,1.35699,1,1
10.08.2021 01:13:03.210,1.3571600000000001,1.35698,1,1.2
10.08.2021 01:13:03.311,1.3571700000000002,1.35699,1,1
10.08.2021 01:13:03.783,1.3571700000000002,1.35701,1,1
10.08.2021 01:13:04.828,1.3571900000000001,1.35701,1,1
10.08.2021 01:13:07.997,1.35718,1.357,1,1.1
10.08.2021 01:13:08.098,1.35718,1.357,1,1.1
10.08.2021 01:13:09.136,1.3571700000000002,1.35701,1,1.1
10.08.2021 01:13:11.564,1.3571700000000002,1.35701,1,1.6
10.08.2021 01:13:18.503,1.35718,1.357,1,1
10.08.2021 01:13:19.577,1.35718,1.357,1,1.5
10.08.2021 01:13:20.394,1.3571700000000002,1.357,1,1.95
10.08.2021 01:13:20.898,1.3571600000000001,1.35699,1,1.6
10.08.2021 01:13:21.401,1.3571600000000001,1.35698,1,4.5
10.08.2021 01:13:22.040,1.3571600000000001,1.35698,1,2.1
10.08.2021 01:13:22.315,1.35715,1.3569600000000002,1,3.42
10.08.2021 01:13:43.332,1.35713,1.3569600000000002,1,1.77
10.08.2021 01:13:43.433,1.35713,1.3569600000000002,1,1.1
10.08.2021 01:13:45.054,1.35711,1.35695,1,2.82
10.08.2021 01:13:45.155,1.3571,1.35694,1,1
10.08.2021 01:13:45.316,1.35711,1.3569200000000001,1,2.25
10.08.2021 01:13:45.417,1.3571,1.3569200000000001,1,1.5
10.08.2021 01:13:55.007,1.35711,1.35693,1,1
10.08.2021 01:14:17.912,1.3570900000000001,1.35693,1,1
10.08.2021 01:14:18.018,1.35708,1.3569200000000001,1,1
10.08.2021 01:14:18.069,1.3570700000000002,1.3569,1,2
10.08.2021 01:14:18.119,1.3570700000000002,1.35689,1,1.12
10.08.2021 01:14:18.221,1.35708,1.3569,1,1
10.08.2021 01:14:18.372,1.3570600000000002,1.35688,1,1.62
10.08.2021 01:14:18.639,1.35705,1.35689,1,1
10.08.2021 01:14:27.344,1.3570700000000002,1.3569,1,1
10.08.2021 01:14:30.076,1.35708,1.35691,1,1
10.08.2021 01:14:45.522,1.3570700000000002,1.3569,1,1
10.08.2021 01:14:45.623,1.35708,1.3568700000000002,1,1.27
10.08.2021 01:14:45.821,1.3570600000000002,1.35688,1,1.27
10.08.2021 01:14:48.086,1.35703,1.3568500000000001,1,2.57
10.08.2021 01:14:48.188,1.35703,1.3568500000000001,1,2.37
10.08.2021 01:14:50.117,1.357,1.35683,1,3.57
10.08.2021 01:14:51.033,1.35699,1.35683,1,1.5
10.08.2021 01:14:52.532,1.35701,1.3568500000000001,1,1.2
10.08.2021 01:14:52.633,1.3570200000000001,1.3568500000000001,1,2.47
10.08.2021 01:14:53.053,1.35703,1.3568500000000001,1,2.47
10.08.2021 01:14:53.177,1.35703,1.3568500000000001,1,3.22
10.08.2021 01:14:54.707,1.3570200000000001,1.3568600000000002,1,1.2
10.08.2021 01:14:55.579,1.3570200000000001,1.3568600000000002,1,2.82
10.08.2021 01:14:59.585,1.35703,1.3568500000000001,1,2.25
10.08.2021 01:15:00.593,1.35703,1.3568500000000001,1,1.62
10.08.2021 01:15:03.596,1.35703,1.3568500000000001,1,1.5
10.08.2021 01:15:03.815,1.35703,1.3568600000000002,1,1
10.08.2021 01:15:07.930,1.35701,1.35684,1,1
10.08.2021 01:15:08.031,1.357,1.35684,1,1.87
10.08.2021 01:15:09.862,1.35699,1.35683,1,1.5
10.08.2021 01:15:11.666,1.3570200000000001,1.35688,1,1
10.08.2021 01:15:11.818,1.35703,1.35684,1,1.1
10.08.2021 01:15:11.999,1.35703,1.35684,1,1.6
10.08.2021 01:15:16.463,1.35704,1.3568600000000002,1,1
10.08.2021 01:15:30.362,1.35704,1.3569,1,1
10.08.2021 01:15:33.494,1.35703,1.3568700000000002,1,1.12
10.08.2021 01:15:33.845,1.35704,1.3568600000000002,1,1.5
10.08.2021 01:15:36.816,1.35703,1.3568700000000002,1,1.12
10.08.2021 01:15:40.623,1.35703,1.3568500000000001,1,1.12
10.08.2021 01:15:40.724,1.35701,1.35684,1,1.7
10.08.2021 01:15:40.825,1.3570200000000001,1.35683,1,1.12
10.08.2021 01:15:43.632,1.35701,1.3568500000000001,1,1.5
10.08.2021 01:15:49.433,1.3570200000000001,1.35683,1,1
10.08.2021 01:15:51.614,1.35701,1.3568500000000001,1,1
10.08.2021 01:15:58.336,1.35703,1.3568600000000002,1,1
10.08.2021 01:15:58.437,1.35701,1.3568600000000002,1,1
10.08.2021 01:15:58.538,1.35701,1.35683,1,1.5
10.08.2021 01:15:58.689,1.357,1.35684,1,1
10.08.2021 01:16:00.198,1.35703,1.3568500000000001,1,1
10.08.2021 01:16:00.350,1.35704,1.3568700000000002,1,1
10.08.2021 01:16:04.183,1.3570200000000001,1.3568500000000001,1,2
10.08.2021 01:16:04.335,1.3570200000000001,1.35684,1,3.95
10.08.2021 01:16:14.367,1.35701,1.3568500000000001,1,1
10.08.2021 01:16:16.000,1.357,1.35683,1,1.5
10.08.2021 01:16:16.101,1.35698,1.35684,1,1
10.08.2021 01:16:16.202,1.35698,1.3568200000000001,1,3.95
10.08.2021 01:16:20.147,1.35701,1.35681,1,2.64
10.08.2021 01:16:21.339,1.357,1.35684,1,1.2
10.08.2021 01:16:21.440,1.3570200000000001,1.35684,1,1.12
10.08.2021 01:16:27.403,1.35701,1.3568500000000001,1,1.62
10.08.2021 01:16:37.636,1.35701,1.3568500000000001,1,1.5
10.08.2021 01:16:37.787,1.3570200000000001,1.3568500000000001,1,1
10.08.2021 01:16:43.481,1.3570200000000001,1.35684,1,1.5
10.08.2021 01:16:48.046,1.3570200000000001,1.3568500000000001,1,1
10.08.2021 01:16:48.785,1.3570200000000001,1.35684,1,1.5
10.08.2021 01:16:50.401,1.3570200000000001,1.3568500000000001,1,1
10.08.2021 01:16:50.528,1.35701,1.3568500000000001,1,2.25
10.08.2021 01:16:51.014,1.35701,1.3568600000000002,1,1
10.08.2021 01:16:51.115,1.35701,1.3568500000000001,1,2.25
10.08.2021 01:16:51.216,1.3570200000000001,1.3568500000000001,1,1
10.08.2021 01:16:51.368,1.3570200000000001,1.35684,1,1.5
10.08.2021 01:16:51.904,1.35701,1.3568600000000002,1,1
10.08.2021 01:16:52.019,1.3570200000000001,1.35684,1,1.5
10.08.2021 01:16:52.235,1.3570200000000001,1.3568500000000001,1,1
10.08.2021 01:16:52.336,1.3570200000000001,1.35684,1,2.25
10.08.2021 01:16:52.555,1.35699,1.35684,1,1.5
10.08.2021 01:16:52.656,1.35701,1.3568500000000001,1,2.25
10.08.2021 01:16:55.663,1.35701,1.3568600000000002,1,1
10.08.2021 01:16:57.734,1.357,1.3568500000000001,1,1
10.08.2021 01:17:00.937,1.3570200000000001,1.3568500000000001,1,1
10.08.2021 01:17:06.012,1.357,1.3568500000000001,1,1
10.08.2021 01:17:06.759,1.35701,1.3568500000000001,1,1
10.08.2021 01:17:08.187,1.357,1.3568500000000001,1,1
10.08.2021 01:17:11.133,1.357,1.3568600000000002,1,1
10.08.2021 01:17:12.338,1.35701,1.35683,1,2.37
10.08.2021 01:17:15.921,1.35701,1.3568500000000001,1,1
10.08.2021 01:17:16.579,1.35701,1.35683,1,2.37
10.08.2021 01:17:20.759,1.35703,1.35683,1,1.62
10.08.2021 01:17:21.050,1.35701,1.35684,1,3.12
10.08.2021 01:17:21.490,1.35701,1.35683,1,1.62
10.08.2021 01:17:21.591,1.35699,1.35683,1,1
10.08.2021 01:17:21.742,1.35694,1.35679,1,1.12
10.08.2021 01:17:23.128,1.35694,1.3567600000000002,1,1.5
10.08.2021 01:17:25.449,1.35689,1.3567500000000001,1,1.5
10.08.2021 01:17:25.550,1.3569600000000002,1.35679,1,1.12
10.08.2021 01:17:25.601,1.3569,1.35677,1,2.07
10.08.2021 01:17:25.853,1.3569600000000002,1.35679,1,1.12
10.08.2021 01:17:31.379,1.35695,1.35678,1,1.5
10.08.2021 01:17:31.430,1.3569200000000001,1.35677,1,1.5
10.08.2021 01:17:32.377,1.35691,1.35678,1,1
10.08.2021 01:17:32.557,1.35694,1.35677,1,1
10.08.2021 01:17:33.052,1.35694,1.3567600000000002,1,1.12
10.08.2021 01:17:45.231,1.3569200000000001,1.3567600000000002,1,1.12
10.08.2021 01:17:45.383,1.3569,1.3567500000000001,1,1.5
10.08.2021 01:17:45.433,1.3569,1.35674,1,2
10.08.2021 01:17:45.656,1.35694,1.3567600000000002,1,1
10.08.2021 01:17:45.950,1.35691,1.35674,1,1
10.08.2021 01:17:46.117,1.35691,1.35673,1,1
10.08.2021 01:17:46.557,1.3569200000000001,1.35673,1,1
10.08.2021 01:17:46.658,1.3569200000000001,1.3567500000000001,1,1
10.08.2021 01:17:46.709,1.35691,1.35674,1,1
10.08.2021 01:17:47.437,1.3569200000000001,1.35674,1,1
10.08.2021 01:17:57.976,1.3569,1.35671,1,1.12
10.08.2021 01:17:58.027,1.3568700000000002,1.3567200000000001,1,1.12
10.08.2021 01:17:58.179,1.3568700000000002,1.3567,1,1.12
10.08.2021 01:17:58.333,1.35688,1.3567,1,1
10.08.2021 01:17:58.642,1.35689,1.35674,1,1
10.08.2021 01:18:32.551,1.3569600000000002,1.35678,1.6,1
10.08.2021 01:18:32.652,1.3569700000000002,1.35679,1.1,1
10.08.2021 01:18:32.753,1.3569700000000002,1.3568,1.6,1
10.08.2021 01:18:32.854,1.35695,1.35678,1.5,1
10.08.2021 01:18:33.589,1.35695,1.3568,1.5,1
10.08.2021 01:18:34.120,1.3569600000000002,1.35677,1.5,1
10.08.2021 01:18:34.222,1.35695,1.35678,1.5,1
10.08.2021 01:18:34.341,1.35695,1.35678,1.5,1
10.08.2021 01:18:34.641,1.3569600000000002,1.35677,1.5,1
10.08.2021 01:18:35.972,1.3569200000000001,1.3567500000000001,1,1
10.08.2021 01:18:40.593,1.35693,1.35677,1,1
10.08.2021 01:18:40.694,1.35694,1.3568,1.12,1
10.08.2021 01:18:41.055,1.35693,1.3568,1.5,1
10.08.2021 01:18:41.278,1.35694,1.35677,2.25,1
10.08.2021 01:18:41.606,1.35691,1.35677,1,1
10.08.2021 01:18:42.593,1.3569,1.3567600000000002,1,1
10.08.2021 01:18:42.643,1.3569,1.35673,1,1
10.08.2021 01:18:42.845,1.35688,1.35671,1,1
10.08.2021 01:18:55.005,1.3568500000000001,1.3567200000000001,1,1
10.08.2021 01:18:55.106,1.3568600000000002,1.3567,1,1.12
10.08.2021 01:18:55.257,1.35683,1.35669,1,1.12
10.08.2021 01:18:55.307,1.3568500000000001,1.35669,1,1.12
10.08.2021 01:18:55.511,1.3568500000000001,1.3566799999999999,1,1.12
10.08.2021 01:18:56.539,1.35684,1.3567,1,1
10.08.2021 01:18:57.301,1.35684,1.3566799999999999,1,1.12
10.08.2021 01:18:59.549,1.3568500000000001,1.3566799999999999,1,1
10.08.2021 01:19:01.414,1.3568200000000001,1.3566500000000001,1,1.5
10.08.2021 01:19:01.515,1.35683,1.35667,1.5,1
10.08.2021 01:19:15.241,1.3568,1.3566600000000002,1,1
10.08.2021 01:19:15.392,1.35679,1.3566500000000001,1,1
10.08.2021 01:19:27.266,1.3567500000000001,1.3566500000000001,1,1
10.08.2021 01:19:27.316,1.3568,1.35664,1,1
10.08.2021 01:19:30.915,1.35677,1.3566200000000002,1,1
10.08.2021 01:19:31.016,1.35678,1.35659,1,1
10.08.2021 01:19:31.167,1.3567500000000001,1.35659,1,1.12
10.08.2021 01:19:31.268,1.35673,1.35658,1,1.5
10.08.2021 01:19:34.193,1.3567600000000002,1.35658,1,1
10.08.2021 01:19:36.335,1.35677,1.35658,1,1
10.08.2021 01:19:39.701,1.35674,1.35658,1,2.82
10.08.2021 01:19:42.276,1.35674,1.35657,1,2.82
10.08.2021 01:19:42.427,1.3567200000000001,1.3565500000000001,1,2.07
10.08.2021 01:19:42.528,1.35673,1.3565600000000002,1,2.1
10.08.2021 01:19:43.152,1.35673,1.3565600000000002,1,2.85
10.08.2021 01:19:44.338,1.35674,1.35657,1,1.12
10.08.2021 01:19:44.948,1.35673,1.3565500000000001,1,2.82
10.08.2021 01:19:45.049,1.35671,1.35654,1,2.37
10.08.2021 01:19:45.253,1.3567,1.3565500000000001,1,2.25
10.08.2021 01:19:45.577,1.3567,1.35654,1,1.5
10.08.2021 01:19:46.254,1.3567,1.35654,1,1.62
10.08.2021 01:19:46.371,1.3567200000000001,1.35658,1,1
10.08.2021 01:19:49.027,1.3567500000000001,1.35659,1,1
10.08.2021 01:19:49.078,1.3567600000000002,1.35661,1,1
10.08.2021 01:19:49.179,1.35679,1.35661,1,1
10.08.2021 01:19:53.336,1.3567600000000002,1.35661,1,1
10.08.2021 01:19:54.026,1.35674,1.3566,1,1
10.08.2021 01:19:55.460,1.35678,1.35661,1,1
10.08.2021 01:19:55.561,1.3567600000000002,1.35661,1,1
10.08.2021 01:19:56.045,1.3567600000000002,1.3566,1,1.12
10.08.2021 01:20:00.952,1.35677,1.35661,1,1
10.08.2021 01:20:01.053,1.3567600000000002,1.35661,1,1
10.08.2021 01:20:03.858,1.35674,1.35659,1,1.12
10.08.2021 01:20:04.916,1.35674,1.35657,1,1.1
10.08.2021 01:20:07.209,1.3567200000000001,1.3565600000000002,1,1.7
10.08.2021 01:20:07.310,1.3567200000000001,1.3565600000000002,1,1.7
10.08.2021 01:20:07.422,1.3567,1.35657,1,1.7
10.08.2021 01:20:07.623,1.3567,1.35657,1,1.57
10.08.2021 01:20:08.860,1.3567,1.3565600000000002,1,1.72
10.08.2021 01:20:08.974,1.35669,1.3565600000000002,1,1.6
10.08.2021 01:20:10.318,1.35671,1.3565500000000001,1,1.62
10.08.2021 01:20:13.082,1.3567,1.3565500000000001,1,1.1
10.08.2021 01:20:13.183,1.3567,1.3565500000000001,1,1.1
10.08.2021 01:20:13.284,1.35671,1.3565600000000002,1,1.6
10.08.2021 01:20:13.385,1.3567200000000001,1.3565500000000001,1,1.72
10.08.2021 01:20:19.111,1.35671,1.35657,1,1.1
10.08.2021 01:20:20.040,1.3567,1.35657,1,1.1
10.08.2021 01:20:20.814,1.35671,1.3565600000000002,1,1.1
10.08.2021 01:20:23.821,1.35671,1.35657,1,1.1
10.08.2021 01:20:23.922,1.35671,1.35659,1,1
10.08.2021 01:20:24.275,1.35673,1.35659,1,1
10.08.2021 01:20:25.077,1.35673,1.35659,1,1.1
10.08.2021 01:20:25.178,1.3567500000000001,1.35658,1,1.1
10.08.2021 01:20:25.279,1.3567500000000001,1.35658,1,1.1
10.08.2021 01:20:33.311,1.3567500000000001,1.3566,1,2.35
10.08.2021 01:20:33.428,1.3567600000000002,1.35661,1,1.6
10.08.2021 01:20:34.168,1.35678,1.35661,1,1.35
10.08.2021 01:20:34.219,1.35677,1.3566,1,1.35
10.08.2021 01:20:34.898,1.35678,1.3566,1,1.1
10.08.2021 01:20:36.120,1.3567600000000002,1.35661,1,1.1
10.08.2021 01:20:36.740,1.35677,1.3566,1,1.1
10.08.2021 01:20:37.647,1.3567600000000002,1.3566,1,1.1
10.08.2021 01:20:37.748,1.3567600000000002,1.35661,1,1.1
10.08.2021 01:20:38.190,1.35679,1.35664,1,1.25
10.08.2021 01:20:38.291,1.35679,1.3566500000000001,1,1
10.08.2021 01:20:40.317,1.35681,1.3566600000000002,1,1
10.08.2021 01:21:07.190,1.35679,1.35664,1,1
10.08.2021 01:21:32.289,1.35679,1.3566200000000002,1,1
10.08.2021 01:21:32.390,1.35677,1.3566,1,1.87
10.08.2021 01:21:37.684,1.35678,1.35663,1,1
10.08.2021 01:21:51.307,1.3568,1.35663,1,1.12
10.08.2021 01:21:57.467,1.35679,1.3566200000000002,1,1.12
10.08.2021 01:21:57.686,1.35677,1.3566200000000002,1,1.62
10.08.2021 01:21:57.938,1.35678,1.35661,1,1.12
10.08.2021 01:21:58.164,1.35677,1.3566,1,1
10.08.2021 01:21:59.071,1.3567600000000002,1.3566,1,1.5
10.08.2021 01:21:59.172,1.3567500000000001,1.35659,1,1.62
10.08.2021 01:21:59.273,1.3567500000000001,1.35659,1,1.5
10.08.2021 01:21:59.516,1.3567600000000002,1.35657,1,1.62
10.08.2021 01:21:59.617,1.35673,1.35658,1,1.5
10.08.2021 01:22:00.023,1.35673,1.35658,1,1
10.08.2021 01:22:03.495,1.35677,1.3566,1,1
10.08.2021 01:22:04.207,1.35678,1.35661,1,1
10.08.2021 01:22:16.223,1.35678,1.3566,1,1
10.08.2021 01:22:16.425,1.3567600000000002,1.35661,1,1
10.08.2021 01:22:17.245,1.3567600000000002,1.35658,1,2.37
10.08.2021 01:22:18.115,1.3567600000000002,1.35658,1,1.12
10.08.2021 01:22:32.645,1.3567500000000001,1.3566,1,1
10.08.2021 01:22:32.947,1.35679,1.35661,1,1
10.08.2021 01:22:36.080,1.35677,1.35659,1,1.57
10.08.2021 01:22:36.880,1.35678,1.35661,1,1
10.08.2021 01:22:41.355,1.35679,1.3566,1,2.35
10.08.2021 01:22:41.405,1.35679,1.35664,1,1
10.08.2021 01:22:42.374,1.3568,1.35664,1,1
10.08.2021 01:22:52.470,1.3568,1.3566500000000001,1,1
10.08.2021 01:22:58.817,1.35683,1.35667,1,1
10.08.2021 01:22:59.895,1.3568500000000001,1.35669,1,1
10.08.2021 01:22:59.996,1.3568700000000002,1.35673,1.12,1
10.08.2021 01:23:00.264,1.35688,1.35674,1,1
10.08.2021 01:23:18.762,1.35691,1.3567500000000001,1,1
10.08.2021 01:23:19.232,1.35693,1.3567500000000001,1,1
10.08.2021 01:23:19.738,1.35693,1.35678,1,1
10.08.2021 01:23:31.266,1.35694,1.35678,1,1
10.08.2021 01:23:32.675,1.3569600000000002,1.35679,1,1
10.08.2021 01:23:32.776,1.3569700000000002,1.3568,1,1
10.08.2021 01:23:38.365,1.35698,1.35681,1,1
10.08.2021 01:23:48.964,1.35698,1.35683,1,1
10.08.2021 01:24:02.906,1.357,1.35684,1,1
10.08.2021 01:24:05.680,1.35699,1.3568200000000001,1,1
10.08.2021 01:24:10.378,1.35698,1.35681,1,1
10.08.2021 01:24:10.429,1.3569600000000002,1.35679,1,1
10.08.2021 01:24:10.530,1.35693,1.35678,1,1
10.08.2021 01:24:10.631,1.35691,1.35677,1,1
10.08.2021 01:24:10.732,1.3569200000000001,1.3567500000000001,1,1
10.08.2021 01:24:10.883,1.35691,1.3567600000000002,1,1
10.08.2021 01:24:10.984,1.3569200000000001,1.35677,1.12,1
10.08.2021 01:24:11.130,1.35691,1.35674,1,1
10.08.2021 01:24:11.282,1.3569,1.35673,1,1
10.08.2021 01:24:11.383,1.3569200000000001,1.3567600000000002,1,1
10.08.2021 01:24:11.643,1.35691,1.35674,1,1
10.08.2021 01:24:12.886,1.3569,1.35673,1,1
10.08.2021 01:24:17.029,1.35688,1.35671,1,1
10.08.2021 01:24:18.740,1.3568700000000002,1.3567,1,1
10.08.2021 01:24:21.610,1.3568700000000002,1.3567200000000001,1,1
10.08.2021 01:24:32.590,1.35689,1.3567200000000001,1,1
10.08.2021 01:24:48.669,1.3569,1.35673,1,1
10.08.2021 01:25:03.407,1.35691,1.3567600000000002,1,1
10.08.2021 01:25:14.711,1.35693,1.3567600000000002,1,1
10.08.2021 01:25:14.812,1.35694,1.35679,1,1
10.08.2021 01:25:31.953,1.3569600000000002,1.35678,1,1
10.08.2021 01:25:32.054,1.3569600000000002,1.35681,1,1
10.08.2021 01:25:38.476,1.35695,1.35678,1,1
10.08.2021 01:25:39.760,1.35694,1.35677,1,1
10.08.2021 01:25:43.815,1.35695,1.35679,1,1
10.08.2021 01:26:43.671,1.3569600000000002,1.3568200000000001,1,1
10.08.2021 01:26:43.772,1.35698,1.3568200000000001,1,1
10.08.2021 01:27:03.058,1.35699,1.35684,1,1
10.08.2021 01:27:03.108,1.35701,1.3568700000000002,1,1
10.08.2021 01:27:36.255,1.35704,1.35688,1,1
10.08.2021 01:27:58.054,1.35705,1.3569,1.12,1
10.08.2021 01:28:35.992,1.3570600000000002,1.35691,1.5,1
10.08.2021 01:28:36.737,1.3570600000000002,1.35691,1,1
10.08.2021 01:28:36.788,1.3570900000000001,1.35695,1,1
10.08.2021 01:28:36.889,1.35712,1.35698,1,1
10.08.2021 01:28:36.990,1.35718,1.35701,1.5,1
10.08.2021 01:28:37.041,1.3572,1.35703,1.95,1
10.08.2021 01:28:37.142,1.35718,1.35703,1.12,1
10.08.2021 01:28:37.849,1.35718,1.35701,1,1
10.08.2021 01:28:39.854,1.3571600000000001,1.357,1,1
10.08.2021 01:28:39.955,1.35715,1.357,1,1
10.08.2021 01:28:40.106,1.35714,1.3569700000000002,1,1
10.08.2021 01:28:40.349,1.35714,1.3569600000000002,1,1
10.08.2021 01:28:41.863,1.35714,1.35698,1,1
10.08.2021 01:28:41.964,1.35714,1.35699,1,1
10.08.2021 01:28:42.115,1.3571600000000001,1.35699,1,1
10.08.2021 01:28:53.018,1.3571600000000001,1.35701,1.12,1
10.08.2021 01:30:10.640,1.35714,1.35699,1,1
10.08.2021 01:30:10.891,1.3571600000000001,1.35699,1,1
10.08.2021 01:30:21.541,1.35718,1.35701,1,1
10.08.2021 01:30:45.056,1.35715,1.357,1,1.12
10.08.2021 01:30:45.649,1.3571600000000001,1.35698,1,1.2
10.08.2021 01:30:51.467,1.3571600000000001,1.35698,1,1.6
10.08.2021 01:30:52.090,1.35715,1.35699,1,1.5
10.08.2021 01:30:54.093,1.35715,1.3569600000000002,1,5.45
10.08.2021 01:30:55.066,1.35714,1.3569700000000002,1,2.35
10.08.2021 01:30:55.167,1.35715,1.35699,1,1.1
10.08.2021 01:30:59.404,1.3571600000000001,1.35699,1,1.1
10.08.2021 01:30:59.615,1.3571600000000001,1.35699,1,1.6
10.08.2021 01:31:00.173,1.3571600000000001,1.35699,1,2.32
10.08.2021 01:31:01.514,1.3571600000000001,1.35698,1,3.07
10.08.2021 01:31:02.946,1.35715,1.35698,1,1.2
10.08.2021 01:31:03.824,1.3571600000000001,1.35699,1,1.1
10.08.2021 01:31:04.695,1.3571700000000002,1.35701,1,1
10.08.2021 01:31:17.041,1.3571600000000001,1.35699,1,1
10.08.2021 01:31:19.584,1.3571700000000002,1.35701,1,1
10.08.2021 01:31:20.022,1.35715,1.357,1,1.1
10.08.2021 01:31:31.207,1.3571600000000001,1.35698,1,1.2
10.08.2021 01:32:00.241,1.35715,1.35698,1,1.12
10.08.2021 01:32:02.512,1.3571600000000001,1.35698,1,1.12
10.08.2021 01:32:03.711,1.35715,1.35699,1,1.62
10.08.2021 01:32:04.738,1.35715,1.35699,1,1.12
10.08.2021 01:32:06.906,1.3571600000000001,1.357,1,1
10.08.2021 01:32:07.245,1.3571600000000001,1.35699,1,1.12
10.08.2021 01:32:08.489,1.35718,1.35699,1,1.12
10.08.2021 01:32:12.259,1.3571700000000002,1.35699,1,1.5
10.08.2021 01:32:22.091,1.35715,1.35699,1,1.12
10.08.2021 01:32:34.598,1.35713,1.35698,1,1.62
10.08.2021 01:32:47.873,1.35713,1.35698,1,1.5
10.08.2021 01:32:51.565,1.35713,1.35698,1,2.37
10.08.2021 01:32:53.415,1.3571600000000001,1.35698,1,1.12
10.08.2021 01:33:00.928,1.35714,1.35698,1,2.37
10.08.2021 01:33:01.167,1.35714,1.3569700000000002,1,1
10.08.2021 01:33:02.551,1.3571600000000001,1.35699,1,1
10.08.2021 01:33:19.598,1.35715,1.357,1,2.37
10.08.2021 01:33:20.835,1.35715,1.357,1,2.25
10.08.2021 01:33:32.029,1.3571600000000001,1.35701,1,1
10.08.2021 01:33:32.282,1.3571900000000001,1.3570200000000001,1,1
10.08.2021 01:33:34.687,1.3571900000000001,1.35704,1,1
10.08.2021 01:33:41.561,1.35721,1.35704,1,1
10.08.2021 01:33:41.721,1.35723,1.35713,1.12,1
10.08.2021 01:33:41.822,1.35728,1.35713,2,1.5
10.08.2021 01:33:41.872,1.35728,1.3571600000000001,1,1
10.08.2021 01:33:41.923,1.35732,1.35715,1.5,1.5
10.08.2021 01:33:42.581,1.35733,1.3571600000000001,1,1
10.08.2021 01:34:10.573,1.35735,1.3571900000000001,1,1
10.08.2021 01:34:10.674,1.3573700000000002,1.3571900000000001,1,1
10.08.2021 01:34:10.821,1.35738,1.35721,1,1
10.08.2021 01:34:14.550,1.35738,1.3572,1,1.5
10.08.2021 01:34:14.657,1.35738,1.3572,1,1.62
10.08.2021 01:34:16.813,1.3573700000000002,1.35721,1,1.5
10.08.2021 01:34:16.914,1.35738,1.35722,1,1.12
10.08.2021 01:34:17.015,1.35738,1.35723,1,1
10.08.2021 01:34:20.004,1.35738,1.35722,1,1
10.08.2021 01:34:20.525,1.35738,1.35723,1,1
10.08.2021 01:34:20.809,1.35738,1.35722,1,1
10.08.2021 01:34:21.589,1.35738,1.35721,1,1
10.08.2021 01:34:22.149,1.35738,1.35722,1,1
10.08.2021 01:34:34.220,1.35739,1.35724,1,1
10.08.2021 01:34:56.241,1.35741,1.35724,1,1
10.08.2021 01:35:05.946,1.35742,1.3572700000000002,1,1
10.08.2021 01:35:21.038,1.35742,1.35728,1,1
10.08.2021 01:35:35.273,1.35743,1.35728,1,1
10.08.2021 01:35:35.375,1.35741,1.3572700000000002,1,1
10.08.2021 01:36:00.708,1.35741,1.35724,1,1.95
10.08.2021 01:36:00.853,1.35741,1.35725,1,1.2
10.08.2021 01:36:00.953,1.35743,1.3572600000000001,1,1
10.08.2021 01:36:05.283,1.35743,1.3572700000000002,1,1
10.08.2021 01:36:17.907,1.35743,1.3572700000000002,1.12,1.5
10.08.2021 01:36:20.269,1.35744,1.3572600000000001,1,1.5
10.08.2021 01:36:30.807,1.35744,1.35731,1,1.5
10.08.2021 01:36:30.858,1.3574700000000002,1.35733,1.5,1.5
10.08.2021 01:36:30.959,1.35749,1.35735,1,1.12
10.08.2021 01:36:31.295,1.35748,1.35733,1,2.62
10.08.2021 01:36:31.396,1.35749,1.35733,1,1
10.08.2021 01:36:31.878,1.35748,1.35733,1,2.62
10.08.2021 01:36:31.979,1.35748,1.35734,1,1
10.08.2021 01:36:34.068,1.35748,1.35733,1,2.62
10.08.2021 01:36:39.069,1.35748,1.35734,1,1
10.08.2021 01:36:40.520,1.35748,1.35733,1,1.87
10.08.2021 01:36:40.850,1.35749,1.35733,1,1
10.08.2021 01:36:41.253,1.35749,1.35732,1,1.87
10.08.2021 01:36:41.550,1.35749,1.35733,1,1
10.08.2021 01:36:42.723,1.35751,1.35735,1,1
10.08.2021 01:36:44.061,1.35749,1.35733,1,1
10.08.2021 01:36:44.263,1.35751,1.35735,1.5,1
10.08.2021 01:36:44.393,1.3575000000000002,1.3573600000000001,1.62,1
10.08.2021 01:36:44.494,1.3575000000000002,1.3573600000000001,1.5,1
10.08.2021 01:36:48.861,1.35749,1.35733,1,1
10.08.2021 01:36:49.062,1.35746,1.35734,1,1
10.08.2021 01:36:56.834,1.35749,1.35733,1,1
10.08.2021 01:37:00.069,1.3575000000000002,1.35735,1.5,1
10.08.2021 01:37:01.290,1.35751,1.3573700000000002,1.12,1
10.08.2021 01:37:03.125,1.35753,1.35738,1.6,1
10.08.2021 01:37:03.227,1.35753,1.35738,1.12,1
10.08.2021 01:37:18.468,1.35754,1.3573700000000002,1.5,1
10.08.2021 01:37:18.569,1.35751,1.35735,1,1
10.08.2021 01:37:18.691,1.3575000000000002,1.35734,1,1
10.08.2021 01:37:18.792,1.35752,1.35734,1.6,1
10.08.2021 01:37:20.675,1.35751,1.35734,1,1
10.08.2021 01:37:20.776,1.35751,1.3573600000000001,1.7,1
10.08.2021 01:37:21.686,1.35752,1.35735,1.57,1
10.08.2021 01:37:21.817,1.35752,1.35735,1.7,1
10.08.2021 01:37:22.423,1.3575000000000002,1.35734,1,1
10.08.2021 01:37:22.743,1.3574700000000002,1.35733,1,1
10.08.2021 01:37:22.844,1.35746,1.3573000000000002,1,1
10.08.2021 01:37:27.180,1.35743,1.35729,1,1
10.08.2021 01:37:27.393,1.35738,1.35724,1,1
10.08.2021 01:37:30.333,1.35738,1.35722,1,1
10.08.2021 01:37:30.442,1.35733,1.3571900000000001,1,1
10.08.2021 01:37:38.047,1.3573600000000001,1.3572,1.12,1
10.08.2021 01:37:58.022,1.35733,1.3571900000000001,1,1
10.08.2021 01:37:59.049,1.35732,1.35718,1,1
10.08.2021 01:38:06.529,1.35735,1.3571900000000001,1.62,1
10.08.2021 01:38:08.485,1.35734,1.3572,1.12,1
10.08.2021 01:38:08.586,1.3573600000000001,1.3572,1,1
10.08.2021 01:38:09.636,1.35733,1.3571900000000001,1,1
10.08.2021 01:38:10.039,1.35731,1.35715,1,1
10.08.2021 01:38:11.177,1.35729,1.35713,1,1
10.08.2021 01:38:20.632,1.35733,1.3571600000000001,1,1
10.08.2021 01:38:21.820,1.3573000000000002,1.3571600000000001,1,1
10.08.2021 01:38:21.937,1.35728,1.35714,1,1
10.08.2021 01:38:32.829,1.3573000000000002,1.3571600000000001,1.87,1
10.08.2021 01:38:34.490,1.35731,1.3571700000000002,1,1
10.08.2021 01:38:37.956,1.35733,1.35718,1,1
10.08.2021 01:38:42.017,1.35733,1.3571700000000002,1,1
10.08.2021 01:39:06.158,1.35735,1.3571900000000001,1,1
10.08.2021 01:39:06.259,1.3573600000000001,1.35721,1,1
10.08.2021 01:39:06.410,1.3573600000000001,1.35722,1,1
10.08.2021 01:39:08.029,1.35735,1.3571900000000001,1,1
10.08.2021 01:39:08.079,1.35733,1.35718,1,1
10.08.2021 01:39:15.822,1.35732,1.3571700000000002,1,1
10.08.2021 01:39:28.535,1.35731,1.35714,1,1
10.08.2021 01:39:29.270,1.35728,1.35713,1,1.62
10.08.2021 01:39:29.536,1.35728,1.35713,1,1
10.08.2021 01:39:29.637,1.35728,1.35711,1,1.12
10.08.2021 01:39:30.507,1.3572700000000002,1.3571,1,1.5
10.08.2021 01:39:30.608,1.3572600000000001,1.35711,1,1
10.08.2021 01:39:40.446,1.3572700000000002,1.35712,1,1.87
10.08.2021 01:39:40.547,1.35731,1.35715,1,1
10.08.2021 01:39:40.947,1.35732,1.35715,1,1
10.08.2021 01:39:41.610,1.35733,1.3571700000000002,1,1
10.08.2021 01:39:43.049,1.35734,1.3571700000000002,1,1
10.08.2021 01:39:43.100,1.35735,1.3571900000000001,2.62,1
10.08.2021 01:39:43.201,1.3573600000000001,1.3572,1,1
10.08.2021 01:39:43.377,1.3573600000000001,1.35721,1,1
10.08.2021 01:39:43.483,1.3573600000000001,1.35722,1,1
10.08.2021 01:39:44.475,1.3573700000000002,1.35722,1,1
10.08.2021 01:39:47.117,1.3573600000000001,1.35722,1,1
10.08.2021 01:39:47.391,1.35738,1.35721,1,1
10.08.2021 01:39:54.345,1.3574000000000002,1.35723,1,1
10.08.2021 01:39:57.168,1.3574000000000002,1.35724,1,1
10.08.2021 01:39:57.269,1.35743,1.3572700000000002,1,1
10.08.2021 01:39:57.319,1.35744,1.35729,1.12,1
10.08.2021 01:40:00.592,1.3574700000000002,1.35729,1,1
10.08.2021 01:40:14.315,1.35744,1.35729,1,1
10.08.2021 01:40:15.237,1.35744,1.3572700000000002,1,1.87
10.08.2021 01:40:15.561,1.35745,1.35728,1,1
10.08.2021 01:40:20.650,1.35746,1.3573000000000002,1,1
10.08.2021 01:40:29.743,1.35748,1.3573000000000002,1,1
10.08.2021 01:40:31.163,1.3575000000000002,1.35732,1.5,1
10.08.2021 01:40:31.475,1.3574700000000002,1.35732,1,1
10.08.2021 01:40:31.576,1.3575000000000002,1.35732,1,1
10.08.2021 01:40:34.872,1.35749,1.35734,1,1
10.08.2021 01:40:37.811,1.35746,1.35729,1,1.95
10.08.2021 01:40:38.063,1.35748,1.35729,1,1.57
10.08.2021 01:40:38.214,1.3574700000000002,1.35729,1,1.57
10.08.2021 01:40:39.675,1.35749,1.35729,1,1
10.08.2021 01:40:41.343,1.3574700000000002,1.35728,1,1.6
10.08.2021 01:40:42.403,1.3574700000000002,1.35729,1,1.5
10.08.2021 01:40:42.453,1.35749,1.35733,1,1
10.08.2021 01:40:42.504,1.35749,1.3573000000000002,1,1.2
10.08.2021 01:40:45.710,1.3574700000000002,1.35729,1,1.7
10.08.2021 01:40:45.811,1.35748,1.35729,1,1
10.08.2021 01:40:45.962,1.35746,1.3573000000000002,1,1
10.08.2021 01:40:46.626,1.35746,1.35728,1,1.7
10.08.2021 01:40:46.677,1.3574700000000002,1.3572700000000002,1,1.2
10.08.2021 01:40:46.727,1.35744,1.35728,1,1.2
10.08.2021 01:40:50.938,1.35746,1.3572700000000002,1,1
10.08.2021 01:40:59.125,1.35744,1.3572600000000001,1,1.57
10.08.2021 01:41:00.833,1.35744,1.3572600000000001,1,1.7
10.08.2021 01:41:02.838,1.35744,1.3572600000000001,1,1.57
10.08.2021 01:41:04.005,1.35743,1.35725,1,2.07
10.08.2021 01:41:04.156,1.35742,1.35724,1,3.57
10.08.2021 01:41:11.938,1.35741,1.35725,1,1.6
10.08.2021 01:41:12.361,1.35742,1.35725,1,1.1
10.08.2021 01:41:12.412,1.35744,1.3572600000000001,1,1.12
10.08.2021 01:41:12.513,1.35745,1.3572600000000001,1,1.22
10.08.2021 01:41:12.727,1.35745,1.3572600000000001,1,1.2
10.08.2021 01:41:19.752,1.35744,1.3572600000000001,1,1.57
10.08.2021 01:41:27.366,1.35743,1.3572700000000002,1,2.45
10.08.2021 01:41:27.471,1.35744,1.35729,1,1
10.08.2021 01:41:31.470,1.35745,1.35728,1,1.22
10.08.2021 01:41:48.529,1.35746,1.3573000000000002,1,1
10.08.2021 01:41:48.847,1.3574700000000002,1.35729,1,1.6
10.08.2021 01:41:49.613,1.35749,1.35732,1,1
10.08.2021 01:41:49.714,1.3575000000000002,1.35735,1,1
10.08.2021 01:41:50.870,1.35748,1.35731,1,1
10.08.2021 01:41:50.920,1.35751,1.35733,1,1.12
10.08.2021 01:41:53.555,1.35746,1.35731,1,1.12
10.08.2021 01:41:53.656,1.35748,1.35733,1,1
10.08.2021 01:41:53.776,1.35749,1.35731,1,1
10.08.2021 01:41:54.017,1.35746,1.35731,1,1
10.08.2021 01:41:57.597,1.35746,1.35729,1,1
10.08.2021 01:41:57.748,1.35745,1.35728,1,1
10.08.2021 01:42:00.144,1.35743,1.3572600000000001,1,1
10.08.2021 01:42:02.722,1.35745,1.35728,1,1
10.08.2021 01:42:09.810,1.35744,1.3572600000000001,1,1.12
10.08.2021 01:42:09.911,1.35742,1.3572600000000001,1,1
10.08.2021 01:42:09.961,1.3574000000000002,1.35725,1,1
10.08.2021 01:42:10.352,1.3574000000000002,1.35723,1,1
10.08.2021 01:42:10.865,1.3574000000000002,1.35724,1,1.12
10.08.2021 01:42:10.916,1.35744,1.3572600000000001,1.12,1
10.08.2021 01:42:10.966,1.35741,1.3572700000000002,1,1
10.08.2021 01:42:11.017,1.35744,1.3572600000000001,1,1
10.08.2021 01:42:12.069,1.35744,1.35728,1,1
10.08.2021 01:42:13.243,1.35748,1.35731,1,1
10.08.2021 01:42:22.070,1.35745,1.3573000000000002,1,1
10.08.2021 01:42:22.376,1.35746,1.35728,1,1
10.08.2021 01:42:22.998,1.35744,1.3572700000000002,1,1
10.08.2021 01:42:23.099,1.35742,1.3572700000000002,1,1
10.08.2021 01:42:23.200,1.3574000000000002,1.35725,1,1.62
10.08.2021 01:42:24.137,1.3574000000000002,1.35725,1,1
10.08.2021 01:42:26.157,1.35739,1.35721,1,1
10.08.2021 01:42:33.097,1.3573700000000002,1.35722,1,1
10.08.2021 01:42:39.477,1.3573600000000001,1.3572,1,1
10.08.2021 01:42:39.528,1.35735,1.35718,1,1.5
10.08.2021 01:42:40.820,1.3573600000000001,1.35718,1,1.12
10.08.2021 01:42:43.327,1.35734,1.3571900000000001,1,1.12
10.08.2021 01:42:43.465,1.35735,1.3571900000000001,1,1
10.08.2021 01:43:00.337,1.3573600000000001,1.3572,1,1
10.08.2021 01:43:11.139,1.3573700000000002,1.35721,1,1
10.08.2021 01:43:38.219,1.35739,1.35721,1,1
10.08.2021 01:43:43.794,1.35739,1.35722,1,1
10.08.2021 01:44:06.160,1.3573700000000002,1.35722,1,1
10.08.2021 01:44:06.311,1.3573700000000002,1.3571900000000001,1,1
10.08.2021 01:44:11.247,1.35735,1.35718,1,1.12
10.08.2021 01:44:13.409,1.3573700000000002,1.3572,1,1
10.08.2021 01:44:13.681,1.35735,1.3572,1,1
10.08.2021 01:44:13.911,1.3573600000000001,1.3572,1,1
10.08.2021 01:44:14.472,1.3573600000000001,1.3571900000000001,1,1
10.08.2021 01:44:18.042,1.3573700000000002,1.3572,1,1
10.08.2021 01:44:18.387,1.35739,1.35721,1,1
10.08.2021 01:44:18.489,1.35739,1.35722,1,1
10.08.2021 01:44:19.110,1.35739,1.35721,1,1
10.08.2021 01:44:19.363,1.3573600000000001,1.35721,1,1
10.08.2021 01:44:25.171,1.35738,1.3572,1,1
10.08.2021 01:44:25.372,1.3573700000000002,1.3571900000000001,1,1
10.08.2021 01:44:42.768,1.35738,1.35722,1,1
10.08.2021 01:44:42.999,1.3574000000000002,1.35721,1,1
10.08.2021 01:44:43.302,1.35739,1.35723,1,1
10.08.2021 01:44:44.957,1.35741,1.35722,1,1
10.08.2021 01:44:47.403,1.35739,1.35722,1,1
10.08.2021 01:44:47.504,1.3573700000000002,1.3572,1,1
10.08.2021 01:44:48.925,1.35739,1.35722,1,1
10.08.2021 01:44:49.026,1.35739,1.35723,1,1
10.08.2021 01:45:22.614,1.3574000000000002,1.35725,1,1
10.08.2021 01:45:23.673,1.35742,1.35725,1,1
10.08.2021 01:45:30.269,1.35742,1.3572600000000001,1,1.5
10.08.2021 01:45:36.798,1.35743,1.35725,1,1.62
10.08.2021 01:45:41.002,1.35743,1.3572700000000002,1,1
10.08.2021 01:45:45.916,1.35745,1.35731,1,1
10.08.2021 01:45:46.944,1.3574700000000002,1.35731,1,1
10.08.2021 01:45:47.095,1.35748,1.35734,1,1
10.08.2021 01:45:54.817,1.35751,1.35735,1,1
10.08.2021 01:46:00.268,1.35752,1.3573600000000001,1,1
10.08.2021 01:46:01.598,1.35752,1.35738,1,1
10.08.2021 01:46:01.800,1.35754,1.3574000000000002,1.5,1
10.08.2021 01:46:01.850,1.35753,1.3573600000000001,1,1.5
10.08.2021 01:46:02.067,1.35753,1.3573600000000001,1,1.62
10.08.2021 01:46:04.912,1.35755,1.35738,1,1.5
10.08.2021 01:46:05.268,1.35753,1.3573700000000002,1,1.25
10.08.2021 01:46:05.946,1.35752,1.35738,1,1.25
10.08.2021 01:46:12.279,1.35751,1.3573700000000002,1,1
10.08.2021 01:46:13.251,1.35751,1.3573600000000001,1,1.62
10.08.2021 01:46:14.611,1.35752,1.35735,1,1.12
10.08.2021 01:46:14.662,1.35749,1.35734,1,1.5
10.08.2021 01:46:14.763,1.3575000000000002,1.35733,1,1.5
10.08.2021 01:46:14.870,1.35749,1.35734,1,1
10.08.2021 01:46:32.492,1.3575000000000002,1.35734,1,1.5
10.08.2021 01:46:32.593,1.35752,1.3573700000000002,1,1
10.08.2021 01:46:51.949,1.35751,1.35735,1,1.5
10.08.2021 01:46:52.915,1.35751,1.35735,1,1.5
10.08.2021 01:46:53.049,1.3575000000000002,1.35735,1,1
10.08.2021 01:46:55.116,1.3575000000000002,1.3573600000000001,1,1
10.08.2021 01:47:09.002,1.3575000000000002,1.35735,1,1
10.08.2021 01:47:09.053,1.3575000000000002,1.35733,1,1.5
10.08.2021 01:47:11.879,1.3574700000000002,1.35733,1,1.5
10.08.2021 01:47:12.364,1.3575000000000002,1.35733,1,1
10.08.2021 01:47:25.151,1.3574700000000002,1.35733,1,1.12
10.08.2021 01:47:26.801,1.3574700000000002,1.35731,1,1.5
10.08.2021 01:47:27.062,1.35746,1.35732,1,1
10.08.2021 01:47:27.456,1.35746,1.35731,1,1
10.08.2021 01:47:27.657,1.35745,1.3573000000000002,1,1
10.08.2021 01:47:34.008,1.35746,1.3572700000000002,1,3.95
10.08.2021 01:47:41.898,1.35746,1.3572700000000002,1,1.95
10.08.2021 01:47:47.599,1.35744,1.3572700000000002,1,2.1
10.08.2021 01:47:50.369,1.35746,1.3572600000000001,1,2.1
10.08.2021 01:48:07.161,1.35743,1.3572700000000002,1,1.1
10.08.2021 01:48:12.265,1.35745,1.3572600000000001,1,2.1
10.08.2021 01:48:12.416,1.35743,1.3572600000000001,1,5.82
10.08.2021 01:48:12.847,1.35743,1.3572600000000001,1,5.82
10.08.2021 01:48:12.952,1.35746,1.35728,1,1
10.08.2021 01:48:16.753,1.35744,1.35728,1,1
10.08.2021 01:48:20.958,1.35745,1.35729,1,1
10.08.2021 01:48:35.877,1.35743,1.35728,1,1.12
10.08.2021 01:49:23.258,1.35744,1.35728,1,1
10.08.2021 01:49:25.926,1.35746,1.35731,1,1
10.08.2021 01:49:27.745,1.35748,1.35731,1,1
10.08.2021 01:49:33.826,1.35748,1.35732,1,1
10.08.2021 01:49:34.248,1.35749,1.35733,1,1
10.08.2021 01:50:01.208,1.35749,1.35734,1,1
10.08.2021 01:50:01.309,1.35751,1.35735,1,1
10.08.2021 01:50:15.439,1.35749,1.35733,1,1
10.08.2021 01:50:15.540,1.3574700000000002,1.35732,1,1.5
10.08.2021 01:50:15.641,1.35744,1.35732,1,1.5
10.08.2021 01:50:15.691,1.35745,1.35729,1,1
10.08.2021 01:50:17.377,1.35745,1.35728,1,1.12
10.08.2021 01:50:17.478,1.35742,1.35728,1,1.5
10.08.2021 01:50:17.979,1.35743,1.3572700000000002,1,1.12
10.08.2021 01:50:20.288,1.35741,1.3572700000000002,1,1
10.08.2021 01:50:20.440,1.3574000000000002,1.3572700000000002,1,1
10.08.2021 01:50:20.540,1.3573700000000002,1.35723,1,1
10.08.2021 01:50:21.302,1.35739,1.35725,1,1
10.08.2021 01:50:21.722,1.35738,1.35722,1,1
10.08.2021 01:50:26.075,1.35739,1.35725,1,1
10.08.2021 01:50:26.176,1.35742,1.3572600000000001,1.12,1
10.08.2021 01:50:32.096,1.3574000000000002,1.3572600000000001,1,1.12
10.08.2021 01:50:36.483,1.35738,1.35724,1,1.5
10.08.2021 01:50:36.534,1.35738,1.35724,1,1
10.08.2021 01:50:36.635,1.3573700000000002,1.35723,1,1
10.08.2021 01:50:56.916,1.3573600000000001,1.35721,1,1.5
10.08.2021 01:52:07.725,1.3573600000000001,1.35722,1,1
10.08.2021 01:52:07.776,1.35739,1.35722,1,1.5
10.08.2021 01:52:07.827,1.3574000000000002,1.35725,1,1
10.08.2021 01:52:07.877,1.35744,1.35728,1.12,1
10.08.2021 01:52:07.978,1.35744,1.35729,1,1
10.08.2021 01:52:10.290,1.35746,1.35731,1,1
10.08.2021 01:52:39.008,1.35746,1.35732,1,1
10.08.2021 01:52:41.199,1.35748,1.35731,1,1.5
10.08.2021 01:52:46.852,1.35749,1.35732,1,1
10.08.2021 01:52:46.953,1.3575000000000002,1.35733,1,1
10.08.2021 01:52:52.077,1.35752,1.3573600000000001,1,1
10.08.2021 01:53:00.307,1.35751,1.3573700000000002,1.5,1
10.08.2021 01:53:00.357,1.35749,1.35735,1,1
10.08.2021 01:53:00.408,1.35752,1.35735,1,1
10.08.2021 01:53:05.172,1.35752,1.3573600000000001,1,1.12
10.08.2021 01:53:17.243,1.35753,1.35739,1.12,1
10.08.2021 01:53:17.345,1.3575700000000002,1.35741,1.5,1
10.08.2021 01:53:17.779,1.35755,1.35739,1,1
10.08.2021 01:53:20.092,1.35754,1.3573700000000002,1,1.87
10.08.2021 01:53:26.126,1.35751,1.35735,1,1.12
10.08.2021 01:53:30.706,1.35755,1.35738,1,1
10.08.2021 01:53:35.369,1.35756,1.3574000000000002,1,1
10.08.2021 01:53:36.244,1.35753,1.35739,1,1
10.08.2021 01:53:38.625,1.35756,1.3574000000000002,1,1
10.08.2021 01:53:41.054,1.35754,1.3573700000000002,1,2.62
10.08.2021 01:53:45.228,1.35755,1.35738,1,1
10.08.2021 01:53:45.732,1.35754,1.3573700000000002,1,1
10.08.2021 01:53:46.005,1.35754,1.35739,1,1
10.08.2021 01:53:49.239,1.3575700000000002,1.3574000000000002,1,1
10.08.2021 01:53:49.340,1.3576000000000001,1.35743,1,1.5
10.08.2021 01:53:49.441,1.3576000000000001,1.35745,1,1
10.08.2021 01:53:51.099,1.3576000000000001,1.35745,1,1.5
10.08.2021 01:54:05.128,1.3576100000000002,1.35744,1,1
10.08.2021 01:54:05.247,1.3576000000000001,1.35746,1,1
10.08.2021 01:54:08.108,1.3576100000000002,1.35744,1,1
10.08.2021 01:54:10.023,1.35759,1.35744,1,1.12
10.08.2021 01:54:10.124,1.35756,1.35744,1,1
10.08.2021 01:54:10.326,1.3575700000000002,1.3574000000000002,1,1.5
10.08.2021 01:54:13.704,1.35755,1.3574000000000002,1,2.25
10.08.2021 01:54:15.610,1.35755,1.35739,1,1.12
10.08.2021 01:54:20.526,1.35756,1.35739,1,1.5
10.08.2021 01:54:22.946,1.35754,1.3574000000000002,1,1
10.08.2021 01:54:28.128,1.35752,1.3574000000000002,1,1
10.08.2021 01:54:28.469,1.35753,1.3573700000000002,1,1.12
10.08.2021 01:54:28.792,1.35752,1.3573700000000002,1,1
10.08.2021 01:54:28.893,1.35749,1.35734,1,1.12
10.08.2021 01:54:30.772,1.35752,1.35734,1,1
10.08.2021 01:54:30.873,1.35752,1.35733,1,1
10.08.2021 01:54:31.024,1.3575000000000002,1.35733,1,1
10.08.2021 01:54:38.089,1.35748,1.35731,1,1
10.08.2021 01:54:42.823,1.35748,1.35733,1,1
10.08.2021 01:54:42.924,1.35749,1.35733,1,1
10.08.2021 01:55:03.421,1.35749,1.35734,1,1.5
10.08.2021 01:55:03.522,1.35749,1.35733,1,1
10.08.2021 01:55:03.623,1.35748,1.35731,1,1
10.08.2021 01:55:04.255,1.35748,1.35732,1.12,1
10.08.2021 01:55:04.306,1.35746,1.3573000000000002,1,1
10.08.2021 01:55:05.726,1.3574700000000002,1.35732,1,1
10.08.2021 01:55:05.977,1.35746,1.35729,1,1
10.08.2021 01:55:06.079,1.35746,1.35731,1,1.5
10.08.2021 01:55:06.230,1.35746,1.3573000000000002,1,1
10.08.2021 01:55:14.432,1.35746,1.35732,1,2.25
10.08.2021 01:55:14.533,1.35752,1.35735,1,1
10.08.2021 01:55:14.584,1.35753,1.35738,1,1
10.08.2021 01:55:14.735,1.35754,1.35739,1,1
10.08.2021 01:55:16.370,1.35756,1.35738,1,1
10.08.2021 01:55:16.823,1.35754,1.3573700000000002,1,1.87
10.08.2021 01:55:25.024,1.35754,1.35738,1,1.5
10.08.2021 01:55:25.184,1.35755,1.35743,1,1
10.08.2021 01:55:25.285,1.35759,1.35743,1,1
10.08.2021 01:55:25.335,1.3576000000000001,1.35748,1,1
10.08.2021 01:55:25.386,1.3576100000000002,1.35749,1,1
10.08.2021 01:55:25.486,1.35762,1.35745,1,1.5
10.08.2021 01:55:45.564,1.35759,1.35744,1,1.87
10.08.2021 01:56:01.692,1.3576100000000002,1.35746,1,1
10.08.2021 01:56:02.742,1.3576100000000002,1.35746,1,2
10.08.2021 01:56:11.584,1.35763,1.35748,1,1
10.08.2021 01:56:11.685,1.35768,1.35752,1.12,1.5
10.08.2021 01:56:11.786,1.3577100000000002,1.3575700000000002,1.12,1
10.08.2021 01:56:11.887,1.35774,1.3575700000000002,1.12,1
10.08.2021 01:56:11.988,1.35775,1.3575700000000002,1,1
10.08.2021 01:56:12.089,1.35775,1.35758,1,1
10.08.2021 01:56:12.597,1.35776,1.3576000000000001,1,1
10.08.2021 01:56:17.195,1.3577700000000001,1.3576000000000001,1,1
10.08.2021 01:56:18.394,1.35778,1.3576100000000002,1,1
10.08.2021 01:56:18.445,1.35779,1.35764,1,1
10.08.2021 01:56:18.901,1.35782,1.35765,1,1
10.08.2021 01:56:19.104,1.35782,1.35766,1,1
10.08.2021 01:56:19.255,1.35782,1.35763,1,1
10.08.2021 01:56:19.356,1.35779,1.35763,1,1
10.08.2021 01:56:22.195,1.3578000000000001,1.35764,1,1
10.08.2021 01:56:25.196,1.35782,1.3576700000000002,1,1.5
10.08.2021 01:56:25.297,1.35784,1.35769,1,1.5
10.08.2021 01:56:25.551,1.3578100000000002,1.35764,1,4.87
10.08.2021 01:56:25.652,1.3577700000000001,1.35763,1,2.75
10.08.2021 01:56:25.752,1.3578000000000001,1.35762,1,2.25
10.08.2021 01:56:25.853,1.35778,1.35763,1,1.69
10.08.2021 01:56:26.009,1.3578000000000001,1.35762,1,1.1
10.08.2021 01:56:26.110,1.35779,1.35763,1,2.07
10.08.2021 01:56:26.582,1.3578000000000001,1.3576000000000001,1,1.2
10.08.2021 01:56:26.957,1.3578100000000002,1.3576100000000002,1,1.2
10.08.2021 01:56:27.007,1.3578100000000002,1.3576100000000002,1,2.47
10.08.2021 01:56:27.108,1.3578000000000001,1.35763,1,2.62
10.08.2021 01:56:27.658,1.3578000000000001,1.35764,1,1
10.08.2021 01:56:28.203,1.3578100000000002,1.35764,1,1.97
10.08.2021 01:56:28.304,1.35783,1.35766,1,1.2
10.08.2021 01:56:30.778,1.35784,1.3576700000000002,1,1.1
10.08.2021 01:56:31.413,1.35784,1.3577000000000001,1,1
10.08.2021 01:56:31.514,1.35782,1.35765,1,2.25
10.08.2021 01:56:32.267,1.35783,1.35766,1,1.57
10.08.2021 01:56:32.872,1.35783,1.3576700000000002,1,1
10.08.2021 01:56:33.825,1.35784,1.3577000000000001,1,1
10.08.2021 01:56:34.374,1.35784,1.35765,1,3.45
10.08.2021 01:56:34.787,1.35784,1.35766,1,1
10.08.2021 01:56:34.938,1.35783,1.3576700000000002,1,2.07
10.08.2021 01:56:35.140,1.35783,1.35772,1,1
