Gmt time,Ask,Bid,AskVolume,BidVolume
23.08.2021 00:00:00.078,1.3623200000000002,1.36216,1,1
23.08.2021 00:00:02.235,1.3623200000000002,1.3621400000000001,1,2.75
23.08.2021 00:00:02.286,1.3623,1.36213,1,1.1
23.08.2021 00:00:02.387,1.36229,1.36209,1,2.85
23.08.2021 00:00:02.488,1.36225,1.3621,1,1.6
23.08.2021 00:00:02.589,1.3622400000000001,1.3621,1,1.5
23.08.2021 00:00:02.639,1.3622400000000001,1.3621,1,1.5
23.08.2021 00:00:02.899,1.36225,1.36209,1,1
23.08.2021 00:00:03.000,1.36223,1.3621,1,1
23.08.2021 00:00:08.384,1.36223,1.36209,1,1
23.08.2021 00:00:08.535,1.3622200000000002,1.36209,1,1
23.08.2021 00:00:08.835,1.3622200000000002,1.36205,1,3.87
23.08.2021 00:00:10.412,1.3622200000000002,1.36205,1,1.5
23.08.2021 00:00:12.358,1.36218,1.3620200000000002,1,1.72
23.08.2021 00:00:12.459,1.3621400000000001,1.362,1,2.37
23.08.2021 00:00:12.610,1.36213,1.3619700000000001,1,1.1
23.08.2021 00:00:13.160,1.36213,1.3619700000000001,1,1.72
23.08.2021 00:00:13.544,1.36213,1.36196,1,1.6
23.08.2021 00:00:14.698,1.3621200000000002,1.36198,1,1.12
23.08.2021 00:00:16.295,1.36209,1.3619200000000002,1,2.1
23.08.2021 00:00:16.396,1.36208,1.36189,1,1.6
23.08.2021 00:00:16.497,1.36205,1.36186,1,1.6
23.08.2021 00:00:16.648,1.3620400000000001,1.36186,1,1.6
23.08.2021 00:00:16.765,1.3620400000000001,1.36185,1,2.47
23.08.2021 00:00:16.866,1.3620400000000001,1.36186,1,1.2
23.08.2021 00:00:16.916,1.3620100000000002,1.3618700000000001,1,1.12
23.08.2021 00:00:17.067,1.362,1.36185,1,1.5
23.08.2021 00:00:18.319,1.3620100000000002,1.36182,1,4.32
23.08.2021 00:00:21.117,1.36199,1.36182,1,2.07
23.08.2021 00:00:21.218,1.362,1.3618100000000002,1,1.6
23.08.2021 00:00:24.000,1.362,1.36183,1,1
23.08.2021 00:00:24.151,1.36199,1.36184,1,1.6
23.08.2021 00:00:24.714,1.3620100000000002,1.36184,1,1
23.08.2021 00:00:25.107,1.3620200000000002,1.36184,1,2.32
23.08.2021 00:00:25.532,1.3620200000000002,1.36185,1,1
23.08.2021 00:00:26.515,1.3620100000000002,1.36186,1,1.62
23.08.2021 00:00:32.434,1.3620200000000002,1.36182,1,1.7
23.08.2021 00:00:32.485,1.36198,1.36183,1,1
23.08.2021 00:00:33.885,1.36198,1.36182,1,2.07
23.08.2021 00:00:50.130,1.3619700000000001,1.3618100000000002,1,1.7
23.08.2021 00:00:50.181,1.36196,1.3618100000000002,1,1
23.08.2021 00:00:50.282,1.36196,1.3618000000000001,1,1
23.08.2021 00:00:50.383,1.36195,1.3618000000000001,1,1
23.08.2021 00:01:05.384,1.36195,1.3618100000000002,1,1.5
23.08.2021 00:01:11.314,1.3619700000000001,1.3618100000000002,1,1.5
23.08.2021 00:01:12.885,1.3619700000000001,1.3618100000000002,1,1.12
23.08.2021 00:01:18.103,1.36199,1.3618100000000002,1,2
23.08.2021 00:01:18.305,1.3620100000000002,1.36183,1,2
23.08.2021 00:01:18.355,1.3620200000000002,1.36184,1,1.5
23.08.2021 00:01:18.506,1.36199,1.36182,1,1
23.08.2021 00:01:18.557,1.36198,1.36183,1,1
23.08.2021 00:01:19.090,1.36198,1.36185,1,1
23.08.2021 00:01:19.555,1.3620100000000002,1.36185,1,1
23.08.2021 00:01:19.656,1.3620200000000002,1.36183,1,1.12
23.08.2021 00:01:20.884,1.3620100000000002,1.36184,1,1.5
23.08.2021 00:01:22.623,1.3620100000000002,1.36183,1,1.5
23.08.2021 00:01:23.284,1.36198,1.36182,1,2.45
23.08.2021 00:01:23.991,1.36198,1.3618000000000001,1,3.2
23.08.2021 00:01:24.142,1.3619700000000001,1.3618100000000002,1,3.12
23.08.2021 00:01:24.394,1.3619700000000001,1.3618000000000001,1,1.62
23.08.2021 00:01:24.713,1.36194,1.3618000000000001,1,1.12
23.08.2021 00:01:24.864,1.36194,1.3617700000000001,1,1.7
23.08.2021 00:01:24.915,1.36196,1.3617700000000001,1,1.62
23.08.2021 00:01:24.966,1.36194,1.3617700000000001,1,1
23.08.2021 00:01:27.423,1.3619200000000002,1.36176,1,2.45
23.08.2021 00:01:28.423,1.36193,1.36175,1,1.6
23.08.2021 00:01:29.986,1.3619200000000002,1.36175,1,1.5
23.08.2021 00:01:30.475,1.36189,1.36174,1,1.6
23.08.2021 00:01:30.525,1.3619,1.3617299999999999,1,1.5
23.08.2021 00:01:30.783,1.36188,1.3617299999999999,1,1.12
23.08.2021 00:01:30.884,1.36188,1.3617100000000002,1,1.5
23.08.2021 00:01:32.579,1.36188,1.36172,1,2
23.08.2021 00:01:35.810,1.3618700000000001,1.36169,1,1.7
23.08.2021 00:01:36.385,1.3618700000000001,1.36169,1,1.6
23.08.2021 00:01:40.180,1.36189,1.3617000000000001,1,1.87
23.08.2021 00:01:44.394,1.36188,1.3617100000000002,1,1.5
23.08.2021 00:01:47.655,1.3618700000000001,1.36169,1,1.6
23.08.2021 00:02:10.276,1.36182,1.36169,1,1
23.08.2021 00:02:10.937,1.36184,1.36169,1,1
23.08.2021 00:02:12.972,1.36182,1.36168,1,1.62
23.08.2021 00:02:13.073,1.36183,1.36165,1,1.62
23.08.2021 00:02:13.174,1.3618000000000001,1.36164,1,1.57
23.08.2021 00:02:13.225,1.3617700000000001,1.36164,1,1
23.08.2021 00:02:13.376,1.3617700000000001,1.36163,1,1
23.08.2021 00:02:13.477,1.3617700000000001,1.36162,1,1
23.08.2021 00:02:13.987,1.36178,1.36162,1,1
23.08.2021 00:02:14.088,1.3617700000000001,1.36163,1,1.5
23.08.2021 00:02:19.065,1.3618000000000001,1.36162,1,2
23.08.2021 00:02:19.522,1.36178,1.36163,1,1.5
23.08.2021 00:02:20.179,1.3618000000000001,1.36162,1,2
23.08.2021 00:02:30.073,1.36178,1.3616000000000001,1,4.32
23.08.2021 00:02:30.227,1.36178,1.3616000000000001,1,2.07
23.08.2021 00:02:30.561,1.36176,1.3616000000000001,1,3.57
23.08.2021 00:02:30.611,1.36174,1.3616000000000001,1,1.5
23.08.2021 00:02:30.913,1.36175,1.36158,1,1
23.08.2021 00:03:02.385,1.36174,1.36158,1,1.62
23.08.2021 00:03:03.447,1.36168,1.36154,1.25,2
23.08.2021 00:03:03.498,1.36166,1.3615000000000002,1,1
23.08.2021 00:03:03.548,1.36162,1.3615000000000002,1,2.75
23.08.2021 00:03:03.649,1.3616000000000001,1.3614700000000002,1,1.5
23.08.2021 00:03:03.700,1.3616000000000001,1.36142,1,1
23.08.2021 00:03:03.751,1.36156,1.3614000000000002,1,1.5
23.08.2021 00:03:03.801,1.36159,1.36141,1,1
23.08.2021 00:03:03.852,1.36155,1.36139,1,1.12
23.08.2021 00:03:04.039,1.36156,1.36139,1,1.12
23.08.2021 00:03:05.315,1.3616000000000001,1.36141,1,2.25
23.08.2021 00:03:05.365,1.36159,1.36144,1,1
23.08.2021 00:03:05.668,1.36159,1.36145,1,1
23.08.2021 00:03:07.017,1.3616000000000001,1.36143,1,2.25
23.08.2021 00:03:07.118,1.3615700000000002,1.36143,1,1
23.08.2021 00:03:07.419,1.36156,1.36142,1,1
23.08.2021 00:03:07.521,1.36153,1.36139,1,1.5
23.08.2021 00:03:07.622,1.36153,1.36135,1,2.94
23.08.2021 00:03:07.673,1.36152,1.3613600000000001,1,2.81
23.08.2021 00:03:08.000,1.36152,1.36135,1,1.87
23.08.2021 00:03:10.213,1.36153,1.36135,1,2.44
23.08.2021 00:03:11.966,1.36155,1.3613700000000002,1,1
23.08.2021 00:03:12.218,1.36154,1.36139,1,1
23.08.2021 00:03:12.268,1.36158,1.36141,1,1
23.08.2021 00:03:14.846,1.36158,1.3614000000000002,1,1
23.08.2021 00:03:16.065,1.36156,1.36138,1,2.16
23.08.2021 00:03:16.166,1.36154,1.3613600000000001,1,1.6
23.08.2021 00:03:16.297,1.36154,1.3613600000000001,1,1.2
23.08.2021 00:03:16.485,1.36153,1.36135,1,2.07
23.08.2021 00:03:19.441,1.36156,1.36139,1,1
23.08.2021 00:03:19.542,1.36158,1.36141,1,1.5
23.08.2021 00:03:26.198,1.36158,1.3614000000000002,1,1.95
23.08.2021 00:03:26.981,1.3615700000000002,1.3614000000000002,1,1.2
23.08.2021 00:03:27.082,1.36154,1.3614000000000002,1,1.5
23.08.2021 00:03:27.183,1.36156,1.36139,1,1.5
23.08.2021 00:03:47.144,1.36155,1.3613700000000002,1,2.85
23.08.2021 00:03:48.893,1.36154,1.36138,1,1.6
23.08.2021 00:03:50.252,1.36153,1.3613700000000002,1,2.1
23.08.2021 00:03:50.461,1.36152,1.3613600000000001,1,1.2
23.08.2021 00:03:50.663,1.3615000000000002,1.3613600000000001,1,1.5
23.08.2021 00:03:50.764,1.36149,1.3613600000000001,1,1
23.08.2021 00:03:50.865,1.36149,1.36135,1,1.5
23.08.2021 00:03:51.792,1.36149,1.36132,1,2
23.08.2021 00:03:51.993,1.3615000000000002,1.36134,1,1.12
23.08.2021 00:03:57.077,1.3615000000000002,1.3613600000000001,1,1
23.08.2021 00:03:57.330,1.3614700000000002,1.36133,1,1
23.08.2021 00:04:05.294,1.3615000000000002,1.36134,1,1
23.08.2021 00:04:05.395,1.36151,1.36134,1.5,1
23.08.2021 00:04:10.461,1.36151,1.3613600000000001,1,1
23.08.2021 00:04:15.533,1.36151,1.3613700000000002,1,1
23.08.2021 00:04:16.196,1.36154,1.3613700000000002,1.12,1
23.08.2021 00:04:16.297,1.36155,1.36139,1.5,1
23.08.2021 00:04:16.348,1.3615700000000002,1.3614000000000002,1.6,1
23.08.2021 00:04:16.500,1.36158,1.36141,1.6,1
23.08.2021 00:04:16.601,1.36159,1.3614000000000002,1.22,1
23.08.2021 00:04:16.906,1.36158,1.36142,1.22,1
23.08.2021 00:04:17.007,1.36163,1.3614600000000001,2.85,1
23.08.2021 00:04:17.057,1.36162,1.36148,1.1,1
23.08.2021 00:04:17.259,1.36163,1.36148,1.72,1
23.08.2021 00:04:18.062,1.36165,1.36148,1,1
23.08.2021 00:04:18.164,1.36165,1.36149,1,1
23.08.2021 00:04:18.215,1.36166,1.36151,1.2,1
23.08.2021 00:04:23.698,1.36168,1.36154,1,1
23.08.2021 00:04:23.799,1.36172,1.3615700000000002,1.5,1
23.08.2021 00:04:23.900,1.3617299999999999,1.36159,2.45,1
23.08.2021 00:04:24.278,1.36175,1.36158,1.6,1
23.08.2021 00:04:25.974,1.36176,1.36158,1.7,1
23.08.2021 00:04:26.993,1.36176,1.36158,1.57,1
23.08.2021 00:04:36.086,1.36174,1.36159,1,1
23.08.2021 00:04:39.042,1.36174,1.3615700000000002,1,1
23.08.2021 00:04:47.207,1.36174,1.36158,1.12,1
23.08.2021 00:04:48.151,1.36175,1.3616100000000002,1,1
23.08.2021 00:04:48.302,1.3617700000000001,1.3616100000000002,1,1
23.08.2021 00:04:48.403,1.36178,1.36162,1,1
23.08.2021 00:04:48.504,1.3618000000000001,1.36164,1.5,1
23.08.2021 00:04:48.605,1.36179,1.36165,1,1
23.08.2021 00:05:28.611,1.3618100000000002,1.36164,1,1
23.08.2021 00:05:28.763,1.3618100000000002,1.36165,1,1
23.08.2021 00:05:40.703,1.36182,1.36166,1,1
23.08.2021 00:05:40.804,1.36183,1.36168,1,1
23.08.2021 00:05:40.905,1.36183,1.36169,1,1
23.08.2021 00:05:59.548,1.3618100000000002,1.3616700000000002,1,1
23.08.2021 00:06:03.026,1.36179,1.36165,1,1
23.08.2021 00:06:03.477,1.36178,1.36164,1,1
23.08.2021 00:06:08.095,1.3617700000000001,1.36163,1,1
23.08.2021 00:06:14.398,1.36175,1.3616100000000002,1,1.12
23.08.2021 00:06:14.550,1.36172,1.3615700000000002,1,2.75
23.08.2021 00:06:14.887,1.3617100000000002,1.3615700000000002,1,1.5
23.08.2021 00:06:15.038,1.36172,1.36156,1,1.12
23.08.2021 00:06:17.741,1.3617100000000002,1.36155,1,1.5
23.08.2021 00:06:17.842,1.3617000000000001,1.36154,1,1
23.08.2021 00:06:19.585,1.36169,1.36153,1,1
23.08.2021 00:06:19.636,1.3616700000000002,1.36151,1,1
23.08.2021 00:06:19.737,1.36166,1.3615000000000002,1,1.5
23.08.2021 00:06:47.131,1.3616700000000002,1.36151,1,1
23.08.2021 00:06:58.922,1.36165,1.3615000000000002,1,1.5
23.08.2021 00:06:59.023,1.36166,1.36149,1,1.12
23.08.2021 00:06:59.320,1.36164,1.3614700000000002,1,1.62
23.08.2021 00:06:59.421,1.36163,1.3614700000000002,1,1
23.08.2021 00:06:59.522,1.36162,1.36148,1,1
23.08.2021 00:07:07.678,1.36162,1.36145,1,1.5
23.08.2021 00:07:07.779,1.36158,1.36144,1,1
23.08.2021 00:07:07.880,1.36158,1.36141,1,1.62
23.08.2021 00:07:07.931,1.36156,1.36141,1,1
23.08.2021 00:07:08.032,1.36155,1.36141,1,1
23.08.2021 00:07:08.133,1.36155,1.3614000000000002,1,1
23.08.2021 00:07:08.447,1.36155,1.36138,1,1.5
23.08.2021 00:07:08.758,1.36155,1.36138,1,1.12
23.08.2021 00:07:10.401,1.36155,1.36138,1,1.5
23.08.2021 00:07:13.771,1.36154,1.36139,1,1.12
23.08.2021 00:07:14.770,1.36152,1.36138,1,1
23.08.2021 00:07:14.972,1.36151,1.36134,1,1.5
23.08.2021 00:07:15.083,1.36149,1.36133,1,1.6
23.08.2021 00:07:15.184,1.36148,1.36134,1,1
23.08.2021 00:07:15.285,1.36149,1.36133,1,1
23.08.2021 00:07:15.441,1.36148,1.36134,1,1
23.08.2021 00:07:19.979,1.36148,1.36133,1,1.6
23.08.2021 00:07:20.081,1.36151,1.36135,1,1
23.08.2021 00:07:38.163,1.36153,1.3613700000000002,1,1
23.08.2021 00:07:40.633,1.36154,1.36138,1,1
23.08.2021 00:08:01.278,1.36154,1.3614000000000002,1,1
23.08.2021 00:08:01.382,1.3615700000000002,1.36143,1,1
23.08.2021 00:08:01.483,1.3616000000000001,1.36144,1,1
23.08.2021 00:08:13.393,1.36162,1.36148,1,1
23.08.2021 00:08:29.025,1.36164,1.3615000000000002,1,1
23.08.2021 00:08:29.311,1.36165,1.36151,1.5,1
23.08.2021 00:08:32.468,1.3616700000000002,1.36153,1.5,1
23.08.2021 00:08:32.619,1.36169,1.36155,1.62,1
23.08.2021 00:08:32.727,1.3617000000000001,1.36154,1.5,1
23.08.2021 00:08:33.666,1.3617100000000002,1.3615700000000002,2.75,1
23.08.2021 00:08:33.717,1.3617100000000002,1.3615700000000002,1.12,1
23.08.2021 00:08:51.045,1.36172,1.36158,1,1
23.08.2021 00:08:51.947,1.36175,1.36159,1.5,1
23.08.2021 00:08:52.554,1.36175,1.36159,1.12,1
23.08.2021 00:08:53.214,1.36172,1.36158,1,1
23.08.2021 00:09:08.636,1.36172,1.36156,1,1
23.08.2021 00:09:16.312,1.3617000000000001,1.36154,1,1
23.08.2021 00:09:17.689,1.3616700000000002,1.36153,1,1
23.08.2021 00:09:33.104,1.3617000000000001,1.36154,1,1
23.08.2021 00:09:33.239,1.3617100000000002,1.36154,1.12,1
23.08.2021 00:09:35.181,1.36172,1.3615700000000002,1.12,1
23.08.2021 00:09:36.198,1.3617299999999999,1.36158,1,1
23.08.2021 00:09:39.093,1.36175,1.36159,1,1
23.08.2021 00:09:39.194,1.36174,1.36162,1,1
23.08.2021 00:09:40.049,1.3617700000000001,1.3616100000000002,3.5,1
23.08.2021 00:09:40.605,1.3617700000000001,1.3616100000000002,1.87,1
23.08.2021 00:09:42.610,1.36176,1.36162,2,1
23.08.2021 00:09:44.199,1.36176,1.36162,1.87,1
23.08.2021 00:09:45.893,1.36176,1.3616100000000002,1.87,1
23.08.2021 00:09:48.501,1.36176,1.3616100000000002,2,1
23.08.2021 00:09:54.503,1.36175,1.3616000000000001,1.5,1
23.08.2021 00:09:57.784,1.36175,1.3616100000000002,1.12,1
23.08.2021 00:09:58.752,1.36176,1.3616100000000002,1.12,1
23.08.2021 00:10:00.459,1.36176,1.36159,1,1
23.08.2021 00:10:00.751,1.36175,1.36159,1,1
23.08.2021 00:10:09.640,1.36176,1.36158,1.62,1
23.08.2021 00:10:17.774,1.36174,1.3615700000000002,1,1
23.08.2021 00:10:25.289,1.36172,1.3615700000000002,1,1
23.08.2021 00:10:40.969,1.36175,1.36158,3.2,1
23.08.2021 00:10:41.070,1.36175,1.36158,1.95,1
23.08.2021 00:11:26.933,1.36175,1.36159,1.5,1
23.08.2021 00:11:28.188,1.36176,1.3616000000000001,1.5,1
23.08.2021 00:11:40.689,1.36176,1.3616000000000001,2,1
23.08.2021 00:11:41.116,1.36174,1.36159,1,1
23.08.2021 00:11:41.218,1.3617100000000002,1.3615700000000002,1.12,1
23.08.2021 00:11:42.182,1.3617100000000002,1.3615700000000002,1.62,1
23.08.2021 00:11:43.048,1.36169,1.36155,1,1
23.08.2021 00:11:43.149,1.36169,1.36153,1,1
23.08.2021 00:11:43.477,1.36168,1.36152,1,1
23.08.2021 00:12:00.196,1.36169,1.36153,4.32,1
23.08.2021 00:12:00.297,1.36169,1.36153,2.7,1
23.08.2021 00:12:02.385,1.3617000000000001,1.36152,2.85,1
23.08.2021 00:12:02.486,1.3616700000000002,1.36152,1.1,1
23.08.2021 00:12:03.182,1.36163,1.36151,1,1
23.08.2021 00:12:03.550,1.36166,1.36152,1.5,1
23.08.2021 00:12:41.077,1.36168,1.36152,2.37,1
23.08.2021 00:12:41.357,1.36168,1.36153,2.37,1
23.08.2021 00:12:41.861,1.36169,1.36154,3.5,1
23.08.2021 00:12:49.878,1.3617000000000001,1.36153,2.62,1
23.08.2021 00:12:52.987,1.3617000000000001,1.36153,3.12,1
23.08.2021 00:12:54.177,1.36169,1.36153,1,1
23.08.2021 00:12:58.190,1.3617000000000001,1.36153,4.25,1
23.08.2021 00:12:58.738,1.3617000000000001,1.36151,3.5,1
23.08.2021 00:13:00.978,1.3617000000000001,1.36153,3.5,1
23.08.2021 00:13:01.129,1.36169,1.36156,2.62,1
23.08.2021 00:13:01.643,1.36172,1.36155,3.2,1
23.08.2021 00:13:02.152,1.36172,1.3615700000000002,1.5,1
23.08.2021 00:13:02.392,1.3617100000000002,1.36158,1,1
23.08.2021 00:13:03.985,1.36172,1.36158,1.87,1
23.08.2021 00:13:04.147,1.36172,1.36159,1.87,1
23.08.2021 00:13:04.972,1.36174,1.36158,1,1
23.08.2021 00:13:05.987,1.36174,1.36159,1,1
23.08.2021 00:13:07.183,1.36174,1.3616000000000001,1,1
23.08.2021 00:13:08.093,1.3617700000000001,1.3616100000000002,2.32,1
23.08.2021 00:13:09.235,1.3617700000000001,1.36162,1,1
23.08.2021 00:13:11.184,1.36179,1.36162,1.1,1
23.08.2021 00:13:11.285,1.3618000000000001,1.36165,1.5,1
23.08.2021 00:13:11.386,1.36182,1.36169,1.7,1
23.08.2021 00:13:11.487,1.36184,1.36168,1,1
23.08.2021 00:13:11.588,1.36185,1.36168,2,1
23.08.2021 00:13:12.467,1.36185,1.36168,1.87,1
23.08.2021 00:13:23.417,1.36185,1.3617100000000002,1,1
23.08.2021 00:13:23.468,1.3618700000000001,1.36172,1,1
23.08.2021 00:13:23.518,1.36189,1.36174,1.5,1
23.08.2021 00:13:23.669,1.36188,1.3617700000000001,1,1
23.08.2021 00:13:23.720,1.3619200000000002,1.3617700000000001,1.87,1
23.08.2021 00:13:23.978,1.36195,1.36178,1.12,1
23.08.2021 00:13:24.180,1.36196,1.3618100000000002,1.7,1
23.08.2021 00:13:24.281,1.3619700000000001,1.3618000000000001,1.12,1
23.08.2021 00:13:24.487,1.3619700000000001,1.36182,1.6,1
23.08.2021 00:13:24.588,1.36198,1.3618100000000002,1.1,1
23.08.2021 00:13:30.652,1.362,1.36182,1.5,1
23.08.2021 00:13:31.544,1.3620100000000002,1.36184,1.1,1
23.08.2021 00:13:36.318,1.3620200000000002,1.3618700000000001,3.07,1
23.08.2021 00:13:39.845,1.36203,1.36188,2.75,1
23.08.2021 00:13:41.885,1.3620400000000001,1.3618700000000001,1.12,1
23.08.2021 00:13:52.659,1.36205,1.36188,1,1
23.08.2021 00:13:52.760,1.36206,1.3619,1.87,1
23.08.2021 00:13:57.385,1.36206,1.3619100000000002,2.7,1
23.08.2021 00:14:13.701,1.3620700000000001,1.3619,3.47,1
23.08.2021 00:14:13.752,1.3620400000000001,1.3618700000000001,1,1
23.08.2021 00:14:13.873,1.36203,1.36186,1,1
23.08.2021 00:14:14.141,1.3620200000000002,1.36185,1.62,1
23.08.2021 00:14:15.124,1.362,1.36186,2.37,1
23.08.2021 00:14:17.125,1.3620100000000002,1.36186,3.12,1
23.08.2021 00:14:22.070,1.3620100000000002,1.36186,1.5,1
23.08.2021 00:14:22.378,1.3620100000000002,1.3618700000000001,1.5,1
23.08.2021 00:14:22.746,1.3620200000000002,1.36188,1.12,1
23.08.2021 00:14:22.797,1.3620700000000001,1.3618700000000001,6.01,1
23.08.2021 00:14:22.847,1.36206,1.3619200000000002,4.25,1
23.08.2021 00:14:22.998,1.3620700000000001,1.3619100000000002,1,1
23.08.2021 00:14:23.099,1.36209,1.36194,2.37,1
23.08.2021 00:14:23.200,1.3621100000000002,1.36193,2.75,1
23.08.2021 00:14:23.552,1.3621200000000002,1.36193,2.37,1
23.08.2021 00:14:23.943,1.3621100000000002,1.3619700000000001,1,1
23.08.2021 00:14:24.094,1.36213,1.36196,2.45,1
23.08.2021 00:14:24.576,1.3621400000000001,1.36198,2.82,1
23.08.2021 00:14:27.273,1.3621400000000001,1.36195,4.16,1
23.08.2021 00:14:27.323,1.36209,1.36196,1,1
23.08.2021 00:14:28.282,1.36208,1.36196,1,1
23.08.2021 00:14:29.283,1.36209,1.36196,1,1
23.08.2021 00:14:36.406,1.3621100000000002,1.36195,1.69,1
23.08.2021 00:15:00.258,1.3620700000000001,1.3619200000000002,1,1
23.08.2021 00:15:00.359,1.36208,1.3619,1,1
23.08.2021 00:15:01.463,1.36209,1.3619,3.85,1
23.08.2021 00:15:05.710,1.36208,1.3619100000000002,4.22,1
23.08.2021 00:15:37.052,1.36208,1.3619200000000002,2.07,1
23.08.2021 00:15:37.154,1.36206,1.3619200000000002,1,1
23.08.2021 00:15:37.687,1.36206,1.36195,1,1
23.08.2021 00:15:41.267,1.3621100000000002,1.36195,2.45,1
23.08.2021 00:15:41.790,1.3621200000000002,1.36195,1.7,1
23.08.2021 00:15:42.111,1.3621200000000002,1.36195,1.12,1
23.08.2021 00:15:42.537,1.3621200000000002,1.3619700000000001,1,1
23.08.2021 00:15:47.418,1.3621100000000002,1.3619700000000001,1,1
23.08.2021 00:15:47.793,1.3621100000000002,1.36195,1,1
23.08.2021 00:15:49.266,1.3621200000000002,1.36195,3.07,1
23.08.2021 00:15:49.328,1.36213,1.36196,2.32,1
23.08.2021 00:15:53.758,1.36213,1.3619700000000001,1,1
23.08.2021 00:15:56.426,1.3621400000000001,1.3619700000000001,2.25,1
23.08.2021 00:16:06.564,1.36216,1.36199,2.75,1
23.08.2021 00:16:06.666,1.36215,1.3620100000000002,2.37,1
23.08.2021 00:16:06.767,1.36216,1.362,1.5,1
23.08.2021 00:16:07.026,1.36216,1.3620100000000002,1.5,1
23.08.2021 00:16:07.127,1.36217,1.3620200000000002,1.5,1
23.08.2021 00:16:07.750,1.36217,1.36203,1.95,1
23.08.2021 00:16:10.539,1.36217,1.36205,1.5,1
23.08.2021 00:16:10.741,1.36218,1.36205,1,1
23.08.2021 00:16:10.842,1.3622,1.3620400000000001,1,1
23.08.2021 00:16:10.892,1.3622100000000001,1.36205,1.5,1
23.08.2021 00:16:11.298,1.3622200000000002,1.3620700000000001,1.5,1
23.08.2021 00:16:13.197,1.3622400000000001,1.3620700000000001,2.1,1
23.08.2021 00:16:15.710,1.36223,1.3620700000000001,1.97,1
23.08.2021 00:16:15.986,1.3622200000000002,1.36206,2.72,1
23.08.2021 00:16:16.102,1.3622200000000002,1.3620400000000001,3.2,1
23.08.2021 00:16:16.254,1.3622200000000002,1.36205,2.45,1
23.08.2021 00:16:30.421,1.3622200000000002,1.3620400000000001,2.85,1
23.08.2021 00:16:30.623,1.3622100000000001,1.3620200000000002,2.72,1
23.08.2021 00:16:30.723,1.36218,1.362,2.35,1
23.08.2021 00:16:30.824,1.36218,1.36199,1.22,1
23.08.2021 00:16:31.077,1.36217,1.362,1.97,1
23.08.2021 00:16:31.177,1.3621400000000001,1.36199,1,1
23.08.2021 00:16:31.228,1.3621400000000001,1.3619700000000001,1.1,1
23.08.2021 00:16:31.681,1.36213,1.3619700000000001,2.54,1
23.08.2021 00:16:36.642,1.3621400000000001,1.36196,2.32,1
23.08.2021 00:16:36.743,1.3621400000000001,1.36196,1.22,1
23.08.2021 00:16:37.174,1.36213,1.3619700000000001,1.2,1
23.08.2021 00:16:37.487,1.3621400000000001,1.36198,4.54,1
23.08.2021 00:16:37.876,1.36215,1.3619700000000001,4.16,1
23.08.2021 00:16:40.805,1.3621400000000001,1.3619700000000001,1.1,1
23.08.2021 00:16:41.409,1.3621400000000001,1.36198,3.07,1
23.08.2021 00:16:42.292,1.36216,1.36199,2.07,1
23.08.2021 00:16:42.343,1.36216,1.362,2.7,1
23.08.2021 00:16:42.735,1.36216,1.3620200000000002,1.95,1
23.08.2021 00:16:43.279,1.36217,1.36203,2.1,1
23.08.2021 00:16:43.551,1.36219,1.36203,2,1
23.08.2021 00:16:43.805,1.36219,1.3620200000000002,1.5,1
23.08.2021 00:16:43.906,1.3622,1.3620200000000002,3.57,1
23.08.2021 00:16:43.957,1.3622100000000001,1.3620400000000001,2.82,1
23.08.2021 00:16:44.896,1.3622200000000002,1.3620400000000001,1.57,1
23.08.2021 00:16:55.757,1.3622100000000001,1.3620400000000001,1,1
23.08.2021 00:16:58.632,1.3622100000000001,1.3620200000000002,3.12,1
23.08.2021 00:16:58.733,1.3622,1.36203,3.97,1
23.08.2021 00:16:58.834,1.36219,1.3620100000000002,1.1,1
23.08.2021 00:17:00.116,1.36217,1.3620100000000002,1.1,1
23.08.2021 00:17:00.217,1.36216,1.362,1.1,1
23.08.2021 00:17:00.368,1.3621400000000001,1.36199,1.2,1
23.08.2021 00:17:01.204,1.36218,1.362,1.6,1
23.08.2021 00:17:02.391,1.36217,1.362,1.12,1
23.08.2021 00:17:03.253,1.36216,1.36203,1.12,1
23.08.2021 00:17:03.353,1.3622,1.3620200000000002,2.45,1
23.08.2021 00:17:04.000,1.3622,1.3620200000000002,1,1
23.08.2021 00:17:04.232,1.3622,1.36205,1,1
23.08.2021 00:17:04.451,1.3622,1.36206,1,1
23.08.2021 00:17:04.675,1.36223,1.36205,3.12,1
23.08.2021 00:17:04.848,1.36223,1.3620700000000001,1.62,1
23.08.2021 00:17:08.329,1.3622200000000002,1.3620700000000001,1.62,1
23.08.2021 00:17:12.405,1.3622200000000002,1.3620700000000001,1.12,1
23.08.2021 00:17:23.082,1.3622200000000002,1.36205,1,1
23.08.2021 00:17:23.483,1.3622200000000002,1.3620400000000001,1,1
23.08.2021 00:17:28.838,1.3622100000000001,1.36205,1.97,1
23.08.2021 00:17:28.939,1.36219,1.3620400000000001,1.1,1
23.08.2021 00:17:28.989,1.36217,1.36199,1,1
23.08.2021 00:17:29.472,1.36215,1.362,1,1
23.08.2021 00:17:30.020,1.36215,1.36198,1.5,1
23.08.2021 00:17:40.153,1.3621400000000001,1.3619700000000001,1,1
23.08.2021 00:17:41.686,1.3621200000000002,1.36195,1,1
23.08.2021 00:17:43.036,1.3621100000000002,1.36194,1,1
23.08.2021 00:17:43.842,1.3621100000000002,1.36196,1,1
23.08.2021 00:17:46.626,1.36209,1.36194,1,1
23.08.2021 00:17:52.750,1.3621200000000002,1.36195,1,1
23.08.2021 00:17:55.825,1.3621200000000002,1.3619700000000001,1,1
23.08.2021 00:18:03.807,1.3621200000000002,1.36195,1,1
23.08.2021 00:18:04.008,1.3621,1.36193,1,1
23.08.2021 00:18:07.628,1.3621200000000002,1.36195,1,1
23.08.2021 00:18:25.121,1.36213,1.36196,1,1
23.08.2021 00:18:48.770,1.3621100000000002,1.36196,1,1
23.08.2021 00:19:15.259,1.3621100000000002,1.36194,1,1
23.08.2021 00:19:24.425,1.3621100000000002,1.36196,3,1
23.08.2021 00:19:24.526,1.3621200000000002,1.36196,1,1
23.08.2021 00:19:25.545,1.36213,1.36196,1.12,1
23.08.2021 00:19:25.952,1.3621400000000001,1.36199,3.12,1
23.08.2021 00:19:32.946,1.3621400000000001,1.36199,3,1
23.08.2021 00:19:34.342,1.3621400000000001,1.36199,3.12,1
23.08.2021 00:19:36.322,1.3621400000000001,1.36199,2.62,1
23.08.2021 00:19:36.423,1.36216,1.36199,2.75,1
23.08.2021 00:19:36.473,1.36216,1.3620100000000002,1.5,1
23.08.2021 00:19:36.524,1.36218,1.3620100000000002,1.12,1
23.08.2021 00:19:36.625,1.36219,1.36205,1,1
23.08.2021 00:19:36.727,1.3622,1.36206,1,1
23.08.2021 00:19:37.006,1.3622,1.36208,1,1
23.08.2021 00:19:37.107,1.36223,1.36208,1,1
23.08.2021 00:19:37.209,1.3622400000000001,1.36209,3.6,1
23.08.2021 00:19:37.397,1.36225,1.36208,3.1,1
23.08.2021 00:19:37.516,1.36225,1.36208,3.07,1
23.08.2021 00:19:40.078,1.36223,1.3620700000000001,1,1
23.08.2021 00:20:00.086,1.36218,1.36206,1,1
23.08.2021 00:20:00.187,1.36217,1.3620100000000002,1,1
23.08.2021 00:20:00.238,1.3621400000000001,1.362,1,1
23.08.2021 00:20:00.440,1.3621400000000001,1.36198,1,1
23.08.2021 00:20:02.131,1.3621200000000002,1.36196,1,1
23.08.2021 00:20:02.339,1.3621100000000002,1.36196,1,1
23.08.2021 00:20:02.390,1.3621,1.36194,1,1
23.08.2021 00:20:02.440,1.3620700000000001,1.3619100000000002,1,1
23.08.2021 00:20:02.491,1.36209,1.3619200000000002,1,1
23.08.2021 00:20:08.009,1.36209,1.36195,1,1
23.08.2021 00:20:17.833,1.3621100000000002,1.3619700000000001,1,1
23.08.2021 00:20:18.035,1.3621200000000002,1.36198,1,1
23.08.2021 00:20:18.137,1.36215,1.36199,1,1
23.08.2021 00:20:18.238,1.36216,1.3620200000000002,1,1
23.08.2021 00:20:18.491,1.36219,1.36203,1.5,1
23.08.2021 00:20:18.597,1.36219,1.36203,1,1
23.08.2021 00:20:18.727,1.3622,1.36206,3.2,1
23.08.2021 00:20:18.828,1.3622100000000001,1.36205,1.12,1
23.08.2021 00:20:18.929,1.3622100000000001,1.3620700000000001,1,1
23.08.2021 00:20:19.163,1.3622400000000001,1.36208,1.87,1
23.08.2021 00:20:26.564,1.3622200000000002,1.36206,1,1
23.08.2021 00:20:36.842,1.36219,1.36205,1,1
23.08.2021 00:20:36.943,1.36218,1.3620400000000001,1,1
23.08.2021 00:20:41.956,1.36216,1.3620200000000002,1,1
23.08.2021 00:20:42.057,1.36213,1.3619700000000001,1,1.12
23.08.2021 00:20:42.409,1.3621200000000002,1.36196,1,1
23.08.2021 00:21:03.378,1.36213,1.3619700000000001,1,1
23.08.2021 00:21:03.479,1.36213,1.36198,1,1
23.08.2021 00:21:03.706,1.36213,1.36199,1,1
23.08.2021 00:21:03.996,1.3621400000000001,1.36199,1,1
23.08.2021 00:21:04.210,1.36217,1.3620100000000002,1,1
23.08.2021 00:21:04.412,1.36219,1.36203,1,1
23.08.2021 00:21:34.746,1.36219,1.3620200000000002,1,1
23.08.2021 00:21:35.081,1.36217,1.3620200000000002,1,1
23.08.2021 00:21:41.803,1.36215,1.362,1,1
23.08.2021 00:21:42.209,1.36215,1.36198,1,1
23.08.2021 00:21:51.819,1.36213,1.36199,1,1
23.08.2021 00:21:51.920,1.3621100000000002,1.36196,1,1
23.08.2021 00:22:04.967,1.3621100000000002,1.36194,1,1
23.08.2021 00:22:20.712,1.36208,1.36194,1,1
23.08.2021 00:22:49.373,1.36209,1.36195,1,1
23.08.2021 00:25:12.211,1.3621100000000002,1.36196,1.5,1
23.08.2021 00:25:22.304,1.36209,1.36195,1,1
23.08.2021 00:27:34.320,1.3621100000000002,1.3619700000000001,1.5,1
23.08.2021 00:27:37.846,1.3621200000000002,1.36198,1,1
23.08.2021 00:27:38.517,1.36213,1.36199,1,1
23.08.2021 00:27:38.669,1.36216,1.3620200000000002,1.5,1
23.08.2021 00:27:38.769,1.36218,1.3620200000000002,1,1
23.08.2021 00:27:56.340,1.3622,1.3620400000000001,1,1
23.08.2021 00:28:42.082,1.36218,1.3620200000000002,1,1
23.08.2021 00:28:50.258,1.36217,1.3620100000000002,1,1
23.08.2021 00:28:50.359,1.36213,1.3619700000000001,1,1.12
23.08.2021 00:28:50.460,1.3621200000000002,1.36196,1,1
23.08.2021 00:28:50.670,1.3621,1.36196,1,1
23.08.2021 00:28:52.253,1.36208,1.36194,1,1
23.08.2021 00:29:03.334,1.36206,1.3619200000000002,1,1
23.08.2021 00:29:03.435,1.36205,1.36189,1,1.5
23.08.2021 00:29:04.156,1.36203,1.3618700000000001,1,1
23.08.2021 00:29:04.408,1.36203,1.36189,1,1
23.08.2021 00:29:12.238,1.3620200000000002,1.36186,1,1
23.08.2021 00:29:19.061,1.36199,1.36185,1,1.5
23.08.2021 00:29:42.067,1.36196,1.36183,1,1
23.08.2021 00:29:42.172,1.36196,1.36182,1,1
23.08.2021 00:29:42.493,1.36194,1.3618000000000001,1,1.87
23.08.2021 00:29:49.482,1.3619200000000002,1.36178,1,1.12
23.08.2021 00:29:51.359,1.3619100000000002,1.3617700000000001,1,1
23.08.2021 00:29:52.588,1.3619,1.36176,1,1
23.08.2021 00:30:01.644,1.3619100000000002,1.3617700000000001,1,1
23.08.2021 00:30:14.461,1.36189,1.36175,1,1
23.08.2021 00:30:15.810,1.36188,1.36174,1,1
23.08.2021 00:30:18.206,1.3618700000000001,1.3617299999999999,1,1
23.08.2021 00:30:27.130,1.36186,1.3617000000000001,1,1.5
23.08.2021 00:30:45.448,1.3618700000000001,1.3617299999999999,1,1
23.08.2021 00:30:59.442,1.36189,1.3617299999999999,1,1
23.08.2021 00:31:18.320,1.3619,1.36176,1,1
23.08.2021 00:31:20.094,1.3619200000000002,1.36178,1,1
23.08.2021 00:31:20.376,1.36193,1.36179,1,1
23.08.2021 00:31:20.632,1.36196,1.3618000000000001,1,1
23.08.2021 00:31:20.733,1.36196,1.36182,1,1
23.08.2021 00:31:28.174,1.36199,1.36183,1,1
23.08.2021 00:31:28.275,1.36199,1.36185,1,1
23.08.2021 00:31:28.380,1.3620200000000002,1.36188,1,1
23.08.2021 00:31:28.531,1.36203,1.36189,1,1
23.08.2021 00:31:30.300,1.36205,1.3619100000000002,1,1
23.08.2021 00:31:36.983,1.36206,1.3619200000000002,1,1
23.08.2021 00:31:42.225,1.36208,1.3619200000000002,1,1
23.08.2021 00:31:52.450,1.36209,1.36195,1,1
23.08.2021 00:31:52.551,1.3621100000000002,1.3619700000000001,1,1
23.08.2021 00:31:53.148,1.3621200000000002,1.36198,1,1
23.08.2021 00:32:04.190,1.3621200000000002,1.36196,1,1
23.08.2021 00:32:09.838,1.3621,1.36194,1,1
23.08.2021 00:32:10.163,1.36208,1.36194,1,1
23.08.2021 00:32:33.479,1.36206,1.3619200000000002,1,2.62
23.08.2021 00:32:33.580,1.36206,1.3619,1,2
23.08.2021 00:32:33.832,1.36206,1.3619,1,1
23.08.2021 00:32:33.934,1.36205,1.36189,1,1
23.08.2021 00:32:40.538,1.3620200000000002,1.36186,1,1.5
23.08.2021 00:32:40.639,1.362,1.3618700000000001,1,1
23.08.2021 00:32:40.780,1.3620100000000002,1.36185,1,1.5
23.08.2021 00:33:10.865,1.36198,1.36184,1,1
23.08.2021 00:33:10.966,1.36196,1.3618100000000002,1,1.7
23.08.2021 00:33:11.067,1.36194,1.3618000000000001,1,1.62
23.08.2021 00:33:11.168,1.36194,1.3618000000000001,1,1.12
23.08.2021 00:33:47.449,1.3619700000000001,1.3618100000000002,1,1
23.08.2021 00:33:47.600,1.3619700000000001,1.36183,1,1
23.08.2021 00:33:52.041,1.36195,1.3618100000000002,1,1
23.08.2021 00:33:52.142,1.36195,1.36179,1,2.82
23.08.2021 00:33:52.314,1.36196,1.36178,1,2.82
23.08.2021 00:34:00.063,1.36198,1.36179,1,1
23.08.2021 00:34:42.940,1.3619700000000001,1.3618100000000002,1,1.1
23.08.2021 00:34:56.646,1.36198,1.36182,1,1.1
23.08.2021 00:35:08.335,1.3619700000000001,1.36182,1,1
23.08.2021 00:35:08.436,1.3619700000000001,1.36179,1,1.7
23.08.2021 00:35:15.275,1.36198,1.3618000000000001,1,1.6
23.08.2021 00:35:17.311,1.36198,1.3618100000000002,1,1.1
23.08.2021 00:35:21.200,1.3619700000000001,1.3618000000000001,1,1.1
23.08.2021 00:35:51.233,1.36195,1.3618000000000001,1,1.1
23.08.2021 00:35:52.733,1.36196,1.36179,1,1
23.08.2021 00:35:52.834,1.36194,1.36179,1,1
23.08.2021 00:35:52.985,1.3619100000000002,1.36175,1,3.57
23.08.2021 00:35:53.136,1.3619100000000002,1.36175,1,1.51
23.08.2021 00:35:56.221,1.3619,1.36174,1,1.97
23.08.2021 00:36:02.132,1.3619,1.36174,1,1.72
23.08.2021 00:36:04.934,1.3619100000000002,1.3617299999999999,1,1.97
23.08.2021 00:36:05.035,1.36189,1.3617299999999999,1,1.1
23.08.2021 00:36:05.136,1.36188,1.36172,1,3.6
23.08.2021 00:36:05.186,1.36188,1.36172,1,4.57
23.08.2021 00:36:05.237,1.36186,1.36172,1,4.12
23.08.2021 00:36:05.338,1.36186,1.3617000000000001,1,1
23.08.2021 00:36:05.388,1.36182,1.3616700000000002,1,2.25
23.08.2021 00:36:05.489,1.36182,1.36165,1,2.32
23.08.2021 00:36:06.161,1.36182,1.36166,1,1
23.08.2021 00:36:06.211,1.3618000000000001,1.3616700000000002,1,1
23.08.2021 00:36:07.918,1.3618100000000002,1.36165,1,2.82
23.08.2021 00:36:20.754,1.3618100000000002,1.3616700000000002,1,1.1
23.08.2021 00:36:20.861,1.36182,1.3616700000000002,1,1.1
23.08.2021 00:36:20.962,1.36182,1.36168,1,1.5
23.08.2021 00:36:22.561,1.36182,1.36172,1,1
23.08.2021 00:36:23.091,1.36183,1.36169,1,1
23.08.2021 00:36:23.432,1.36183,1.3617000000000001,1,1
23.08.2021 00:36:23.540,1.36184,1.3617000000000001,1,1
23.08.2021 00:36:23.799,1.36186,1.3617000000000001,1,1
23.08.2021 00:36:26.968,1.36184,1.3617100000000002,1,1
23.08.2021 00:36:39.047,1.36183,1.36168,1,2.32
23.08.2021 00:36:55.448,1.3618100000000002,1.36166,1,1.35
23.08.2021 00:36:55.549,1.36178,1.36165,1,1
23.08.2021 00:36:55.674,1.36178,1.36165,1,1.87
23.08.2021 00:36:55.921,1.36176,1.36163,1,1.95
23.08.2021 00:37:07.431,1.36179,1.36163,1,1.6
23.08.2021 00:37:08.044,1.36178,1.3616700000000002,1,1
23.08.2021 00:37:08.148,1.3618100000000002,1.3616700000000002,1,1
23.08.2021 00:37:17.280,1.3618100000000002,1.3616700000000002,1,1.1
23.08.2021 00:37:28.358,1.36182,1.36166,1,1.5
23.08.2021 00:37:28.459,1.36178,1.3616700000000002,1,1.5
23.08.2021 00:37:30.767,1.36179,1.36163,1,1.5
23.08.2021 00:37:30.868,1.36176,1.36164,1,1.5
23.08.2021 00:37:31.265,1.36176,1.36163,1,1.5
23.08.2021 00:37:31.316,1.36174,1.36158,1,1.1
23.08.2021 00:37:32.425,1.3617299999999999,1.36159,1,1
23.08.2021 00:37:41.979,1.3617100000000002,1.36159,1,1
23.08.2021 00:37:42.538,1.3617100000000002,1.36156,1,1
23.08.2021 00:37:42.772,1.3617100000000002,1.36156,1,1.1
23.08.2021 00:37:42.873,1.36174,1.36156,1,1.1
23.08.2021 00:37:45.081,1.3617299999999999,1.36158,1,1.1
23.08.2021 00:37:45.660,1.36174,1.36158,1,3.22
23.08.2021 00:37:45.761,1.36176,1.36159,1,1.1
23.08.2021 00:37:45.862,1.36176,1.36158,1,2.1
23.08.2021 00:37:51.318,1.36175,1.36159,1,1.6
23.08.2021 00:37:51.418,1.36174,1.3615700000000002,1,3.6
23.08.2021 00:38:05.500,1.3617700000000001,1.36158,1,1.89
23.08.2021 00:38:05.550,1.36178,1.36164,1,1
23.08.2021 00:38:05.601,1.3618000000000001,1.36164,1,1
23.08.2021 00:38:05.803,1.36179,1.36164,1,1.95
23.08.2021 00:38:06.508,1.36179,1.36164,1,3.2
23.08.2021 00:38:06.760,1.36179,1.36164,1,1.97
23.08.2021 00:38:11.015,1.3618100000000002,1.36163,1,2.7
23.08.2021 00:38:12.062,1.3618000000000001,1.36164,1,1.6
23.08.2021 00:38:12.324,1.3618000000000001,1.36164,1,2.35
23.08.2021 00:38:12.425,1.36182,1.36165,1,1.5
23.08.2021 00:38:12.526,1.3618100000000002,1.36166,1,1.6
23.08.2021 00:38:12.643,1.36184,1.36165,1,2.07
23.08.2021 00:38:13.065,1.36184,1.36165,1,2.07
23.08.2021 00:38:13.217,1.36184,1.36168,1,1
23.08.2021 00:38:13.368,1.36184,1.36169,1,1
23.08.2021 00:38:14.475,1.36188,1.36169,1,1.5
23.08.2021 00:38:14.526,1.36188,1.36174,1,1
23.08.2021 00:38:14.627,1.36189,1.3617700000000001,1,1
23.08.2021 00:38:14.678,1.3619,1.36174,1,1
23.08.2021 00:38:14.985,1.3619100000000002,1.36174,1,1.12
23.08.2021 00:38:15.036,1.3619100000000002,1.36176,1,1
23.08.2021 00:38:15.444,1.3619100000000002,1.36175,1,2.85
23.08.2021 00:38:29.682,1.3619100000000002,1.36176,1,3.56
23.08.2021 00:38:35.617,1.3619,1.36175,1,1
23.08.2021 00:38:35.718,1.36188,1.36175,1,1
23.08.2021 00:38:37.057,1.36189,1.3617299999999999,1,1
23.08.2021 00:38:37.166,1.36189,1.36172,1,3.2
23.08.2021 00:38:37.317,1.36188,1.3617299999999999,1,1
23.08.2021 00:38:37.516,1.36185,1.36174,1,1
23.08.2021 00:38:37.743,1.36186,1.3617299999999999,1,1
23.08.2021 00:38:41.792,1.36188,1.36172,1,1.62
23.08.2021 00:38:51.066,1.3618700000000001,1.36172,1,1.62
23.08.2021 00:38:56.181,1.3618700000000001,1.3617299999999999,1,1
23.08.2021 00:39:01.297,1.36186,1.36172,1,1.5
23.08.2021 00:39:01.459,1.36179,1.3617100000000002,1,1.12
23.08.2021 00:39:01.510,1.36178,1.3616700000000002,1,1.87
23.08.2021 00:39:01.560,1.36176,1.36164,1,1.5
23.08.2021 00:39:01.611,1.36183,1.36162,1,1
23.08.2021 00:39:01.661,1.3617299999999999,1.3616000000000001,1,1
23.08.2021 00:39:01.762,1.3617299999999999,1.36156,1,1.6
23.08.2021 00:39:01.863,1.36172,1.36156,1,1.6
23.08.2021 00:39:02.215,1.36172,1.36156,1,1
23.08.2021 00:39:02.316,1.3617000000000001,1.36153,1,1.1
23.08.2021 00:39:02.520,1.36169,1.3615700000000002,1,1
23.08.2021 00:39:02.621,1.3617000000000001,1.36153,1,1.7
23.08.2021 00:39:03.203,1.36168,1.36154,1,1.7
23.08.2021 00:39:03.473,1.36168,1.36154,1,1.62
23.08.2021 00:39:06.937,1.36168,1.36154,1,1.62
23.08.2021 00:39:08.050,1.36172,1.36153,1,1.62
23.08.2021 00:39:08.100,1.3617100000000002,1.36163,1,1
23.08.2021 00:39:08.151,1.36174,1.36163,1,1.31
23.08.2021 00:39:08.202,1.36176,1.36163,1,1.31
23.08.2021 00:39:19.279,1.36176,1.3616100000000002,1,1
23.08.2021 00:39:19.329,1.36172,1.3615700000000002,1,1.1
23.08.2021 00:39:19.380,1.36172,1.3615700000000002,1,1
23.08.2021 00:39:19.430,1.3617100000000002,1.36156,1,1
23.08.2021 00:39:19.532,1.3617100000000002,1.36155,1,1.1
23.08.2021 00:39:21.098,1.3617100000000002,1.36153,1,2.45
23.08.2021 00:39:21.914,1.36169,1.36153,1,1.6
23.08.2021 00:39:21.964,1.36168,1.36153,1,2.25
23.08.2021 00:39:22.065,1.36166,1.36152,1,1
23.08.2021 00:39:22.166,1.36164,1.36149,1,1.1
23.08.2021 00:39:22.267,1.36163,1.36148,1,1.7
23.08.2021 00:39:22.504,1.36162,1.36148,1,1.7
23.08.2021 00:39:22.672,1.3616000000000001,1.3614700000000002,1,1.1
23.08.2021 00:39:24.866,1.3616000000000001,1.36145,1,1.1
23.08.2021 00:39:25.080,1.36159,1.36144,1,1.35
23.08.2021 00:39:25.282,1.36158,1.36143,1,1.25
23.08.2021 00:39:25.383,1.36155,1.36138,1,2.35
23.08.2021 00:39:25.484,1.36155,1.36138,1,1.1
23.08.2021 00:39:26.396,1.36155,1.3613700000000002,1,1.72
23.08.2021 00:39:29.986,1.36154,1.36139,1,1.1
23.08.2021 00:39:30.487,1.36159,1.36145,1,1
23.08.2021 00:39:56.372,1.3616000000000001,1.3614600000000001,1,1
23.08.2021 00:40:08.961,1.36162,1.3614700000000002,1,1
23.08.2021 00:40:09.062,1.36163,1.36149,1,1
23.08.2021 00:40:09.163,1.36166,1.3615000000000002,1,1
23.08.2021 00:40:09.365,1.36168,1.36152,1.5,1
23.08.2021 00:40:09.416,1.36169,1.36152,1.12,1
23.08.2021 00:40:09.675,1.3617000000000001,1.36155,1.6,1
23.08.2021 00:40:09.726,1.3617100000000002,1.36154,1.1,1
23.08.2021 00:40:14.198,1.3617000000000001,1.36156,1,1
23.08.2021 00:40:14.634,1.3617299999999999,1.36159,1,1
23.08.2021 00:40:14.735,1.36175,1.36159,1,1
23.08.2021 00:40:15.107,1.36175,1.3616000000000001,1.12,1
23.08.2021 00:40:26.813,1.3617299999999999,1.36159,1,1
23.08.2021 00:40:33.905,1.36175,1.3616100000000002,1,1
23.08.2021 00:40:40.827,1.3617700000000001,1.3616100000000002,1,1
23.08.2021 00:40:40.928,1.36178,1.36163,2,1
23.08.2021 00:40:44.049,1.3617700000000001,1.36162,1.12,1
23.08.2021 00:40:51.829,1.36176,1.3616100000000002,1,1
23.08.2021 00:40:51.930,1.36175,1.3616000000000001,1,1
23.08.2021 00:41:03.249,1.3617299999999999,1.36159,1,1
23.08.2021 00:41:18.241,1.36176,1.36159,1,1
23.08.2021 00:41:23.499,1.3617700000000001,1.3616100000000002,1,1
23.08.2021 00:41:30.407,1.36174,1.3616000000000001,1,1
23.08.2021 00:41:34.972,1.36176,1.3616100000000002,1,1
23.08.2021 00:41:38.811,1.36174,1.3616000000000001,1,1
23.08.2021 00:41:39.249,1.36176,1.3616000000000001,1,1
23.08.2021 00:41:49.887,1.36178,1.36162,1,1
23.08.2021 00:41:52.078,1.36179,1.36163,1.12,1
23.08.2021 00:41:52.179,1.36182,1.36166,1.12,1
23.08.2021 00:41:52.381,1.36182,1.36168,1,1
23.08.2021 00:41:58.258,1.36185,1.3617000000000001,1.12,1
23.08.2021 00:42:08.673,1.36182,1.36168,1,1
23.08.2021 00:42:08.965,1.36184,1.3616700000000002,1,1
23.08.2021 00:42:31.490,1.36183,1.3616700000000002,1,1
23.08.2021 00:43:14.942,1.3618100000000002,1.36165,1,1
23.08.2021 00:43:15.043,1.36174,1.3616000000000001,1,1
23.08.2021 00:43:15.194,1.3617299999999999,1.36158,1,1
23.08.2021 00:43:15.497,1.3617100000000002,1.3615700000000002,1,1
23.08.2021 00:43:15.648,1.3617000000000001,1.36154,1,1
23.08.2021 00:43:15.749,1.36168,1.36152,1,1
23.08.2021 00:43:29.377,1.36165,1.36151,1,1
23.08.2021 00:43:29.478,1.36164,1.36148,1,1
23.08.2021 00:43:30.047,1.36162,1.3614600000000001,1.5,1
23.08.2021 00:43:32.493,1.36159,1.36145,1,1
23.08.2021 00:43:32.594,1.36156,1.3614000000000002,1,1
23.08.2021 00:43:32.846,1.36155,1.36139,1,1
23.08.2021 00:43:33.153,1.36152,1.36138,1,1
23.08.2021 00:43:33.984,1.36155,1.36138,1.5,1
23.08.2021 00:43:34.035,1.36156,1.3614000000000002,1,1
23.08.2021 00:43:34.136,1.36156,1.36139,1,1
23.08.2021 00:43:35.386,1.3615700000000002,1.36141,1,1
23.08.2021 00:43:35.878,1.36159,1.36142,1,1
23.08.2021 00:43:55.482,1.36158,1.36144,1,1
23.08.2021 00:43:55.811,1.36158,1.36143,1,1
23.08.2021 00:44:01.083,1.36158,1.36144,1,1
23.08.2021 00:44:01.184,1.36158,1.36142,1,1
23.08.2021 00:44:02.021,1.36156,1.36141,1,1.87
23.08.2021 00:44:02.911,1.36154,1.36138,1,2
23.08.2021 00:44:03.012,1.36151,1.3614000000000002,1,1
23.08.2021 00:44:03.730,1.36152,1.3614000000000002,1,1
23.08.2021 00:44:06.348,1.36153,1.3613600000000001,1,1
23.08.2021 00:44:06.867,1.36152,1.3613600000000001,1,1
23.08.2021 00:44:09.796,1.36153,1.36135,1.5,1
23.08.2021 00:44:10.816,1.36153,1.36135,1.12,1
23.08.2021 00:44:14.808,1.36152,1.3613600000000001,1.5,1
23.08.2021 00:44:16.548,1.36151,1.36135,1,1
23.08.2021 00:44:16.649,1.36149,1.36135,1,1
23.08.2021 00:44:16.973,1.3614700000000002,1.36133,1,1.12
23.08.2021 00:44:53.496,1.3614700000000002,1.3613,1,1.5
23.08.2021 00:44:53.597,1.36145,1.3613,1,1
23.08.2021 00:44:53.647,1.36142,1.36125,1,2.7
23.08.2021 00:44:54.050,1.36141,1.36124,1,1
23.08.2021 00:44:58.235,1.36138,1.36122,1,1
23.08.2021 00:44:59.456,1.3613600000000001,1.36121,1,2.07
23.08.2021 00:45:01.603,1.3613600000000001,1.36121,1,1
23.08.2021 00:45:10.719,1.36138,1.36122,1,1
23.08.2021 00:45:11.091,1.3614000000000002,1.36122,1.5,1
23.08.2021 00:45:11.535,1.36138,1.36122,1,1
23.08.2021 00:45:11.857,1.36138,1.36121,1,2.7
23.08.2021 00:45:12.136,1.36139,1.3612,1,2.91
23.08.2021 00:45:22.992,1.36139,1.3612,1,1.95
23.08.2021 00:45:24.042,1.3613600000000001,1.3612,1,2.47
23.08.2021 00:45:28.704,1.3613600000000001,1.36118,1,2.1
23.08.2021 00:45:33.037,1.36135,1.3611900000000001,1,2.1
23.08.2021 00:45:38.135,1.36134,1.36118,1,4.16
23.08.2021 00:45:38.236,1.36133,1.36118,1,1.1
23.08.2021 00:45:38.490,1.36132,1.36118,1,1
23.08.2021 00:45:40.388,1.36133,1.3611600000000001,1,2.82
23.08.2021 00:46:06.245,1.3613,1.36114,1,1.1
23.08.2021 00:46:06.346,1.36128,1.36115,1,1.12
23.08.2021 00:46:06.572,1.36128,1.36111,1,1.62
23.08.2021 00:46:06.673,1.36125,1.3611,1,1.62
23.08.2021 00:46:06.723,1.36125,1.3611,1,1.12
23.08.2021 00:46:06.774,1.36128,1.3611,1,1
23.08.2021 00:46:06.875,1.36124,1.3611,1,2.62
23.08.2021 00:46:07.585,1.36124,1.36112,1,1
23.08.2021 00:46:08.324,1.3612700000000002,1.36112,1,1
23.08.2021 00:46:11.562,1.36125,1.36112,1,1
23.08.2021 00:46:11.663,1.36128,1.36111,1,1
23.08.2021 00:46:31.526,1.36125,1.36112,1,1
23.08.2021 00:46:50.053,1.36123,1.36112,1,1
23.08.2021 00:46:50.784,1.36125,1.36112,1,1
23.08.2021 00:47:21.076,1.36122,1.36112,1,1
23.08.2021 00:47:21.227,1.36121,1.3610700000000002,1,1.2
23.08.2021 00:47:21.454,1.3612,1.3610600000000002,1,3.87
23.08.2021 00:47:22.454,1.3612,1.3610600000000002,1,2.62
23.08.2021 00:47:24.958,1.3611900000000001,1.36103,1,1.87
23.08.2021 00:47:25.059,1.3611700000000002,1.36104,1,1.87
23.08.2021 00:47:25.160,1.36115,1.361,1,1
23.08.2021 00:47:25.262,1.36113,1.3609700000000002,1,1.5
23.08.2021 00:47:25.363,1.36111,1.3609600000000002,1,1.1
23.08.2021 00:47:25.464,1.36111,1.3609600000000002,1,1
23.08.2021 00:47:27.286,1.36111,1.3609600000000002,1,1.5
23.08.2021 00:47:27.386,1.36114,1.3609700000000002,1,1
23.08.2021 00:47:33.082,1.36114,1.36099,1,1.5
23.08.2021 00:47:34.456,1.3611700000000002,1.361,1,1
23.08.2021 00:47:41.004,1.36118,1.36101,1,1.12
23.08.2021 00:47:43.846,1.3612,1.36105,1,1
23.08.2021 00:47:43.997,1.36122,1.3610600000000002,1,1
23.08.2021 00:47:44.330,1.36123,1.3610700000000002,1,1
23.08.2021 00:47:44.671,1.36125,1.36108,1,1
23.08.2021 00:47:44.772,1.36125,1.3611,1,1
23.08.2021 00:47:48.448,1.3612700000000002,1.36112,1,1
23.08.2021 00:48:35.303,1.3612900000000001,1.36112,1,1
23.08.2021 00:48:36.777,1.3613,1.36114,1,1.5
23.08.2021 00:48:37.080,1.36131,1.3611600000000001,1,1
23.08.2021 00:48:37.282,1.36131,1.3611600000000001,1,1.7
23.08.2021 00:48:37.383,1.36134,1.3611700000000002,1,1
23.08.2021 00:48:38.165,1.36135,1.36118,1,1
23.08.2021 00:48:58.029,1.36133,1.3611700000000002,1,1.12
23.08.2021 00:48:58.131,1.36133,1.3611600000000001,1,1.12
23.08.2021 00:49:00.617,1.36128,1.36115,1,2
23.08.2021 00:49:00.718,1.3612900000000001,1.36113,1,1.12
23.08.2021 00:49:01.236,1.3612900000000001,1.36112,1,2.25
23.08.2021 00:49:01.337,1.3612700000000002,1.36114,1,1
23.08.2021 00:49:01.603,1.3612700000000002,1.36112,1,2.62
23.08.2021 00:49:01.704,1.3612600000000001,1.36112,1,1.87
23.08.2021 00:49:02.374,1.3612600000000001,1.36111,1,1
23.08.2021 00:49:11.977,1.3612900000000001,1.36113,1,1.5
23.08.2021 00:49:12.028,1.36131,1.36114,1,1
23.08.2021 00:49:12.525,1.36131,1.3611700000000002,1.5,1
23.08.2021 00:49:12.830,1.36133,1.3611900000000001,1,1
23.08.2021 00:49:13.986,1.36134,1.3612,1,1
23.08.2021 00:49:14.918,1.3613600000000001,1.36122,1.5,1
23.08.2021 00:49:15.019,1.36138,1.36122,1,1
23.08.2021 00:49:58.127,1.36139,1.36125,1,1
23.08.2021 00:49:59.012,1.36141,1.36125,1,1
23.08.2021 00:49:59.464,1.36142,1.36128,1,1
23.08.2021 00:50:00.962,1.36143,1.3612900000000001,1,1
23.08.2021 00:50:01.214,1.36145,1.36131,1,1
23.08.2021 00:50:01.444,1.3614600000000001,1.36132,1,1
23.08.2021 00:50:24.014,1.36144,1.3613,1,1
23.08.2021 00:50:46.917,1.3614600000000001,1.36131,1,1
23.08.2021 00:50:53.458,1.3614700000000002,1.36133,1,1
23.08.2021 00:51:13.518,1.36149,1.36133,1,1
23.08.2021 00:51:19.799,1.3615000000000002,1.3613600000000001,1,1
23.08.2021 00:51:24.928,1.36148,1.36131,1,1
23.08.2021 00:51:25.134,1.36148,1.3613,1,1
23.08.2021 00:51:28.388,1.3614600000000001,1.36131,1,1
23.08.2021 00:51:40.834,1.3614700000000002,1.3612900000000001,1,1
23.08.2021 00:51:40.995,1.36145,1.3613,1,1
23.08.2021 00:51:41.573,1.36144,1.3612900000000001,1,1
23.08.2021 00:51:50.019,1.36141,1.3612600000000001,1,1
23.08.2021 00:51:50.170,1.36139,1.36124,1,1
23.08.2021 00:51:53.492,1.36141,1.3612600000000001,1,1
23.08.2021 00:51:53.744,1.36143,1.36128,1.6,1
23.08.2021 00:51:53.945,1.36143,1.36128,1,1
23.08.2021 00:52:14.247,1.3614000000000002,1.36125,1,1
23.08.2021 00:52:14.348,1.36139,1.36124,1,1
23.08.2021 00:52:24.727,1.3613700000000002,1.36122,1,1
23.08.2021 00:52:26.896,1.3613700000000002,1.36121,1,1
23.08.2021 00:52:37.024,1.3613700000000002,1.36124,1,1
23.08.2021 00:52:37.074,1.3614000000000002,1.36124,1,1
23.08.2021 00:52:37.227,1.36141,1.36125,1.1,1
23.08.2021 00:52:37.926,1.36139,1.36123,1,1
23.08.2021 00:52:50.056,1.36141,1.36125,1.5,1
23.08.2021 00:53:31.246,1.36144,1.3613,1,1
23.08.2021 00:53:31.599,1.36149,1.36133,1,1
23.08.2021 00:54:20.338,1.3614700000000002,1.36133,1,1
23.08.2021 00:54:20.439,1.36145,1.36131,1,1
23.08.2021 00:54:27.562,1.36144,1.36128,1,1.5
23.08.2021 00:54:27.663,1.36142,1.36128,1,1
23.08.2021 00:54:28.468,1.3614000000000002,1.3612600000000001,1,1.5
23.08.2021 00:54:38.347,1.36142,1.36128,1,1
23.08.2021 00:54:40.086,1.36142,1.3612600000000001,1,1
23.08.2021 00:54:46.524,1.36139,1.36125,1,1.5
23.08.2021 00:54:46.740,1.36138,1.36124,1,1
23.08.2021 00:54:47.945,1.3613700000000002,1.36121,1,1.12
23.08.2021 00:54:48.262,1.3613600000000001,1.3612,1,1
23.08.2021 00:54:48.613,1.36135,1.3611900000000001,1,1
23.08.2021 00:54:50.437,1.3613600000000001,1.3612,1,1
23.08.2021 00:55:35.184,1.3613700000000002,1.36121,1,1
23.08.2021 00:56:19.644,1.36135,1.36121,1,1
23.08.2021 00:56:19.859,1.36134,1.3612,1,1
23.08.2021 00:56:28.322,1.36135,1.36121,1,1
23.08.2021 00:56:59.395,1.36135,1.3611900000000001,1,1
23.08.2021 00:57:03.819,1.36135,1.36121,1,1
23.08.2021 00:57:44.681,1.36138,1.36124,1.5,1
23.08.2021 00:57:44.782,1.36139,1.36125,1,1
23.08.2021 00:57:56.478,1.36139,1.36123,1,1
23.08.2021 00:58:11.586,1.3613600000000001,1.36122,1,1
23.08.2021 00:58:14.377,1.3613600000000001,1.36122,1,2
23.08.2021 00:58:14.483,1.3614000000000002,1.3612600000000001,1.5,1.5
23.08.2021 00:58:14.584,1.3614000000000002,1.3612600000000001,1,1.5
23.08.2021 00:58:23.160,1.36141,1.3612600000000001,1,1.12
23.08.2021 00:58:38.960,1.36142,1.36128,1,1
23.08.2021 00:58:39.481,1.36144,1.3613,1,1
23.08.2021 00:58:42.596,1.3614700000000002,1.36131,1,1
23.08.2021 00:58:43.270,1.36148,1.36132,1.12,1
23.08.2021 00:58:53.859,1.36149,1.36133,1,1
23.08.2021 00:59:11.600,1.3615000000000002,1.3613600000000001,1,1
23.08.2021 00:59:32.050,1.36152,1.3613600000000001,1,1
23.08.2021 00:59:34.494,1.36154,1.36138,1,1
23.08.2021 00:59:34.595,1.36154,1.3614000000000002,1,1
23.08.2021 00:59:40.733,1.36154,1.36141,1,1
23.08.2021 00:59:40.834,1.36155,1.36139,1,1.87
23.08.2021 00:59:40.935,1.36155,1.36141,1,1
23.08.2021 00:59:42.828,1.36155,1.36142,1,1
23.08.2021 00:59:44.347,1.3615700000000002,1.36143,1.5,1
23.08.2021 00:59:44.398,1.36159,1.36142,1,1
23.08.2021 00:59:44.499,1.36159,1.36143,1,1
23.08.2021 00:59:45.366,1.36159,1.36142,1,1
23.08.2021 00:59:52.672,1.36158,1.36141,1,1
23.08.2021 00:59:54.114,1.36156,1.36139,1,1
23.08.2021 00:59:55.782,1.36153,1.36139,1,1
23.08.2021 00:59:59.547,1.36156,1.36139,1.5,1
23.08.2021 01:00:00.147,1.36152,1.36138,1,1.12
23.08.2021 01:00:00.906,1.36151,1.3613700000000002,1,1
23.08.2021 01:00:01.013,1.36149,1.36135,1,1.12
23.08.2021 01:00:01.135,1.3614700000000002,1.36133,1,1.12
23.08.2021 01:00:01.791,1.3614600000000001,1.3613,1,1.87
23.08.2021 01:00:02.596,1.36144,1.3612900000000001,1,1
23.08.2021 01:00:02.697,1.36143,1.36132,1,1
23.08.2021 01:00:03.898,1.36143,1.3612900000000001,1,1
23.08.2021 01:00:04.050,1.36143,1.3612700000000002,1,1.12
23.08.2021 01:00:06.079,1.36138,1.36124,1,1.5
23.08.2021 01:00:06.180,1.36138,1.36122,1,1
23.08.2021 01:00:06.231,1.36135,1.3611900000000001,1,1.5
23.08.2021 01:00:06.282,1.36134,1.36118,1,1.5
23.08.2021 01:00:06.383,1.3613,1.3611600000000001,1,1.5
23.08.2021 01:00:06.844,1.3613,1.36114,1,1
23.08.2021 01:00:09.981,1.36128,1.36112,1,1.5
23.08.2021 01:00:22.447,1.3612600000000001,1.36112,1,1
23.08.2021 01:00:33.336,1.36128,1.36112,1,1
23.08.2021 01:00:35.250,1.3612900000000001,1.36115,1.87,1
23.08.2021 01:00:42.260,1.36128,1.36114,1,1.12
23.08.2021 01:00:42.384,1.3612700000000002,1.36113,1,1.87
23.08.2021 01:00:45.064,1.36128,1.36114,1,1
23.08.2021 01:00:57.065,1.3613,1.36115,1.95,1
23.08.2021 01:01:00.067,1.3612900000000001,1.36112,1,1
23.08.2021 01:01:13.489,1.3612700000000002,1.36112,1,1
23.08.2021 01:01:14.123,1.3612700000000002,1.3611,1,1
23.08.2021 01:01:25.646,1.36125,1.3610900000000001,1,1
23.08.2021 01:01:28.590,1.36123,1.36108,1.5,1
23.08.2021 01:01:31.914,1.36124,1.3610700000000002,1.5,1
23.08.2021 01:01:35.101,1.36121,1.3610600000000002,1.12,1.12
23.08.2021 01:01:38.901,1.36122,1.36105,1.5,1.12
23.08.2021 01:01:39.903,1.36121,1.3610600000000002,1.12,1.12
23.08.2021 01:01:43.924,1.36122,1.36105,1.5,1.12
23.08.2021 01:02:02.642,1.36124,1.3610600000000002,2.36,1
23.08.2021 01:02:02.743,1.36124,1.3610600000000002,1.61,1
23.08.2021 01:02:03.653,1.36124,1.3610600000000002,1.61,1.5
23.08.2021 01:02:06.117,1.36124,1.3610900000000001,1.98,1
23.08.2021 01:02:06.677,1.36124,1.3610900000000001,1.87,1
23.08.2021 01:02:07.953,1.36125,1.36111,1,1
23.08.2021 01:02:08.064,1.36125,1.36111,1,1
23.08.2021 01:02:09.016,1.36125,1.36111,1,1
23.08.2021 01:02:12.013,1.36125,1.36112,1,1
23.08.2021 01:02:12.064,1.3612700000000002,1.36112,1,1
23.08.2021 01:02:12.173,1.36128,1.36112,1.5,1
23.08.2021 01:02:17.755,1.3613,1.36111,2.7,1
23.08.2021 01:02:18.254,1.3613,1.36113,2.62,1
23.08.2021 01:02:18.355,1.36131,1.36114,1.6,1
23.08.2021 01:02:18.982,1.3613,1.36115,1.1,1
23.08.2021 01:02:26.195,1.36132,1.36115,1.6,1
23.08.2021 01:02:26.296,1.36132,1.3611600000000001,1,1
23.08.2021 01:02:27.309,1.36133,1.3611600000000001,1.1,1
23.08.2021 01:02:28.084,1.36133,1.3611700000000002,1.2,1
23.08.2021 01:02:34.084,1.36134,1.3611900000000001,1.6,1
23.08.2021 01:02:34.480,1.36135,1.36118,1.1,1
23.08.2021 01:02:38.165,1.3613600000000001,1.3612,1.6,1
23.08.2021 01:02:38.472,1.3613600000000001,1.3612,1.2,1
23.08.2021 01:02:38.850,1.36138,1.36121,2.72,1
23.08.2021 01:02:38.951,1.36139,1.36122,1.2,1
23.08.2021 01:02:39.002,1.3614000000000002,1.36124,1.7,1
23.08.2021 01:02:39.103,1.36139,1.36125,1.2,1
23.08.2021 01:02:40.020,1.36141,1.36125,1.1,1
23.08.2021 01:02:40.431,1.36142,1.36125,1.1,1
23.08.2021 01:02:40.532,1.36144,1.3612700000000002,3.6,1
23.08.2021 01:02:40.957,1.36144,1.36128,1.72,1
23.08.2021 01:02:41.526,1.36144,1.36128,1.1,1
23.08.2021 01:02:42.555,1.36145,1.36128,2.47,1
23.08.2021 01:02:43.575,1.36144,1.3612900000000001,1.72,1
23.08.2021 01:02:47.743,1.36142,1.3612700000000002,1,1
23.08.2021 01:02:47.793,1.36141,1.3612600000000001,1.12,1
23.08.2021 01:02:48.549,1.36142,1.36125,1.6,1
23.08.2021 01:02:54.074,1.36141,1.36124,1.57,1
23.08.2021 01:02:54.233,1.36141,1.36124,1.6,1
23.08.2021 01:02:55.605,1.36139,1.36124,1.1,1
23.08.2021 01:02:55.706,1.3613700000000002,1.36121,1.1,1
23.08.2021 01:02:59.054,1.3613700000000002,1.3611900000000001,1,1
23.08.2021 01:02:59.104,1.36134,1.3612,1.1,1
23.08.2021 01:02:59.205,1.36135,1.36118,1.1,1
23.08.2021 01:03:08.188,1.36134,1.3611900000000001,3.07,1
23.08.2021 01:03:12.910,1.36134,1.3611900000000001,3.1,1
23.08.2021 01:03:17.536,1.36134,1.36118,2.35,1
23.08.2021 01:03:17.920,1.36134,1.3611600000000001,2.32,1
23.08.2021 01:03:18.021,1.36133,1.36115,1.1,1
23.08.2021 01:03:18.831,1.36133,1.36114,1.1,1
23.08.2021 01:03:19.597,1.36132,1.36114,1.1,1
23.08.2021 01:03:19.699,1.3613,1.36114,1.1,1
23.08.2021 01:03:19.850,1.36131,1.36113,1.6,1
23.08.2021 01:03:20.025,1.36128,1.36113,1,1
23.08.2021 01:03:20.404,1.3612900000000001,1.36112,1.1,1
23.08.2021 01:03:20.657,1.3612700000000002,1.3610900000000001,1,1
23.08.2021 01:03:21.006,1.36125,1.3610900000000001,1.1,1
23.08.2021 01:03:21.107,1.36125,1.3610900000000001,1.1,1
23.08.2021 01:03:21.261,1.36124,1.3610900000000001,1.57,1
23.08.2021 01:03:25.710,1.36125,1.36108,1.6,1
23.08.2021 01:03:30.999,1.36123,1.3610700000000002,1,1
23.08.2021 01:03:32.301,1.36122,1.3610600000000002,1,1
23.08.2021 01:03:32.932,1.3612,1.36104,1,1
23.08.2021 01:03:32.982,1.3611900000000001,1.3610200000000001,1,1.12
23.08.2021 01:03:33.083,1.36118,1.3610200000000001,1,1
23.08.2021 01:03:33.134,1.3611600000000001,1.361,1,1
23.08.2021 01:03:33.235,1.36113,1.36098,1,1
23.08.2021 01:03:33.285,1.36111,1.3609600000000002,1,1
23.08.2021 01:03:33.436,1.36111,1.36094,1,1
23.08.2021 01:03:33.821,1.36111,1.36093,1,1
23.08.2021 01:03:34.509,1.36111,1.3609200000000001,1,1
23.08.2021 01:03:36.350,1.3611,1.36091,1,1
23.08.2021 01:03:36.484,1.3610900000000001,1.36091,1.5,1
23.08.2021 01:03:36.860,1.36108,1.3609,1.5,1
23.08.2021 01:03:37.328,1.36108,1.36089,1,1
23.08.2021 01:03:37.429,1.3610700000000002,1.36089,1,1
23.08.2021 01:03:37.843,1.3610600000000002,1.36089,1,1
23.08.2021 01:03:38.091,1.36103,1.3608700000000002,1,1
23.08.2021 01:03:38.193,1.3610200000000001,1.3608600000000002,1,1
23.08.2021 01:03:38.294,1.36103,1.36084,1,1
23.08.2021 01:03:38.344,1.36104,1.3608600000000002,1,1
23.08.2021 01:03:38.454,1.3610200000000001,1.36088,1,1
23.08.2021 01:03:38.567,1.3610600000000002,1.3608700000000002,1,1
23.08.2021 01:03:38.668,1.3610600000000002,1.36089,1,1
23.08.2021 01:03:41.302,1.3610700000000002,1.3609,1,1
23.08.2021 01:03:45.306,1.36108,1.3609200000000001,1,1
23.08.2021 01:03:45.407,1.3611,1.3609200000000001,1.57,1
23.08.2021 01:03:46.734,1.3610900000000001,1.36094,1,1
23.08.2021 01:03:47.929,1.3611,1.36094,1,1
23.08.2021 01:03:52.738,1.36112,1.3609600000000002,1.12,1
23.08.2021 01:03:52.839,1.36113,1.3609600000000002,1.12,1
23.08.2021 01:03:52.998,1.36113,1.36098,1.5,1
23.08.2021 01:03:53.187,1.36113,1.36098,1.12,1
23.08.2021 01:03:54.989,1.36115,1.36098,1.5,1
23.08.2021 01:03:55.090,1.3611600000000001,1.36101,1,1
23.08.2021 01:03:55.387,1.3611600000000001,1.36099,1.5,1
23.08.2021 01:03:55.886,1.3611600000000001,1.361,1,1
23.08.2021 01:03:58.325,1.3611600000000001,1.36101,1,1
23.08.2021 01:03:58.376,1.3611900000000001,1.36104,1,1
23.08.2021 01:03:58.477,1.36123,1.3610600000000002,1.5,1
23.08.2021 01:03:58.528,1.36122,1.3610700000000002,1,1
23.08.2021 01:03:59.265,1.36124,1.3610700000000002,1,1
23.08.2021 01:04:00.280,1.3612600000000001,1.36108,2.07,1
23.08.2021 01:04:01.189,1.36125,1.3610900000000001,1.2,1
23.08.2021 01:04:01.438,1.3612700000000002,1.3610900000000001,1.2,1
23.08.2021 01:04:01.489,1.36128,1.3611,1.2,1
23.08.2021 01:04:01.590,1.3612900000000001,1.36113,1.87,1
23.08.2021 01:04:01.691,1.3612900000000001,1.36115,1.87,1
23.08.2021 01:04:01.843,1.36131,1.3611600000000001,1,1
23.08.2021 01:04:01.894,1.36135,1.3611700000000002,1.22,1
23.08.2021 01:04:02.270,1.36135,1.3611700000000002,1.1,1
23.08.2021 01:04:03.882,1.3613700000000002,1.3612,1.22,1
23.08.2021 01:04:03.983,1.3613700000000002,1.3611900000000001,1.97,1
23.08.2021 01:04:05.284,1.3613600000000001,1.3612,1.2,1
23.08.2021 01:04:05.435,1.36138,1.3612,1.6,1
23.08.2021 01:04:06.571,1.3613700000000002,1.3612,1.1,1
23.08.2021 01:04:06.622,1.3613600000000001,1.3611900000000001,1.6,1
23.08.2021 01:04:06.672,1.36133,1.36118,1,1
23.08.2021 01:04:07.754,1.36132,1.3611600000000001,1,1
23.08.2021 01:04:13.982,1.3613600000000001,1.3611700000000002,1.1,1
23.08.2021 01:04:15.901,1.3613600000000001,1.3611700000000002,1.2,1
23.08.2021 01:04:16.052,1.3613600000000001,1.3611900000000001,1.12,1
23.08.2021 01:04:22.731,1.36138,1.36121,1.1,1
23.08.2021 01:04:22.832,1.3614000000000002,1.36122,1.1,1
23.08.2021 01:04:23.083,1.36141,1.36124,2.1,1
23.08.2021 01:04:23.184,1.36143,1.36123,1.1,1
23.08.2021 01:04:23.235,1.36144,1.3612600000000001,1.2,1
23.08.2021 01:04:25.869,1.36145,1.3612600000000001,1.2,1
23.08.2021 01:04:27.503,1.36142,1.3612700000000002,1,1
23.08.2021 01:04:28.014,1.36142,1.36125,1,1
23.08.2021 01:04:32.126,1.36143,1.3612600000000001,1,1
23.08.2021 01:04:34.914,1.36142,1.3612700000000002,1.6,1
23.08.2021 01:04:35.015,1.36133,1.36118,1.5,1.62
23.08.2021 01:04:35.116,1.36133,1.3611600000000001,1.57,1
23.08.2021 01:04:35.167,1.3613,1.3611700000000002,1,1
23.08.2021 01:04:35.217,1.3613,1.36115,1,1
23.08.2021 01:04:35.469,1.36131,1.3611600000000001,1.57,1
23.08.2021 01:04:35.621,1.36133,1.36115,2.72,1
23.08.2021 01:04:35.876,1.3613,1.36114,1.1,1
23.08.2021 01:04:36.027,1.3613,1.36114,1.1,1
23.08.2021 01:04:36.178,1.3613,1.36112,1.2,1
23.08.2021 01:04:36.279,1.36128,1.3611,1,1
23.08.2021 01:04:36.380,1.3613,1.3611,1.22,1
23.08.2021 01:04:36.481,1.36128,1.3610900000000001,1.2,1
23.08.2021 01:04:36.684,1.36128,1.36108,1.2,1
23.08.2021 01:04:36.991,1.3612900000000001,1.3610900000000001,2.85,1
23.08.2021 01:04:37.119,1.3612900000000001,1.36111,1.7,1
23.08.2021 01:04:37.270,1.3613,1.36111,1.1,1
23.08.2021 01:04:38.483,1.3613,1.36111,1.1,1
23.08.2021 01:04:38.584,1.36131,1.36112,1.1,1
23.08.2021 01:04:38.685,1.3613,1.36113,1.1,1
23.08.2021 01:04:41.511,1.3612900000000001,1.36111,1,1
23.08.2021 01:04:42.624,1.36128,1.3611,1,1
23.08.2021 01:04:42.826,1.3612700000000002,1.36108,1.12,1
23.08.2021 01:04:43.297,1.3612600000000001,1.36108,1.2,1
23.08.2021 01:04:46.169,1.3612700000000002,1.3610700000000002,1.22,1
23.08.2021 01:04:46.220,1.36124,1.3610700000000002,2.07,1
23.08.2021 01:04:46.371,1.36123,1.3610700000000002,1.22,1
23.08.2021 01:04:46.476,1.36122,1.36105,1.57,1
23.08.2021 01:04:46.577,1.36122,1.36104,1,1
23.08.2021 01:04:49.050,1.36122,1.3610200000000001,1.12,1
23.08.2021 01:04:49.101,1.36122,1.3610600000000002,2.07,1
23.08.2021 01:04:49.202,1.36123,1.3610600000000002,1.95,1
23.08.2021 01:04:49.303,1.36123,1.3610700000000002,1.95,1
23.08.2021 01:04:50.935,1.3612700000000002,1.3610700000000002,1.22,1
23.08.2021 01:04:51.683,1.3612700000000002,1.3610900000000001,1.95,1
23.08.2021 01:04:51.985,1.3612600000000001,1.36112,1.5,1
23.08.2021 01:04:52.137,1.36128,1.36111,1.5,1
23.08.2021 01:04:52.865,1.3613,1.36111,2.07,1
23.08.2021 01:04:54.471,1.36128,1.36114,2.25,1
23.08.2021 01:04:55.411,1.3613,1.36114,2.7,1
23.08.2021 01:04:58.434,1.36131,1.36112,1.2,1
23.08.2021 01:04:58.535,1.3613,1.36111,1.2,1
23.08.2021 01:04:58.636,1.3612900000000001,1.3611,1.2,1
23.08.2021 01:04:58.737,1.36128,1.3611,1.95,1
23.08.2021 01:04:58.787,1.36124,1.3611,1,1
23.08.2021 01:04:59.797,1.36124,1.3610900000000001,1,1
23.08.2021 01:05:06.928,1.36125,1.3610900000000001,1,1
23.08.2021 01:05:11.510,1.36124,1.3610900000000001,1,1
23.08.2021 01:05:11.611,1.36122,1.36108,1,1
23.08.2021 01:05:11.662,1.36122,1.3610600000000002,1,1
23.08.2021 01:05:11.785,1.36122,1.3610700000000002,1,1
23.08.2021 01:05:15.960,1.3611900000000001,1.3610700000000002,1,1
23.08.2021 01:05:16.061,1.36121,1.36105,1.5,1
23.08.2021 01:05:16.601,1.36122,1.3610600000000002,2.32,1
23.08.2021 01:05:16.701,1.36122,1.36103,1,1
23.08.2021 01:05:25.690,1.36121,1.3610200000000001,1.1,1
23.08.2021 01:05:25.791,1.36121,1.3610200000000001,1.1,1
23.08.2021 01:05:26.014,1.36118,1.3610200000000001,1,1
23.08.2021 01:05:26.684,1.36118,1.36101,1,1
23.08.2021 01:05:27.141,1.3611900000000001,1.36101,1,1
23.08.2021 01:05:29.588,1.3611900000000001,1.36101,2.07,1
23.08.2021 01:05:29.689,1.3611900000000001,1.36101,1.85,1
23.08.2021 01:05:29.847,1.36118,1.3610200000000001,1.85,1
23.08.2021 01:05:36.585,1.3611700000000002,1.36101,1.1,1
23.08.2021 01:05:38.565,1.36114,1.361,1,1
23.08.2021 01:05:39.058,1.3611600000000001,1.361,1,1
23.08.2021 01:05:39.158,1.3611700000000002,1.36101,1,1
23.08.2021 01:05:39.259,1.36118,1.36101,1.12,1
23.08.2021 01:05:39.681,1.36118,1.3610200000000001,1,1
23.08.2021 01:05:41.002,1.3611900000000001,1.36104,1.87,1
23.08.2021 01:05:42.707,1.36121,1.36105,1,1
23.08.2021 01:05:43.121,1.36122,1.3610700000000002,1.12,1
23.08.2021 01:05:44.407,1.36121,1.36105,1,1
23.08.2021 01:05:47.413,1.36123,1.3610600000000002,1.87,1
23.08.2021 01:05:47.565,1.36125,1.36108,1.12,1
23.08.2021 01:05:48.092,1.3612700000000002,1.36108,2.25,1
23.08.2021 01:05:48.287,1.36125,1.3610900000000001,1,1
23.08.2021 01:05:48.515,1.3612700000000002,1.3611,2.7,1
23.08.2021 01:05:50.636,1.3612600000000001,1.3610900000000001,1,1
23.08.2021 01:05:51.540,1.36125,1.3610700000000002,1,1
23.08.2021 01:05:51.838,1.36124,1.3610700000000002,1,1
23.08.2021 01:05:54.325,1.36124,1.3610600000000002,1,1
23.08.2021 01:05:54.476,1.3612,1.36105,1,1
23.08.2021 01:06:04.092,1.36122,1.36105,1.5,1
23.08.2021 01:06:06.126,1.36122,1.36103,1.1,1
23.08.2021 01:06:06.227,1.3611900000000001,1.3610200000000001,1,1
23.08.2021 01:06:06.328,1.3612,1.3610200000000001,1.1,1
23.08.2021 01:06:08.355,1.3611900000000001,1.36103,1.6,1
23.08.2021 01:06:08.456,1.3612,1.3610200000000001,1.6,1
23.08.2021 01:06:08.557,1.3612,1.36101,1.6,1
23.08.2021 01:06:08.658,1.3611900000000001,1.36101,1,1
23.08.2021 01:06:08.809,1.3611700000000002,1.36101,1.5,1
23.08.2021 01:06:13.250,1.36118,1.361,1.6,1
23.08.2021 01:06:15.345,1.36115,1.361,1.5,1
23.08.2021 01:06:15.447,1.3611,1.36095,1,1
23.08.2021 01:06:15.498,1.36108,1.36093,1,1
23.08.2021 01:06:15.599,1.3610900000000001,1.3609200000000001,1.6,1
23.08.2021 01:06:15.700,1.36108,1.3609,1.5,1
23.08.2021 01:06:15.801,1.3610600000000002,1.36091,1.5,1
23.08.2021 01:06:15.851,1.36103,1.36088,1,1
23.08.2021 01:06:15.952,1.36103,1.3608700000000002,1.12,1
23.08.2021 01:06:16.053,1.36104,1.3608600000000002,1.5,1
23.08.2021 01:06:16.104,1.3610600000000002,1.3608600000000002,2.25,1
23.08.2021 01:06:16.205,1.3610600000000002,1.3608500000000001,1.1,1
23.08.2021 01:06:16.256,1.36098,1.3608200000000001,1,1
23.08.2021 01:06:16.357,1.3609700000000002,1.3608,1,1
23.08.2021 01:06:16.458,1.3609700000000002,1.36079,1.5,1
23.08.2021 01:06:16.827,1.3609600000000002,1.36079,1,1
23.08.2021 01:06:21.913,1.3609600000000002,1.36083,1,1
23.08.2021 01:06:21.964,1.361,1.36083,1.5,1
23.08.2021 01:06:22.216,1.36099,1.36084,1.12,1
23.08.2021 01:06:25.570,1.36099,1.36084,1.5,1
23.08.2021 01:06:26.336,1.36098,1.3608200000000001,1.12,1
23.08.2021 01:06:29.726,1.3609700000000002,1.36081,1.12,1
23.08.2021 01:06:30.142,1.3609700000000002,1.3608,1,1
23.08.2021 01:06:30.246,1.3609600000000002,1.3608,1.5,1
23.08.2021 01:06:30.297,1.36093,1.3607600000000002,1,1
23.08.2021 01:06:31.062,1.3609200000000001,1.36077,1.5,1
23.08.2021 01:06:32.920,1.36093,1.3607600000000002,1.12,1
23.08.2021 01:06:33.022,1.36091,1.3607500000000001,1,1
23.08.2021 01:06:37.152,1.3609200000000001,1.36077,2.25,1
23.08.2021 01:06:37.253,1.36093,1.3607600000000002,1.5,1
23.08.2021 01:06:38.721,1.36095,1.36078,1.6,1
23.08.2021 01:06:38.928,1.36094,1.36077,1.5,1
23.08.2021 01:06:38.978,1.3609700000000002,1.36079,1.62,1
23.08.2021 01:06:40.580,1.3609600000000002,1.3608,1.5,1
23.08.2021 01:06:40.681,1.36094,1.36079,1.1,1
23.08.2021 01:06:40.782,1.36093,1.36078,1.6,1
23.08.2021 01:06:40.983,1.36094,1.36077,1.6,1
23.08.2021 01:06:42.033,1.3609200000000001,1.3607600000000002,1.62,1
23.08.2021 01:06:42.235,1.3609200000000001,1.3607600000000002,1.7,1
23.08.2021 01:06:43.766,1.36091,1.3607600000000002,1.5,1
23.08.2021 01:06:43.817,1.3609,1.36073,1.5,1
23.08.2021 01:06:43.968,1.36088,1.36071,1.12,1
23.08.2021 01:06:44.104,1.36089,1.36073,1.5,1
23.08.2021 01:06:45.783,1.36088,1.36071,1.5,1
23.08.2021 01:06:45.942,1.36089,1.3607,1.5,1
23.08.2021 01:06:46.441,1.36089,1.3607,1.5,1
23.08.2021 01:06:46.542,1.36088,1.36069,2.07,1
23.08.2021 01:06:46.652,1.3608700000000002,1.36069,1,1
23.08.2021 01:06:46.753,1.3608700000000002,1.36068,1.62,1
23.08.2021 01:06:47.667,1.36083,1.36068,1.5,1
23.08.2021 01:06:48.607,1.3608600000000002,1.36068,1.5,1
23.08.2021 01:06:49.289,1.36084,1.36069,1.5,1
23.08.2021 01:06:51.390,1.3608500000000001,1.3606600000000002,1.5,1
23.08.2021 01:06:51.665,1.3608500000000001,1.3606600000000002,2.37,1
23.08.2021 01:06:56.723,1.36083,1.3606500000000001,1.5,1
23.08.2021 01:06:56.774,1.3608,1.3606500000000001,1,1
23.08.2021 01:07:00.081,1.36083,1.3606500000000001,1.5,1
23.08.2021 01:07:00.206,1.3608200000000001,1.3606600000000002,1.5,1
23.08.2021 01:07:00.306,1.3608,1.36064,1.5,1
23.08.2021 01:07:00.458,1.36078,1.36063,1,1
23.08.2021 01:07:02.949,1.36079,1.3606,1.5,1
23.08.2021 01:07:03.944,1.36078,1.3606200000000002,1.5,1
23.08.2021 01:07:06.521,1.36078,1.3606200000000002,1.5,1
23.08.2021 01:07:06.622,1.36078,1.3606,1,1
23.08.2021 01:07:06.926,1.36077,1.36061,1,1
23.08.2021 01:07:07.776,1.36074,1.3606,1,1
23.08.2021 01:07:08.133,1.3607600000000002,1.36059,1.5,1
23.08.2021 01:07:08.234,1.3607500000000001,1.36058,1.5,1
23.08.2021 01:07:08.335,1.36073,1.36056,1,1
23.08.2021 01:07:09.705,1.36071,1.36056,1.5,1
23.08.2021 01:07:09.806,1.3607200000000002,1.3605500000000001,1.5,1
23.08.2021 01:07:10.208,1.3607200000000002,1.3605500000000001,1.5,1
23.08.2021 01:07:10.588,1.3607200000000002,1.3605500000000001,1.5,1
23.08.2021 01:07:10.689,1.3607200000000002,1.36057,1.5,1
23.08.2021 01:07:10.790,1.36074,1.36059,1.62,1
23.08.2021 01:07:11.112,1.3607500000000001,1.36058,1.62,1
23.08.2021 01:07:12.259,1.3607500000000001,1.36058,1.5,1
23.08.2021 01:07:14.491,1.3607200000000002,1.3606,1,1
23.08.2021 01:07:15.753,1.36077,1.3606,1.5,1
23.08.2021 01:07:17.403,1.36079,1.3606,1.5,1
23.08.2021 01:07:17.454,1.36079,1.3606200000000002,1.5,1
23.08.2021 01:07:17.618,1.36078,1.36063,1.5,1
23.08.2021 01:07:20.925,1.36079,1.36064,1,1
23.08.2021 01:07:21.132,1.36079,1.36064,1.1,1
23.08.2021 01:07:21.592,1.3608,1.36063,1.89,1
23.08.2021 01:07:21.704,1.3608,1.36063,1.1,1
23.08.2021 01:07:22.071,1.36079,1.36063,1.62,1
23.08.2021 01:07:22.542,1.3608,1.3606200000000002,1.62,1
23.08.2021 01:07:22.858,1.36079,1.3606200000000002,2.45,1
23.08.2021 01:07:25.061,1.36078,1.3606200000000002,1.62,1
23.08.2021 01:07:29.071,1.3607600000000002,1.36061,1.62,1
23.08.2021 01:07:29.121,1.36071,1.36059,1,1
23.08.2021 01:07:29.172,1.36074,1.36056,1.5,1
23.08.2021 01:07:29.273,1.3607200000000002,1.36054,1.5,1
23.08.2021 01:07:29.324,1.36067,1.36053,1,1
23.08.2021 01:07:29.429,1.36069,1.36053,1.12,1
23.08.2021 01:07:29.580,1.3607,1.3605200000000002,1.5,1
23.08.2021 01:07:29.732,1.3607,1.36056,1.5,1
23.08.2021 01:07:29.945,1.3607,1.3605500000000001,1.5,1
23.08.2021 01:07:31.782,1.3607,1.36054,2,1
23.08.2021 01:07:36.830,1.36069,1.36056,1.5,1
23.08.2021 01:07:37.299,1.3607200000000002,1.3605500000000001,1.62,1
23.08.2021 01:07:40.890,1.36068,1.36057,1,1
23.08.2021 01:07:41.919,1.36073,1.36057,2.37,1
23.08.2021 01:07:43.178,1.36074,1.36057,1.62,1
23.08.2021 01:07:43.429,1.36074,1.36057,1.62,1
23.08.2021 01:07:47.876,1.36073,1.36058,1,1
23.08.2021 01:07:47.979,1.3607600000000002,1.36059,1.5,1
23.08.2021 01:07:48.339,1.3607500000000001,1.36058,1.5,1
23.08.2021 01:07:49.433,1.3607600000000002,1.36057,1.5,1
23.08.2021 01:08:02.604,1.3607500000000001,1.36058,1.5,1
23.08.2021 01:08:02.654,1.36077,1.36059,1.62,1
23.08.2021 01:08:02.758,1.3607600000000002,1.3606,1.62,1
23.08.2021 01:08:02.969,1.3607600000000002,1.3606,1.62,1
23.08.2021 01:08:03.070,1.36078,1.36061,1.6,1
23.08.2021 01:08:05.167,1.36078,1.3606,1.5,1
23.08.2021 01:08:05.268,1.3608,1.36061,1.95,1
23.08.2021 01:08:05.369,1.36078,1.3606200000000002,1.5,1
23.08.2021 01:08:05.485,1.3608,1.3606200000000002,2.85,1
23.08.2021 01:08:05.788,1.3608,1.36064,2.85,1
23.08.2021 01:08:05.906,1.3608,1.36064,1.87,1
23.08.2021 01:08:09.908,1.36081,1.3606500000000001,1.6,1
23.08.2021 01:08:14.012,1.36083,1.36067,3.6,1
23.08.2021 01:08:14.113,1.36083,1.36068,2.85,1
23.08.2021 01:08:14.163,1.3608500000000001,1.36069,3.12,1
23.08.2021 01:08:14.420,1.3608700000000002,1.3607,2.45,1
23.08.2021 01:08:15.360,1.3608600000000002,1.36071,1,1
23.08.2021 01:08:16.174,1.3608600000000002,1.36073,1,1
23.08.2021 01:08:16.224,1.3609,1.36073,2,1
23.08.2021 01:08:16.275,1.3609,1.36078,1.5,1
23.08.2021 01:08:16.426,1.36094,1.36079,1,1
23.08.2021 01:08:16.577,1.36098,1.36081,2,1
23.08.2021 01:08:16.628,1.36098,1.36081,1.12,1
23.08.2021 01:08:16.779,1.36098,1.36083,1.5,1
23.08.2021 01:08:16.980,1.361,1.36083,1.57,1
23.08.2021 01:08:18.443,1.36101,1.36083,1.1,1
23.08.2021 01:08:24.771,1.36101,1.3608500000000001,1.1,1
23.08.2021 01:08:30.406,1.36098,1.3608,1,1
23.08.2021 01:08:30.911,1.36098,1.3608,1.5,1
23.08.2021 01:08:32.112,1.36095,1.3608,1,1
23.08.2021 01:08:45.330,1.36094,1.36079,1,1
23.08.2021 01:09:04.066,1.36099,1.36081,1.1,1
23.08.2021 01:09:04.217,1.3609700000000002,1.3608200000000001,1.5,1
23.08.2021 01:09:04.318,1.3610200000000001,1.36083,2.82,1
23.08.2021 01:09:04.422,1.3610200000000001,1.36083,2.7,1
23.08.2021 01:09:15.213,1.361,1.36084,1,1
23.08.2021 01:09:15.314,1.3609700000000002,1.36081,1,1
23.08.2021 01:09:16.671,1.36099,1.3608200000000001,1.2,1
23.08.2021 01:09:21.726,1.361,1.36083,2.07,1
23.08.2021 01:09:21.827,1.36099,1.36084,1,1
23.08.2021 01:09:21.928,1.36101,1.36084,1.12,1
23.08.2021 01:09:22.286,1.3610200000000001,1.3608600000000002,1.1,1
23.08.2021 01:09:24.267,1.36103,1.3608600000000002,1,1
23.08.2021 01:09:24.317,1.36108,1.36088,1.6,1
23.08.2021 01:09:24.418,1.36108,1.36091,3.22,1
23.08.2021 01:09:24.468,1.3610700000000002,1.3609,1.87,1
23.08.2021 01:09:24.849,1.3610700000000002,1.3609,2.1,1
23.08.2021 01:09:24.950,1.36103,1.3609,1,1
23.08.2021 01:09:25.943,1.36108,1.36089,1.6,1
23.08.2021 01:09:35.889,1.3610600000000002,1.3609,1.6,1
23.08.2021 01:09:36.201,1.36105,1.36089,1.12,1
23.08.2021 01:09:36.353,1.36103,1.36088,1,1
23.08.2021 01:09:42.213,1.36104,1.3608600000000002,1.2,1
23.08.2021 01:09:50.033,1.3610200000000001,1.3608500000000001,1,1
23.08.2021 01:09:54.145,1.36103,1.3608700000000002,1.57,1
23.08.2021 01:09:54.455,1.36101,1.3608600000000002,1,1
23.08.2021 01:09:57.211,1.36104,1.3608600000000002,1.57,1
23.08.2021 01:10:02.642,1.36105,1.3608700000000002,2.82,1
23.08.2021 01:10:06.890,1.36105,1.3608700000000002,3.07,1
23.08.2021 01:10:07.595,1.36103,1.3608500000000001,1,1
23.08.2021 01:10:26.223,1.3610200000000001,1.3608700000000002,1,1
23.08.2021 01:10:28.584,1.36104,1.36088,2.1,1
23.08.2021 01:10:28.635,1.36105,1.36088,1.2,1
23.08.2021 01:10:28.742,1.3610600000000002,1.36089,1.6,1
23.08.2021 01:10:30.389,1.3610600000000002,1.36089,1.2,1
23.08.2021 01:10:31.061,1.3610700000000002,1.36091,4.32,1
23.08.2021 01:10:31.408,1.36108,1.36091,1.97,1
23.08.2021 01:10:31.559,1.3610900000000001,1.36093,2.82,1
23.08.2021 01:10:31.899,1.3610900000000001,1.36093,1.1,1
23.08.2021 01:10:32.050,1.36111,1.36093,1.12,1
23.08.2021 01:10:32.151,1.3611,1.36095,1.12,1
23.08.2021 01:10:32.727,1.36111,1.3609600000000002,1.12,1
23.08.2021 01:10:33.637,1.36115,1.3609600000000002,4.7,1
23.08.2021 01:10:38.270,1.36111,1.3609700000000002,1,1
23.08.2021 01:10:42.837,1.36112,1.3609700000000002,2.25,1
23.08.2021 01:10:48.388,1.36112,1.36099,1,1
23.08.2021 01:10:48.489,1.36113,1.36099,1,1
23.08.2021 01:10:48.791,1.3611600000000001,1.36098,2.25,1
23.08.2021 01:10:48.892,1.3611700000000002,1.36101,2.07,1
23.08.2021 01:10:53.871,1.3611600000000001,1.361,1.1,1
23.08.2021 01:10:53.973,1.36112,1.36099,1,1
23.08.2021 01:10:54.023,1.36114,1.36099,1.01,1
23.08.2021 01:11:04.436,1.36113,1.3609700000000002,1,1
23.08.2021 01:11:05.909,1.36112,1.3609700000000002,1,1
23.08.2021 01:11:06.707,1.3611,1.3609700000000002,1,1
23.08.2021 01:11:11.189,1.3611,1.36099,1,1
23.08.2021 01:11:13.459,1.36115,1.36098,4.57,1
23.08.2021 01:11:14.014,1.36115,1.36099,1.12,1
23.08.2021 01:11:15.482,1.3611700000000002,1.361,2.37,1
23.08.2021 01:11:24.616,1.36114,1.36099,1,1
23.08.2021 01:11:24.767,1.36113,1.36099,1.1,1
23.08.2021 01:11:24.868,1.36113,1.3609600000000002,1,1
23.08.2021 01:11:26.282,1.36111,1.3609700000000002,1,1
23.08.2021 01:11:26.433,1.3611,1.3609600000000002,1,1
23.08.2021 01:11:26.534,1.3610900000000001,1.36095,1.25,1
23.08.2021 01:11:26.785,1.3610900000000001,1.36094,1.57,1
23.08.2021 01:11:27.103,1.3611,1.36093,3.66,1
23.08.2021 01:11:29.343,1.3610700000000002,1.3609200000000001,1,1
23.08.2021 01:11:30.162,1.3610700000000002,1.36091,1.25,1
23.08.2021 01:11:30.266,1.36108,1.36091,1.1,1
23.08.2021 01:11:31.429,1.3610700000000002,1.3609,1,1
23.08.2021 01:11:31.480,1.36104,1.36091,1,1
23.08.2021 01:11:31.530,1.36104,1.36089,1.57,1
23.08.2021 01:11:31.648,1.36103,1.3608600000000002,1,1
23.08.2021 01:11:33.166,1.36104,1.3608700000000002,2.1,1
23.08.2021 01:11:34.770,1.36103,1.36089,1.6,1
23.08.2021 01:11:35.676,1.36104,1.36088,1.2,1
23.08.2021 01:11:37.599,1.36104,1.3608700000000002,1.95,1
23.08.2021 01:11:38.992,1.36104,1.36088,1.2,1
23.08.2021 01:11:40.041,1.36103,1.36088,1.57,1
23.08.2021 01:11:40.142,1.36104,1.3608600000000002,1.57,1
23.08.2021 01:11:41.443,1.3610200000000001,1.3608600000000002,1,1
23.08.2021 01:11:41.545,1.36099,1.3608200000000001,1.12,1
23.08.2021 01:11:41.646,1.36099,1.36083,1.5,1
23.08.2021 01:11:41.855,1.36098,1.36083,3.45,1
23.08.2021 01:11:41.956,1.3609700000000002,1.36081,1.57,1
23.08.2021 01:11:42.346,1.36099,1.36081,2.85,1
23.08.2021 01:11:43.681,1.3609700000000002,1.3608,1,1
23.08.2021 01:12:01.304,1.3609700000000002,1.36079,2.7,1
23.08.2021 01:12:01.702,1.36095,1.3608,1,1
23.08.2021 01:12:01.807,1.3609600000000002,1.3608,1.2,1
23.08.2021 01:12:02.180,1.3609600000000002,1.3608,1.6,1
23.08.2021 01:12:03.164,1.3609700000000002,1.36079,1.6,1
23.08.2021 01:12:11.541,1.36093,1.36077,1,1
23.08.2021 01:12:23.848,1.3609200000000001,1.3607600000000002,1,1
23.08.2021 01:12:37.684,1.36094,1.36078,3.01,1
23.08.2021 01:12:37.785,1.3609600000000002,1.36079,2.82,1
23.08.2021 01:12:37.836,1.3609600000000002,1.3608,4.35,1
23.08.2021 01:12:38.690,1.3609700000000002,1.36081,1,1
23.08.2021 01:12:38.892,1.3609700000000002,1.36081,1,1
23.08.2021 01:12:45.035,1.36098,1.36083,1.6,1
23.08.2021 01:12:45.136,1.361,1.3609200000000001,1.5,1
23.08.2021 01:12:45.186,1.361,1.36089,1.5,1.5
23.08.2021 01:12:45.237,1.3610700000000002,1.36095,1.5,1
23.08.2021 01:12:45.338,1.36113,1.3609700000000002,2,1
23.08.2021 01:12:45.439,1.36115,1.36098,1.6,1
23.08.2021 01:12:48.447,1.3611600000000001,1.36099,1,1
23.08.2021 01:12:48.777,1.3611600000000001,1.361,1,1
23.08.2021 01:12:50.429,1.3611900000000001,1.36103,3.12,1
23.08.2021 01:12:50.580,1.3612,1.36104,1.87,1
23.08.2021 01:12:50.681,1.36121,1.3610600000000002,1,1
23.08.2021 01:12:50.782,1.36121,1.3610700000000002,1,1
23.08.2021 01:12:51.047,1.3612600000000001,1.3610900000000001,1,1
23.08.2021 01:12:51.097,1.36125,1.36112,1,1
23.08.2021 01:12:51.148,1.3612900000000001,1.36111,1.95,1
23.08.2021 01:12:51.865,1.36128,1.3610900000000001,1,1
23.08.2021 01:12:58.390,1.36128,1.3610900000000001,1.5,1
23.08.2021 01:12:58.642,1.36124,1.3610900000000001,1.57,1
23.08.2021 01:12:58.743,1.36122,1.36105,1.1,1
23.08.2021 01:12:58.844,1.3611900000000001,1.36104,1,1
23.08.2021 01:12:58.945,1.3611900000000001,1.3610200000000001,1,1
23.08.2021 01:12:59.316,1.3611900000000001,1.36101,2.85,1
23.08.2021 01:12:59.417,1.36115,1.3609700000000002,1,1
23.08.2021 01:12:59.810,1.36115,1.361,2.07,1
23.08.2021 01:13:01.380,1.36115,1.36099,1.6,1
23.08.2021 01:13:04.469,1.3611600000000001,1.361,1.6,1
23.08.2021 01:13:05.997,1.3611600000000001,1.36098,1.6,1
23.08.2021 01:13:06.611,1.3611600000000001,1.361,1,1
23.08.2021 01:13:06.762,1.3611900000000001,1.3610200000000001,1.62,1
23.08.2021 01:13:07.662,1.3611900000000001,1.3610200000000001,1,1
23.08.2021 01:13:08.071,1.36121,1.36103,1.12,1
23.08.2021 01:13:08.172,1.36122,1.3610600000000002,2.37,1
23.08.2021 01:13:08.280,1.36123,1.36105,2.25,1
23.08.2021 01:13:10.464,1.36124,1.36108,2.82,1
23.08.2021 01:13:10.565,1.3612,1.36105,1,1
23.08.2021 01:13:10.616,1.3612,1.36103,1,1
23.08.2021 01:13:10.869,1.36121,1.3610600000000002,1,1
23.08.2021 01:13:11.126,1.36124,1.3610900000000001,1.5,1
23.08.2021 01:13:11.177,1.36123,1.3610600000000002,1.12,1
23.08.2021 01:13:13.523,1.36121,1.3610600000000002,1,1
23.08.2021 01:13:22.064,1.36122,1.36104,1,1
23.08.2021 01:13:29.984,1.36122,1.36104,1.7,1
23.08.2021 01:13:30.206,1.3611600000000001,1.36098,1,1
23.08.2021 01:13:30.514,1.36113,1.36098,1,1
23.08.2021 01:13:33.245,1.36114,1.3609700000000002,1.6,1
23.08.2021 01:13:44.674,1.36114,1.3609700000000002,1.1,1
23.08.2021 01:13:53.165,1.36114,1.36099,1.5,1
23.08.2021 01:13:53.266,1.3611600000000001,1.36099,1,1
23.08.2021 01:13:53.729,1.3611700000000002,1.36099,1,1
23.08.2021 01:14:01.202,1.36115,1.36098,1,1
23.08.2021 01:14:01.353,1.36113,1.36098,1,1
23.08.2021 01:14:01.504,1.36111,1.3609600000000002,1,1
23.08.2021 01:14:01.957,1.36111,1.36094,1,1
23.08.2021 01:14:04.803,1.36111,1.36094,1.1,1
23.08.2021 01:14:04.954,1.36111,1.36095,1,1
23.08.2021 01:14:09.553,1.3610900000000001,1.36094,1,1
23.08.2021 01:14:09.705,1.3610700000000002,1.3609200000000001,1,1
23.08.2021 01:14:15.114,1.36108,1.36093,1.1,1
23.08.2021 01:14:20.235,1.36111,1.36093,1.57,1
23.08.2021 01:14:25.846,1.3611,1.3609200000000001,1,1
23.08.2021 01:14:33.016,1.36111,1.36095,2.7,1
23.08.2021 01:14:34.607,1.3611,1.36093,1,1
23.08.2021 01:14:46.688,1.36112,1.36095,1.2,1
23.08.2021 01:14:47.500,1.36114,1.36094,1.57,1
23.08.2021 01:14:48.692,1.36114,1.3609700000000002,1.1,1
23.08.2021 01:14:48.843,1.3611600000000001,1.3609600000000002,1.2,1
23.08.2021 01:14:48.944,1.3611600000000001,1.36098,2.1,1
23.08.2021 01:14:49.252,1.3611600000000001,1.36098,1.1,1
23.08.2021 01:14:50.283,1.3611900000000001,1.36098,2.1,1
23.08.2021 01:14:56.161,1.3611900000000001,1.36098,1.5,1
23.08.2021 01:14:57.125,1.3611600000000001,1.36099,1,1
23.08.2021 01:14:58.741,1.3611600000000001,1.36098,1.5,1
23.08.2021 01:14:58.791,1.36115,1.3609700000000002,2,1
23.08.2021 01:14:58.842,1.36113,1.3609600000000002,1,1
23.08.2021 01:14:58.893,1.36111,1.36094,1.5,1
23.08.2021 01:14:59.094,1.3611,1.36091,1,1
23.08.2021 01:14:59.347,1.36111,1.36093,1,1
23.08.2021 01:15:03.816,1.36112,1.36093,1.12,1
23.08.2021 01:15:10.998,1.3610700000000002,1.36091,1,1
23.08.2021 01:15:11.357,1.3610600000000002,1.36089,1,1
23.08.2021 01:15:12.637,1.3610600000000002,1.36091,1,1
23.08.2021 01:15:12.838,1.36108,1.36091,1,1
23.08.2021 01:15:16.326,1.36108,1.3609200000000001,1,1
23.08.2021 01:15:17.994,1.3610700000000002,1.36091,1,1
23.08.2021 01:15:18.145,1.3610700000000002,1.3609,1,1
23.08.2021 01:15:18.348,1.36104,1.36088,1,1
23.08.2021 01:15:20.555,1.36104,1.3608700000000002,1,1
23.08.2021 01:15:23.634,1.36104,1.36089,1,1
23.08.2021 01:15:30.892,1.36103,1.36088,1,1
23.08.2021 01:15:30.993,1.36103,1.3608700000000002,1,1
23.08.2021 01:15:56.835,1.36104,1.36088,1,1
23.08.2021 01:15:56.936,1.3610600000000002,1.3609,1,1
23.08.2021 01:15:57.557,1.36108,1.3609200000000001,1,1
23.08.2021 01:15:58.140,1.3611,1.36094,1,1
23.08.2021 01:15:58.241,1.36111,1.3609700000000002,1,1
23.08.2021 01:15:58.475,1.36114,1.3609600000000002,1,1
23.08.2021 01:16:12.241,1.36113,1.36099,1,1
23.08.2021 01:16:12.792,1.36114,1.3609600000000002,1,1
23.08.2021 01:16:19.750,1.36113,1.36099,1,1
23.08.2021 01:16:30.598,1.36114,1.36099,1,1
23.08.2021 01:16:40.566,1.36115,1.36099,1,1
23.08.2021 01:16:42.725,1.3611700000000002,1.36101,1,1
23.08.2021 01:16:43.088,1.3611900000000001,1.36103,1,1
23.08.2021 01:16:43.189,1.3612,1.36104,1.12,1
23.08.2021 01:16:43.662,1.36122,1.3610600000000002,1.5,1
23.08.2021 01:16:45.069,1.36122,1.36108,1,1
23.08.2021 01:16:46.374,1.36124,1.3611,1,1
23.08.2021 01:16:55.023,1.3612600000000001,1.3611,1,1
23.08.2021 01:16:58.021,1.3612700000000002,1.3611,1,1
23.08.2021 01:16:58.122,1.3612700000000002,1.36113,1.5,1
23.08.2021 01:17:01.961,1.3612600000000001,1.3611,1,1
23.08.2021 01:17:04.616,1.36128,1.36112,1,1
23.08.2021 01:17:06.953,1.3612600000000001,1.36112,1,1
23.08.2021 01:17:07.105,1.3612600000000001,1.3611,1,1
23.08.2021 01:17:36.109,1.3612600000000001,1.36112,1,1
23.08.2021 01:17:39.014,1.3612600000000001,1.36111,1,1
23.08.2021 01:17:40.775,1.36124,1.3611,1,1
23.08.2021 01:17:49.911,1.36124,1.3610900000000001,1,1
23.08.2021 01:17:50.012,1.36122,1.3610600000000002,1,1
23.08.2021 01:17:50.114,1.36118,1.36103,1,1
23.08.2021 01:17:50.616,1.3611900000000001,1.36103,1,1.5
23.08.2021 01:18:05.378,1.36121,1.36105,1,1
23.08.2021 01:18:56.626,1.36118,1.36103,1,1
23.08.2021 01:18:56.727,1.3611600000000001,1.36103,1,1
23.08.2021 01:18:56.828,1.3611600000000001,1.361,1,1.12
23.08.2021 01:19:13.004,1.36114,1.36098,1,1.12
23.08.2021 01:19:14.380,1.36112,1.36098,1,1.5
23.08.2021 01:19:14.481,1.36114,1.36098,1,1.12
23.08.2021 01:19:18.181,1.36113,1.3609700000000002,1,1.12
23.08.2021 01:19:38.033,1.36113,1.36099,1,1
23.08.2021 01:19:54.619,1.36115,1.36099,1,1
23.08.2021 01:20:13.827,1.3611700000000002,1.36101,1,1
23.08.2021 01:20:28.436,1.3611600000000001,1.361,1,1
23.08.2021 01:20:28.537,1.36113,1.36099,1,1.12
23.08.2021 01:20:29.205,1.36112,1.3609600000000002,1,4.25
23.08.2021 01:20:29.525,1.36112,1.3609600000000002,1,3.87
23.08.2021 01:20:30.513,1.36112,1.3609600000000002,1,3.75
23.08.2021 01:20:32.521,1.36112,1.3609600000000002,1,3.5
23.08.2021 01:20:33.523,1.36112,1.3609600000000002,1,3.37
23.08.2021 01:20:33.682,1.36112,1.36098,1,1
23.08.2021 01:20:34.216,1.36113,1.36099,1,1
23.08.2021 01:20:38.733,1.36113,1.3609700000000002,1,1.12
23.08.2021 01:20:38.895,1.3610900000000001,1.36094,1,1.12
23.08.2021 01:20:38.997,1.3610700000000002,1.36093,1,1.5
23.08.2021 01:20:39.098,1.3610200000000001,1.36089,1,1
23.08.2021 01:20:39.199,1.36103,1.3608700000000002,1,1
23.08.2021 01:20:39.451,1.36103,1.36089,1,1
23.08.2021 01:20:58.765,1.36101,1.3608700000000002,1,1
23.08.2021 01:20:59.484,1.36101,1.3608500000000001,1,1
23.08.2021 01:21:01.766,1.36098,1.36084,1,1
23.08.2021 01:21:01.868,1.3609700000000002,1.36081,1,1
23.08.2021 01:21:02.019,1.36095,1.36081,1,1
23.08.2021 01:21:02.120,1.36093,1.36079,1,1.5
23.08.2021 01:21:02.380,1.36095,1.36079,1,1
23.08.2021 01:21:03.588,1.3609600000000002,1.3608200000000001,1,1
23.08.2021 01:21:15.230,1.36095,1.36079,1,1.5
23.08.2021 01:21:25.916,1.36093,1.36079,1,1.5
23.08.2021 01:21:35.715,1.3609,1.36078,1,1
23.08.2021 01:21:52.691,1.36093,1.36079,1,1
23.08.2021 01:22:02.145,1.3609200000000001,1.3607600000000002,1,1
23.08.2021 01:22:02.246,1.36091,1.3607600000000002,1,1
23.08.2021 01:22:05.720,1.36091,1.36077,1,1
23.08.2021 01:22:42.850,1.3609200000000001,1.36081,1,1.5
23.08.2021 01:22:42.900,1.3609600000000002,1.3608500000000001,1,1
23.08.2021 01:22:42.951,1.36098,1.3608200000000001,1,1
23.08.2021 01:22:58.829,1.3609700000000002,1.36081,1,1.5
23.08.2021 01:22:58.930,1.36094,1.3608,1,1.12
23.08.2021 01:22:59.031,1.36093,1.36078,1,1
23.08.2021 01:22:59.992,1.3609200000000001,1.36078,1,1
23.08.2021 01:23:00.549,1.36091,1.36077,1,1.12
23.08.2021 01:23:00.600,1.3609,1.36074,1,1.12
23.08.2021 01:23:00.701,1.36088,1.3607500000000001,1,1
23.08.2021 01:23:00.852,1.36089,1.36073,1,1
23.08.2021 01:23:01.003,1.3608700000000002,1.36073,1,1.5
23.08.2021 01:23:01.155,1.3608700000000002,1.3607200000000002,1,1
23.08.2021 01:23:01.356,1.3608600000000002,1.3607,1,2.62
23.08.2021 01:23:08.075,1.36083,1.3607,1,1
23.08.2021 01:23:08.495,1.36083,1.36069,1,1
23.08.2021 01:23:11.631,1.3608200000000001,1.3606600000000002,1,3.5
23.08.2021 01:23:11.681,1.3608,1.3606600000000002,1,1.5
23.08.2021 01:23:11.832,1.3608,1.3606600000000002,1,1
23.08.2021 01:23:11.883,1.3608,1.36064,1.5,1.87
23.08.2021 01:23:12.336,1.36078,1.36064,1,1.5
23.08.2021 01:23:19.709,1.36081,1.36067,1,1
23.08.2021 01:23:19.861,1.36083,1.36067,1,1
23.08.2021 01:23:32.328,1.3608,1.3606600000000002,1,2
23.08.2021 01:23:32.429,1.36079,1.3606500000000001,1.5,1
23.08.2021 01:23:32.480,1.36077,1.36063,1,1.5
23.08.2021 01:23:32.530,1.3607600000000002,1.3606,1,1
23.08.2021 01:23:32.631,1.3607500000000001,1.3606,1,1
23.08.2021 01:23:32.782,1.3607500000000001,1.36061,1,1
23.08.2021 01:23:48.438,1.36074,1.3606,1,1.12
23.08.2021 01:23:48.489,1.3607,1.36058,1,1.5
23.08.2021 01:23:48.615,1.36068,1.36056,1,1
23.08.2021 01:23:48.717,1.36069,1.3605500000000001,1,1
23.08.2021 01:24:08.582,1.36069,1.36053,1,1
23.08.2021 01:24:08.733,1.3606600000000002,1.3605200000000002,1,1
23.08.2021 01:24:21.064,1.3606600000000002,1.3605,1,1
23.08.2021 01:24:21.165,1.36063,1.36049,1,1
23.08.2021 01:24:21.266,1.3606200000000002,1.36048,1,1
23.08.2021 01:24:21.431,1.36061,1.3604500000000002,1,1
23.08.2021 01:24:23.011,1.36061,1.36047,1,1
23.08.2021 01:24:23.112,1.36063,1.36049,1,1
23.08.2021 01:24:23.213,1.3606500000000001,1.36049,1,1
23.08.2021 01:24:23.314,1.36067,1.36051,1,1
23.08.2021 01:24:24.058,1.36064,1.3605,1,1
23.08.2021 01:24:30.274,1.3606600000000002,1.3605,1,1
23.08.2021 01:24:30.560,1.36068,1.3605200000000002,1.5,1
23.08.2021 01:24:45.146,1.36068,1.36054,1,1
23.08.2021 01:25:01.100,1.36068,1.3605200000000002,1,1
23.08.2021 01:25:01.790,1.3606600000000002,1.3605,1,1
23.08.2021 01:25:01.892,1.36063,1.36049,1,1
23.08.2021 01:25:02.444,1.3606200000000002,1.36048,1,1
23.08.2021 01:25:03.630,1.36063,1.36049,1,1
23.08.2021 01:25:15.960,1.3606200000000002,1.36048,1,1
23.08.2021 01:25:20.708,1.36058,1.36046,1,1
23.08.2021 01:25:20.859,1.3606,1.3604500000000002,1,1.5
23.08.2021 01:25:20.959,1.3606200000000002,1.36046,1,1.87
23.08.2021 01:25:22.576,1.3606200000000002,1.36047,1,1
23.08.2021 01:25:22.676,1.36064,1.36048,1,1
23.08.2021 01:25:22.885,1.3606200000000002,1.36048,1,1.12
23.08.2021 01:25:23.256,1.36064,1.3605,1,1
23.08.2021 01:25:23.433,1.36064,1.36047,1,1.12
23.08.2021 01:25:35.642,1.36061,1.36047,1,1
23.08.2021 01:25:35.692,1.3606,1.3604500000000002,1,1.12
23.08.2021 01:25:35.793,1.36059,1.36044,1,1.5
23.08.2021 01:25:35.843,1.36057,1.3604200000000002,1,1.62
23.08.2021 01:25:35.944,1.36057,1.3604100000000001,1,1.62
23.08.2021 01:25:36.045,1.36058,1.3604,1,1.87
23.08.2021 01:25:36.637,1.36057,1.3604200000000002,1,1
23.08.2021 01:25:37.012,1.3606,1.36043,1,1
23.08.2021 01:25:37.164,1.36061,1.36044,1,1
23.08.2021 01:25:40.705,1.36061,1.36047,1,1
23.08.2021 01:25:40.906,1.3606200000000002,1.36048,1,1
23.08.2021 01:25:42.947,1.3606200000000002,1.36047,1,1.12
23.08.2021 01:25:43.149,1.36061,1.36047,1,1.12
23.08.2021 01:25:43.250,1.3606500000000001,1.36046,1,1.12
23.08.2021 01:25:43.451,1.36064,1.36046,1,1.5
23.08.2021 01:25:43.703,1.36064,1.36048,1,1
23.08.2021 01:25:44.921,1.3606200000000002,1.36047,1,1.5
23.08.2021 01:25:45.227,1.36063,1.36047,1,1
23.08.2021 01:25:45.378,1.36063,1.36047,1,1.5
23.08.2021 01:25:45.630,1.36064,1.36048,1,1
23.08.2021 01:25:45.782,1.3606200000000002,1.36047,1,1.12
23.08.2021 01:25:46.113,1.36064,1.36047,1,1
23.08.2021 01:25:46.264,1.36064,1.36046,1,1.12
23.08.2021 01:25:46.466,1.36064,1.36047,1,1
23.08.2021 01:25:46.679,1.36063,1.36047,1,1.5
23.08.2021 01:25:46.935,1.36063,1.36046,1,1.12
23.08.2021 01:25:47.963,1.36063,1.36047,1,1
23.08.2021 01:25:49.065,1.3606200000000002,1.36047,1,1.95
23.08.2021 01:25:56.672,1.36063,1.36044,1,1.75
23.08.2021 01:25:56.773,1.36061,1.36044,1,1.12
23.08.2021 01:25:56.824,1.36059,1.36043,1,1.7
23.08.2021 01:25:56.926,1.36061,1.3604200000000002,1,1.95
23.08.2021 01:26:00.788,1.36059,1.3604100000000001,1,1.87
23.08.2021 01:26:06.952,1.36057,1.36039,1,3.64
23.08.2021 01:26:08.158,1.3605500000000001,1.36038,1,1.6
23.08.2021 01:26:08.265,1.3605500000000001,1.36037,1,1.5
23.08.2021 01:26:08.873,1.36054,1.36038,1,1
23.08.2021 01:26:15.056,1.3605500000000001,1.36038,1,1
23.08.2021 01:26:20.600,1.3605500000000001,1.36039,1,1
23.08.2021 01:26:20.701,1.36053,1.36036,1,2.19
23.08.2021 01:26:20.852,1.36053,1.36036,1,1.95
23.08.2021 01:26:20.903,1.3605500000000001,1.36037,1,1
23.08.2021 01:26:22.283,1.3605500000000001,1.36038,1,2.51
23.08.2021 01:26:22.435,1.36056,1.36038,1,1
23.08.2021 01:26:22.536,1.36053,1.36036,1,1.5
23.08.2021 01:26:23.514,1.36054,1.36036,1,1.87
23.08.2021 01:26:23.615,1.36054,1.36038,1,1
23.08.2021 01:26:27.007,1.36054,1.36039,1,1
23.08.2021 01:26:27.108,1.3605500000000001,1.36039,1,1
23.08.2021 01:26:27.652,1.3605500000000001,1.3604100000000001,1,1
23.08.2021 01:26:31.353,1.36058,1.3604100000000001,1,1
23.08.2021 01:26:37.690,1.36058,1.3604200000000002,1,1.1
23.08.2021 01:26:37.841,1.36059,1.36043,1,1
23.08.2021 01:26:57.445,1.3606,1.36043,1,1
23.08.2021 01:27:28.492,1.3606,1.3604500000000002,1,1
23.08.2021 01:27:38.155,1.3606,1.36048,1,1
23.08.2021 01:27:38.206,1.36063,1.36047,1,1.5
23.08.2021 01:27:38.307,1.36063,1.36048,1,1
23.08.2021 01:27:38.408,1.36063,1.36046,1,1.12
23.08.2021 01:27:38.844,1.36063,1.36049,1,1
23.08.2021 01:27:38.945,1.36064,1.3605,1,1
23.08.2021 01:27:51.156,1.36064,1.36047,1,1.62
23.08.2021 01:27:52.110,1.36063,1.36048,1,1.5
23.08.2021 01:27:58.513,1.36061,1.36047,1,1
23.08.2021 01:27:58.614,1.36059,1.3604500000000002,1,1.12
23.08.2021 01:27:59.338,1.36061,1.3604500000000002,1,1
23.08.2021 01:28:08.647,1.36059,1.36044,1,1.5
23.08.2021 01:28:08.927,1.36059,1.36043,1,2.25
23.08.2021 01:28:09.219,1.36061,1.3604500000000002,1,1
23.08.2021 01:28:12.000,1.3606200000000002,1.36046,1,1
23.08.2021 01:28:12.213,1.36064,1.36046,1,1
23.08.2021 01:28:12.611,1.3606500000000001,1.36048,1,1
23.08.2021 01:28:12.661,1.36067,1.36049,1,1
23.08.2021 01:28:29.727,1.3606500000000001,1.36048,1,1
23.08.2021 01:28:29.998,1.3606200000000002,1.36047,1,1.12
23.08.2021 01:28:33.080,1.36063,1.3604500000000002,1,1
23.08.2021 01:28:33.202,1.3606200000000002,1.3604500000000002,1,3.37
23.08.2021 01:28:40.779,1.36061,1.36044,1,1
23.08.2021 01:28:40.881,1.36061,1.36043,1,1
23.08.2021 01:28:40.982,1.36059,1.3604200000000002,1,1
23.08.2021 01:28:43.365,1.36058,1.3604,1,3
23.08.2021 01:28:47.249,1.36059,1.3604100000000001,1,1
23.08.2021 01:28:48.949,1.36059,1.36044,1,1
23.08.2021 01:28:49.050,1.36061,1.36046,1,1
23.08.2021 01:28:49.151,1.3606200000000002,1.36047,1,1
23.08.2021 01:28:54.635,1.36063,1.36049,1,1
23.08.2021 01:28:55.794,1.36064,1.3605,1,1
23.08.2021 01:28:58.436,1.36067,1.3605,1,1
23.08.2021 01:29:00.808,1.3606600000000002,1.3605200000000002,1,1
23.08.2021 01:29:01.518,1.36067,1.36051,1,1
23.08.2021 01:29:04.855,1.3606500000000001,1.36051,1,1
23.08.2021 01:29:04.956,1.3606600000000002,1.36049,1,1
23.08.2021 01:29:07.190,1.36064,1.36047,1,1.12
23.08.2021 01:29:07.342,1.3606200000000002,1.36046,1,1
23.08.2021 01:29:07.594,1.3606,1.36044,1,1.5
23.08.2021 01:29:08.545,1.3606,1.36044,1,1.5
23.08.2021 01:29:10.860,1.3606,1.36046,1,1.12
23.08.2021 01:29:13.518,1.3606200000000002,1.36047,1,1
23.08.2021 01:29:14.325,1.36063,1.36049,1,1
23.08.2021 01:29:21.074,1.3606500000000001,1.36049,1,1
23.08.2021 01:29:21.912,1.3606600000000002,1.3605,1,1
23.08.2021 01:29:22.095,1.3606600000000002,1.3605200000000002,1,1
23.08.2021 01:29:22.721,1.36067,1.36054,1,1
23.08.2021 01:29:23.076,1.36069,1.3605500000000001,1,1
23.08.2021 01:29:26.594,1.36073,1.36057,1,1
23.08.2021 01:29:28.964,1.36071,1.36056,1,1
23.08.2021 01:29:29.464,1.3607,1.3605500000000001,1,1
23.08.2021 01:29:32.038,1.3607,1.36053,1,1
23.08.2021 01:29:32.139,1.36069,1.3605200000000002,1,1
23.08.2021 01:29:32.813,1.36069,1.36054,1,1
23.08.2021 01:29:33.557,1.36069,1.3605200000000002,1,1
23.08.2021 01:29:36.882,1.36069,1.36051,1,1
23.08.2021 01:29:36.983,1.36063,1.36049,1,1.5
23.08.2021 01:29:37.034,1.36064,1.36048,1,1
23.08.2021 01:29:37.336,1.36064,1.36047,1,1.1
23.08.2021 01:29:37.437,1.3606500000000001,1.36048,1,1
23.08.2021 01:29:37.927,1.36064,1.36046,1,1
23.08.2021 01:29:38.158,1.3606500000000001,1.36048,1,1
23.08.2021 01:29:41.040,1.3606500000000001,1.3605,1,1
23.08.2021 01:29:41.141,1.3606600000000002,1.36051,1,1
23.08.2021 01:29:42.528,1.3606500000000001,1.3605,1,1
23.08.2021 01:29:46.665,1.36068,1.3605,1,1
23.08.2021 01:29:46.766,1.36067,1.36053,1,1
23.08.2021 01:29:46.817,1.3607,1.36053,1,1
23.08.2021 01:29:46.919,1.3607,1.3605500000000001,1,1
23.08.2021 01:29:55.710,1.36073,1.36056,1,1
23.08.2021 01:30:00.288,1.36073,1.36059,1,1
23.08.2021 01:30:21.867,1.3607600000000002,1.36059,1,1
23.08.2021 01:30:22.313,1.3607600000000002,1.3606200000000002,1.5,1
23.08.2021 01:30:22.414,1.36078,1.3606200000000002,1,1
23.08.2021 01:30:24.215,1.36079,1.36063,1,1
23.08.2021 01:30:24.444,1.36078,1.36063,1,1
23.08.2021 01:30:30.186,1.36079,1.3606500000000001,1,1
23.08.2021 01:30:31.673,1.36081,1.3606500000000001,1,1
23.08.2021 01:30:51.693,1.36083,1.36067,1.5,1
23.08.2021 01:30:51.795,1.36084,1.36068,1.5,1
23.08.2021 01:30:51.896,1.36084,1.36068,1,1
23.08.2021 01:30:59.006,1.3608500000000001,1.3607,1,1
23.08.2021 01:30:59.056,1.36088,1.36074,1.62,1
23.08.2021 01:30:59.157,1.36093,1.3607600000000002,1.5,1
23.08.2021 01:30:59.403,1.36093,1.3607600000000002,1,1
23.08.2021 01:30:59.453,1.36095,1.36078,1.5,1
23.08.2021 01:30:59.815,1.3609700000000002,1.36081,1,1
23.08.2021 01:30:59.916,1.36098,1.3608200000000001,1.12,1
23.08.2021 01:31:01.469,1.36098,1.36081,1,1
23.08.2021 01:31:02.539,1.36098,1.3608,1,1
23.08.2021 01:31:03.144,1.36095,1.3608,1,1
23.08.2021 01:31:03.245,1.36094,1.36077,1,1
23.08.2021 01:31:03.582,1.36094,1.3608,1,1
23.08.2021 01:31:05.109,1.3609600000000002,1.36079,1.2,1
23.08.2021 01:31:07.391,1.3609600000000002,1.36079,1.97,1
23.08.2021 01:31:08.605,1.3609600000000002,1.36079,1.2,1
23.08.2021 01:31:10.499,1.3609700000000002,1.3608,1.57,1
23.08.2021 01:31:10.650,1.36098,1.3608200000000001,2.25,1
23.08.2021 01:31:10.751,1.36099,1.3608200000000001,1,1
23.08.2021 01:31:16.618,1.361,1.36084,1.12,1
23.08.2021 01:31:16.669,1.36098,1.36083,1,1
23.08.2021 01:31:17.222,1.361,1.36084,1.12,1
23.08.2021 01:31:20.131,1.36098,1.3608200000000001,1,1
23.08.2021 01:31:28.980,1.3609600000000002,1.3608200000000001,1,1
23.08.2021 01:31:32.769,1.36098,1.36083,2.25,1
23.08.2021 01:31:32.970,1.36098,1.3608,1,1
23.08.2021 01:31:33.222,1.3609600000000002,1.36079,1,1
23.08.2021 01:31:35.441,1.36094,1.36079,1,1
23.08.2021 01:31:35.592,1.36091,1.3607600000000002,1,1
23.08.2021 01:31:35.693,1.36089,1.36074,1,1
23.08.2021 01:31:35.794,1.3609,1.36073,1.5,1
23.08.2021 01:31:35.959,1.36088,1.36071,1,1.12
23.08.2021 01:31:36.211,1.36089,1.36074,1.87,1
23.08.2021 01:31:36.368,1.36088,1.36071,1,1
23.08.2021 01:31:40.597,1.36088,1.36073,1,1
23.08.2021 01:31:41.377,1.3608700000000002,1.3607200000000002,1,1
23.08.2021 01:31:43.131,1.3608500000000001,1.3607,1,1
23.08.2021 01:31:44.062,1.3608500000000001,1.36068,1,1
23.08.2021 01:31:45.021,1.36084,1.36068,1,1
23.08.2021 01:31:45.122,1.3608200000000001,1.36067,1,1
23.08.2021 01:31:53.044,1.3608500000000001,1.36071,1,1
23.08.2021 01:31:53.149,1.3608700000000002,1.36071,1,1
23.08.2021 01:31:53.250,1.3608700000000002,1.3607200000000002,1,1
23.08.2021 01:31:53.351,1.36089,1.3607200000000002,1.12,1
23.08.2021 01:31:54.161,1.3609,1.3607200000000002,1,1
23.08.2021 01:31:54.603,1.3609,1.36073,1.12,1
23.08.2021 01:31:54.704,1.36091,1.3607600000000002,2.37,1
23.08.2021 01:31:55.546,1.36091,1.36077,1.12,1
23.08.2021 01:31:55.871,1.36093,1.36077,1.5,1
23.08.2021 01:31:55.972,1.3609200000000001,1.36078,1,1
23.08.2021 01:31:56.608,1.36094,1.3608,1,1
23.08.2021 01:31:57.998,1.3609700000000002,1.36079,1.57,1
23.08.2021 01:32:16.501,1.36095,1.36078,1,1
23.08.2021 01:32:16.602,1.36094,1.36078,1,1
23.08.2021 01:32:16.703,1.36091,1.3607500000000001,1,1
23.08.2021 01:32:26.200,1.36088,1.36071,1,1
23.08.2021 01:32:29.513,1.3609,1.3607200000000002,3.82,1
23.08.2021 01:32:31.280,1.3609,1.3607500000000001,1.5,1
23.08.2021 01:32:31.387,1.3609,1.3607500000000001,1,1
23.08.2021 01:32:38.948,1.3608700000000002,1.3607200000000002,1,1
23.08.2021 01:32:42.268,1.3608700000000002,1.3607,1,1
23.08.2021 01:32:43.697,1.3608700000000002,1.36071,1,1
23.08.2021 01:32:50.213,1.3608600000000002,1.36073,1,1
23.08.2021 01:32:52.530,1.36088,1.36073,1,1
23.08.2021 01:32:52.962,1.36091,1.36073,1,1
23.08.2021 01:33:00.732,1.36089,1.36073,1,1
23.08.2021 01:33:06.748,1.36089,1.36074,1,1
23.08.2021 01:33:07.371,1.36089,1.3607500000000001,1,1
23.08.2021 01:33:08.452,1.3609200000000001,1.3607600000000002,1.12,1
23.08.2021 01:33:08.503,1.36094,1.36077,1.62,1
23.08.2021 01:33:08.915,1.36095,1.36078,1.5,1
23.08.2021 01:33:09.777,1.36094,1.36079,1.12,1
23.08.2021 01:33:10.355,1.3609600000000002,1.36081,1.5,1
23.08.2021 01:33:15.391,1.3609700000000002,1.3608,1,1
23.08.2021 01:33:22.012,1.36099,1.36081,1.62,1
23.08.2021 01:33:22.113,1.36099,1.36081,1,1
23.08.2021 01:33:22.957,1.36099,1.36084,1,1
23.08.2021 01:33:23.363,1.3610200000000001,1.36084,1.62,1
23.08.2021 01:33:23.464,1.36101,1.3608500000000001,1.12,1
23.08.2021 01:33:23.866,1.361,1.36083,1,1
23.08.2021 01:33:24.668,1.36099,1.3608200000000001,1,1
23.08.2021 01:33:25.998,1.36099,1.36084,1,1
23.08.2021 01:33:26.326,1.36103,1.3608500000000001,2.32,1
23.08.2021 01:33:29.028,1.36103,1.3608700000000002,1.1,1
23.08.2021 01:33:31.145,1.36105,1.3608600000000002,2.1,1
23.08.2021 01:33:32.581,1.36104,1.36088,1.6,1
23.08.2021 01:33:33.928,1.36103,1.3608600000000002,1,1
23.08.2021 01:33:34.130,1.36105,1.3608600000000002,1,1
23.08.2021 01:33:37.493,1.36105,1.36088,1,1
23.08.2021 01:33:38.440,1.3610600000000002,1.36089,2.37,1
23.08.2021 01:33:40.747,1.36105,1.36088,1.5,1
23.08.2021 01:33:42.608,1.36105,1.3608700000000002,2,1
23.08.2021 01:33:42.726,1.3610200000000001,1.36088,1,1
23.08.2021 01:33:44.485,1.3610200000000001,1.3608700000000002,1.87,1.12
23.08.2021 01:33:44.695,1.361,1.3608500000000001,1,1
23.08.2021 01:33:45.321,1.361,1.36084,1.12,1
23.08.2021 01:33:53.751,1.36101,1.3608500000000001,1.5,1
23.08.2021 01:33:54.351,1.3610200000000001,1.36084,1.12,1
23.08.2021 01:33:55.619,1.36101,1.36083,1,1
23.08.2021 01:33:59.963,1.36098,1.36083,1,1.12
23.08.2021 01:34:02.165,1.3609700000000002,1.3608200000000001,1,1
23.08.2021 01:34:04.674,1.36099,1.3608200000000001,1,1
23.08.2021 01:34:06.318,1.36098,1.36081,1,1
23.08.2021 01:34:09.250,1.36099,1.36081,1,1
23.08.2021 01:34:17.162,1.36099,1.36083,1,1
23.08.2021 01:34:17.313,1.36101,1.36083,1.12,1
23.08.2021 01:34:17.414,1.36101,1.3608500000000001,1.62,1
23.08.2021 01:34:18.688,1.361,1.36083,1,1
23.08.2021 01:34:24.151,1.3609700000000002,1.36081,1,1
23.08.2021 01:34:29.867,1.3609700000000002,1.3608,1,1
23.08.2021 01:34:40.705,1.36098,1.36081,1,1
23.08.2021 01:34:40.911,1.3609700000000002,1.3608,1,1
23.08.2021 01:34:41.874,1.36098,1.36083,3,1
23.08.2021 01:34:47.453,1.361,1.3608200000000001,1.87,1
23.08.2021 01:34:47.559,1.36099,1.36084,1.12,1
23.08.2021 01:34:47.727,1.36101,1.36084,1.5,1
23.08.2021 01:34:47.944,1.36101,1.36084,1.12,1
23.08.2021 01:34:48.462,1.3610200000000001,1.3608700000000002,1.62,1
23.08.2021 01:34:48.764,1.36103,1.36088,1.5,1
23.08.2021 01:34:48.928,1.36104,1.3608700000000002,1,1
23.08.2021 01:34:54.461,1.36104,1.3609,1,1
23.08.2021 01:34:54.612,1.36108,1.36093,1.5,1
23.08.2021 01:34:54.713,1.36108,1.36094,1,1
23.08.2021 01:34:54.864,1.3610900000000001,1.36094,1,1
23.08.2021 01:34:54.914,1.36113,1.36095,2,1
23.08.2021 01:34:55.015,1.36112,1.3609600000000002,1.87,1
23.08.2021 01:35:02.074,1.3611,1.36095,1,1
23.08.2021 01:35:03.178,1.36108,1.36093,1,1
23.08.2021 01:35:06.174,1.36111,1.36094,1.87,1
23.08.2021 01:35:15.881,1.36111,1.36095,1.12,1
23.08.2021 01:35:19.288,1.36112,1.3609700000000002,1.5,1
23.08.2021 01:35:21.259,1.36112,1.3609700000000002,1.5,1
23.08.2021 01:35:27.045,1.36113,1.3609600000000002,1.12,1
23.08.2021 01:35:33.753,1.3611,1.36095,1,1
23.08.2021 01:35:36.948,1.36112,1.3609600000000002,2,1
23.08.2021 01:35:37.357,1.36112,1.3609600000000002,1.87,1
23.08.2021 01:35:41.289,1.3611,1.36095,1,1
23.08.2021 01:35:41.499,1.36112,1.36095,1,1
23.08.2021 01:35:53.674,1.3611,1.36095,1,1
23.08.2021 01:35:55.581,1.3610900000000001,1.36094,1,1
23.08.2021 01:35:55.682,1.3610900000000001,1.3609200000000001,1,1
23.08.2021 01:35:55.783,1.3610700000000002,1.3609,1,1
23.08.2021 01:35:56.036,1.36108,1.36093,1.12,1
23.08.2021 01:35:57.082,1.3610900000000001,1.36093,1.12,1
23.08.2021 01:35:57.825,1.3610900000000001,1.3609200000000001,1,1
23.08.2021 01:36:03.020,1.3610600000000002,1.3609200000000001,1,1
23.08.2021 01:36:04.131,1.3610700000000002,1.3609,1,1
23.08.2021 01:36:05.579,1.3610600000000002,1.36089,1,1
23.08.2021 01:36:05.985,1.36104,1.36089,1,1
23.08.2021 01:36:06.086,1.3609700000000002,1.3608200000000001,1,1
