Gmt time,Ask,Bid,AskVolume,BidVolume
24.08.2021 00:00:00.159,8.71757,8.714260000000001,1,1
24.08.2021 00:00:00.260,8.71758,8.71434,1,1
24.08.2021 00:00:01.035,8.717730000000001,8.71449,1,1
24.08.2021 00:00:01.085,8.71771,8.71441,1,1
24.08.2021 00:00:20.434,8.71758,8.71428,1,1
24.08.2021 00:00:22.219,8.71751,8.71419,1,1
24.08.2021 00:00:23.469,8.71758,8.71428,1,1
24.08.2021 00:00:26.561,8.71743,8.71419,1,1
24.08.2021 00:00:27.651,8.71728,8.71404,1,1
24.08.2021 00:00:47.246,8.717210000000001,8.71397,1,1
24.08.2021 00:00:47.361,8.717060000000002,8.71382,1,1
24.08.2021 00:00:47.977,8.71699,8.71367,1,1
24.08.2021 00:00:56.881,8.717060000000002,8.71374,1,1
24.08.2021 00:00:59.471,8.71699,8.71367,1,1
24.08.2021 00:01:24.009,8.71669,8.71345,1,1.12
24.08.2021 00:01:29.932,8.71674,8.7135,1,1
24.08.2021 00:01:47.540,8.71672,8.71343,1,1
24.08.2021 00:01:47.737,8.71659,8.71335,1,1
24.08.2021 00:02:02.839,8.716289999999999,8.71306,1,1
24.08.2021 00:02:03.567,8.71622,8.71298,1,1
24.08.2021 00:02:20.170,8.716280000000001,8.71307,1,1
24.08.2021 00:02:25.975,8.716460000000001,8.71302,1,1
24.08.2021 00:02:26.692,8.716610000000001,8.71316,1,1
24.08.2021 00:02:34.504,8.71676,8.713310000000002,1,1
24.08.2021 00:02:34.671,8.71691,8.713460000000001,1.5,1
24.08.2021 00:02:34.772,8.71691,8.713460000000001,1,1
24.08.2021 00:02:35.075,8.71676,8.713310000000002,1,1
24.08.2021 00:02:37.719,8.716610000000001,8.71309,1,1
24.08.2021 00:02:37.770,8.716510000000001,8.71303,1,1
24.08.2021 00:02:37.871,8.71639,8.71287,1,1
24.08.2021 00:02:41.991,8.71609,8.71264,1,1
24.08.2021 00:02:45.018,8.71607,8.7125,1,1
24.08.2021 00:02:59.340,8.71579,8.71235,1,1
24.08.2021 00:02:59.441,8.71557,8.71212,1,1
24.08.2021 00:03:14.780,8.71535,8.7119,1,1
24.08.2021 00:03:27.497,8.71512,8.711680000000001,1,1
24.08.2021 00:04:15.366,8.71535,8.7119,1,1
24.08.2021 00:04:19.859,8.71527,8.71183,1,1
24.08.2021 00:05:02.934,8.71535,8.7119,1,1
24.08.2021 00:05:06.060,8.715480000000001,8.71198,1,1
24.08.2021 00:05:06.375,8.71557,8.71212,1,1
24.08.2021 00:05:06.800,8.71564,8.71212,1,1
24.08.2021 00:05:59.505,8.71587,8.71242,1.12,1
24.08.2021 00:06:00.566,8.71593,8.712430000000001,1,1
24.08.2021 00:06:00.735,8.71594,8.71242,1,1.5
24.08.2021 00:06:06.570,8.71594,8.71242,1,1
24.08.2021 00:06:25.330,8.71564,8.712200000000001,1,1.5
24.08.2021 00:06:25.381,8.71564,8.712200000000001,1,1
24.08.2021 00:07:25.578,8.71542,8.71198,1,1
24.08.2021 00:07:25.859,8.71535,8.71183,1,1
24.08.2021 00:07:28.157,8.71557,8.71205,1,1
24.08.2021 00:07:29.182,8.71535,8.71183,1,1.5
24.08.2021 00:07:29.232,8.71535,8.71183,1,1
24.08.2021 00:07:30.022,8.71519,8.711689999999999,1,1
24.08.2021 00:08:33.124,8.71537,8.71185,1,1
24.08.2021 00:09:00.285,8.71559,8.71207,1,1
24.08.2021 00:09:00.436,8.71573,8.712150000000001,1,1
24.08.2021 00:09:37.320,8.71588,8.71245,1,1
24.08.2021 00:09:37.421,8.71596,8.71237,1,1
24.08.2021 00:09:44.027,8.71604,8.71259,1,1
24.08.2021 00:10:06.136,8.71589,8.712439999999999,1,1
24.08.2021 00:10:06.186,8.71596,8.712439999999999,1,1
24.08.2021 00:11:00.103,8.71625,8.71275,1,1
24.08.2021 00:11:06.887,8.71625,8.71275,1.5,1
24.08.2021 00:11:06.989,8.71626,8.71274,1,1
24.08.2021 00:11:12.090,8.71626,8.71274,1.5,1
24.08.2021 00:11:12.191,8.71626,8.71274,1,1
24.08.2021 00:11:15.669,8.716410000000002,8.71296,1,1
24.08.2021 00:11:15.770,8.716560000000001,8.71311,1,1
24.08.2021 00:11:18.180,8.716700000000001,8.713260000000002,1,1
24.08.2021 00:11:18.282,8.71678,8.713260000000002,1,1
24.08.2021 00:11:25.557,8.716560000000001,8.71311,1,1
24.08.2021 00:12:04.415,8.71662,8.71312,1,1
24.08.2021 00:12:04.711,8.71678,8.713330000000001,1,1
24.08.2021 00:12:30.361,8.71669,8.71327,1,1
24.08.2021 00:12:35.430,8.71678,8.713330000000001,1,1
24.08.2021 00:13:06.382,8.717,8.7135,1,1
24.08.2021 00:13:06.433,8.71707,8.71364,1.5,1
24.08.2021 00:13:06.486,8.717080000000001,8.71363,1,1
24.08.2021 00:13:27.348,8.717,8.7135,1,1
24.08.2021 00:13:32.570,8.71663,8.713189999999999,1,1
24.08.2021 00:13:32.721,8.716560000000001,8.71305,1,1
24.08.2021 00:14:03.397,8.71648,8.71296,1,1
24.08.2021 00:15:58.223,8.71669,8.71327,1,1
24.08.2021 00:15:58.324,8.71678,8.713330000000001,1,1
24.08.2021 00:16:56.771,8.716930000000001,8.71348,1,1
24.08.2021 00:17:03.547,8.71684,8.71342,1,1
24.08.2021 00:17:04.753,8.716930000000001,8.71348,1,1
24.08.2021 00:17:09.012,8.717080000000001,8.71363,1,1
24.08.2021 00:17:11.049,8.71722,8.71378,1,1
24.08.2021 00:17:15.673,8.717450000000001,8.714,1.37,1
24.08.2021 00:17:15.723,8.71752,8.714080000000001,1.5,1
24.08.2021 00:17:15.824,8.71751,8.71409,1,1
24.08.2021 00:17:29.453,8.71737,8.713930000000001,1,1
24.08.2021 00:17:56.400,8.71737,8.713930000000001,1.5,1
24.08.2021 00:17:57.999,8.71737,8.713930000000001,1.5,1
24.08.2021 00:17:58.930,8.71737,8.713930000000001,1.5,1
24.08.2021 00:17:59.949,8.71737,8.713930000000001,1.5,1
24.08.2021 00:18:00.052,8.71737,8.713930000000001,1,1
24.08.2021 00:18:05.676,8.71737,8.713930000000001,1.5,1
24.08.2021 00:18:05.955,8.71737,8.713930000000001,1,1
24.08.2021 00:18:15.317,8.71737,8.713930000000001,1.5,1
24.08.2021 00:18:15.623,8.71737,8.713930000000001,1,1
24.08.2021 00:18:21.146,8.71737,8.713930000000001,1.5,1
24.08.2021 00:18:21.453,8.71737,8.713930000000001,1,1
24.08.2021 00:18:27.897,8.71737,8.713930000000001,1.5,1
24.08.2021 00:18:28.205,8.71737,8.713930000000001,1,1
24.08.2021 00:18:28.306,8.71737,8.713930000000001,1.5,1
24.08.2021 00:18:33.933,8.71737,8.713930000000001,1,1
24.08.2021 00:18:39.591,8.71737,8.713930000000001,1.5,1
24.08.2021 00:18:39.742,8.71737,8.713930000000001,1,1
24.08.2021 00:18:39.798,8.71737,8.713930000000001,1.5,1
24.08.2021 00:18:51.386,8.71737,8.713930000000001,1,1
24.08.2021 00:18:56.971,8.71737,8.713930000000001,1.5,1
24.08.2021 00:18:57.172,8.71737,8.713930000000001,1,1
24.08.2021 00:18:57.276,8.71737,8.713930000000001,1.5,1
24.08.2021 00:18:58.105,8.71737,8.713930000000001,1,1
24.08.2021 00:19:03.784,8.71737,8.713930000000001,1.5,1
24.08.2021 00:19:03.991,8.71737,8.713930000000001,1,1
24.08.2021 00:19:12.381,8.71737,8.713930000000001,1.5,1
24.08.2021 00:19:12.584,8.71737,8.713930000000001,1,1
24.08.2021 00:19:18.239,8.71737,8.713930000000001,1.5,1
24.08.2021 00:19:23.065,8.71737,8.713930000000001,1,1
24.08.2021 00:19:28.826,8.71737,8.713930000000001,1.5,1
24.08.2021 00:19:29.172,8.71737,8.713930000000001,1,1
24.08.2021 00:19:34.574,8.71737,8.713930000000001,1.5,1
24.08.2021 00:19:34.914,8.71737,8.713930000000001,1,1
24.08.2021 00:19:40.403,8.71737,8.713930000000001,1.5,1
24.08.2021 00:19:40.621,8.717360000000001,8.71394,1,1
24.08.2021 00:19:46.117,8.71737,8.713930000000001,1.5,1
24.08.2021 00:19:46.420,8.717360000000001,8.71394,1,1
24.08.2021 00:19:51.843,8.71737,8.713930000000001,1.5,1
24.08.2021 00:19:52.265,8.71737,8.713930000000001,1,1
24.08.2021 00:19:52.366,8.71737,8.713930000000001,1.5,1
24.08.2021 00:19:57.073,8.71737,8.713930000000001,1.5,1
24.08.2021 00:19:57.999,8.71737,8.713930000000001,1.5,1
24.08.2021 00:19:58.104,8.71737,8.713930000000001,1.5,1
24.08.2021 00:20:03.835,8.71737,8.713930000000001,1,1
24.08.2021 00:20:09.147,8.71737,8.713930000000001,1.5,1
24.08.2021 00:20:09.656,8.71737,8.713930000000001,1,1
24.08.2021 00:20:09.757,8.71737,8.713930000000001,1.5,1
24.08.2021 00:20:12.015,8.717360000000001,8.71394,1.5,1
24.08.2021 00:20:13.020,8.71737,8.713930000000001,1.5,1
24.08.2021 00:20:14.047,8.71737,8.713930000000001,1,1
24.08.2021 00:20:14.148,8.717360000000001,8.71394,1.5,1
24.08.2021 00:20:20.085,8.71737,8.713930000000001,1,1
24.08.2021 00:20:25.501,8.71737,8.713930000000001,1.5,1
24.08.2021 00:20:26.010,8.71737,8.713930000000001,1,1
24.08.2021 00:20:31.305,8.71737,8.713930000000001,1.5,1
24.08.2021 00:20:37.330,8.71737,8.713930000000001,1.5,1
24.08.2021 00:20:37.432,8.71737,8.713930000000001,1.5,1
24.08.2021 00:20:42.437,8.71737,8.713930000000001,1,1
24.08.2021 00:20:47.858,8.71737,8.713930000000001,1.5,1
24.08.2021 00:20:48.063,8.71737,8.713930000000001,1,1
24.08.2021 00:20:53.665,8.71737,8.713930000000001,1.5,1
24.08.2021 00:20:59.559,8.717450000000001,8.713930000000001,1,1
24.08.2021 00:21:40.604,8.717600000000001,8.714080000000001,1.5,1
24.08.2021 00:21:40.654,8.717600000000001,8.714080000000001,1,1
24.08.2021 00:21:40.705,8.71782,8.7143,1.5,1
24.08.2021 00:21:40.755,8.71782,8.7143,1,1
24.08.2021 00:21:41.010,8.71797,8.71446,1,1
24.08.2021 00:21:41.061,8.718110000000001,8.71452,1,1
24.08.2021 00:21:50.975,8.718110000000001,8.71452,1.5,1
24.08.2021 00:21:51.076,8.718110000000001,8.71452,1,1
24.08.2021 00:22:26.150,8.71826,8.71467,1.5,1
24.08.2021 00:22:26.250,8.71826,8.71467,1,1
24.08.2021 00:22:27.942,8.718250000000001,8.714680000000001,1.5,1
24.08.2021 00:22:29.298,8.71826,8.71467,1.12,1
24.08.2021 00:22:31.935,8.71826,8.71467,1.5,1
24.08.2021 00:22:37.533,8.71826,8.71467,1.12,1
24.08.2021 00:22:51.409,8.71834,8.71482,1.5,1
24.08.2021 00:22:53.981,8.71834,8.714739999999999,1.5,1
24.08.2021 00:22:54.082,8.71834,8.714739999999999,1,1
24.08.2021 00:23:00.149,8.71833,8.71475,1.5,1
24.08.2021 00:23:09.734,8.718110000000001,8.71459,1,1
24.08.2021 00:25:11.738,8.71834,8.71482,1,1
24.08.2021 00:25:20.633,8.71849,8.714970000000001,1,1
24.08.2021 00:25:26.289,8.718560000000002,8.715110000000001,1,1
24.08.2021 00:25:27.231,8.718630000000001,8.71519,1,1
24.08.2021 00:25:27.282,8.718860000000001,8.71534,1.25,1
24.08.2021 00:25:32.671,8.718860000000001,8.71534,1.5,1
24.08.2021 00:25:32.867,8.718860000000001,8.71534,1,1
24.08.2021 00:25:35.327,8.71901,8.715560000000002,1,1
24.08.2021 00:25:35.378,8.71915,8.71563,1.5,1
24.08.2021 00:25:35.478,8.71915,8.71563,1,1
24.08.2021 00:25:39.943,8.71922,8.71579,1,1
24.08.2021 00:26:07.068,8.719380000000001,8.71593,1.5,1
24.08.2021 00:26:07.169,8.71922,8.71579,1,1
24.08.2021 00:26:07.220,8.719380000000001,8.71593,1,1
24.08.2021 00:26:07.384,8.71945,8.71601,1,1
24.08.2021 00:26:07.485,8.71952,8.71602,1,1
24.08.2021 00:26:10.006,8.71967,8.71615,1,1
24.08.2021 00:26:17.250,8.71981,8.7163,1,1
24.08.2021 00:26:17.301,8.7199,8.716380000000001,1,1
24.08.2021 00:26:27.555,8.72005,8.716520000000001,1.5,1
24.08.2021 00:26:27.656,8.72005,8.716520000000001,1,1
24.08.2021 00:26:33.445,8.72005,8.716520000000001,1.5,1
24.08.2021 00:26:33.552,8.72005,8.716520000000001,1,1
24.08.2021 00:27:00.343,8.71987,8.71639,1,1
24.08.2021 00:27:00.473,8.71997,8.71645,1,1
24.08.2021 00:27:00.668,8.71981,8.7163,1,1
24.08.2021 00:27:00.819,8.71982,8.7163,1,1
24.08.2021 00:27:26.247,8.71982,8.7163,1.5,1
24.08.2021 00:27:26.843,8.71982,8.7163,1,1
24.08.2021 00:27:30.352,8.71982,8.7163,1.5,1
24.08.2021 00:27:30.960,8.71982,8.7163,1,1
24.08.2021 00:27:50.017,8.719660000000001,8.71615,1,1
24.08.2021 00:27:51.523,8.719750000000001,8.716239999999999,1,1
24.08.2021 00:27:51.624,8.71982,8.716380000000001,1,1
24.08.2021 00:27:56.101,8.7199,8.716380000000001,1,1
24.08.2021 00:28:01.249,8.719750000000001,8.716239999999999,1,1
24.08.2021 00:28:01.364,8.7196,8.71615,1,1
24.08.2021 00:28:01.488,8.71953,8.71608,1,1
24.08.2021 00:28:07.565,8.71967,8.716230000000001,1,1
24.08.2021 00:28:09.558,8.7196,8.71609,1,1
24.08.2021 00:28:14.324,8.71967,8.716230000000001,1,1
24.08.2021 00:28:14.375,8.719750000000001,8.716230000000001,1,1
24.08.2021 00:28:35.278,8.71997,8.71645,1.25,1
24.08.2021 00:28:35.328,8.71997,8.71645,1,1
24.08.2021 00:28:45.710,8.72012,8.716520000000001,1.12,1
24.08.2021 00:28:45.760,8.72012,8.716520000000001,1.5,1
24.08.2021 00:28:58.421,8.72012,8.716520000000001,1.5,1
24.08.2021 00:29:00.393,8.71997,8.716380000000001,1,1
24.08.2021 00:29:08.838,8.720089999999999,8.7166,1.5,1
24.08.2021 00:29:14.501,8.720089999999999,8.7166,1.5,1
24.08.2021 00:29:16.015,8.720089999999999,8.7166,1,1
24.08.2021 00:29:18.637,8.720110000000002,8.716610000000001,1.5,1
24.08.2021 00:29:43.031,8.72012,8.7166,1.5,1
24.08.2021 00:29:46.285,8.72012,8.7166,1.5,1
24.08.2021 00:29:51.240,8.72012,8.7166,1.5,1
24.08.2021 00:29:51.763,8.72012,8.7166,1.12,1
24.08.2021 00:29:56.303,8.72012,8.7166,1.5,1
24.08.2021 00:29:57.384,8.720110000000002,8.716610000000001,1.5,1
24.08.2021 00:29:58.403,8.72012,8.7166,1.5,1
24.08.2021 00:30:00.397,8.72012,8.7166,1.5,1
24.08.2021 00:30:00.662,8.72012,8.7166,1.5,1
24.08.2021 00:30:00.713,8.71996,8.71645,1,1
24.08.2021 00:30:00.914,8.71982,8.7163,1,1
24.08.2021 00:30:01.465,8.71982,8.7163,1.5,1
24.08.2021 00:30:01.566,8.71982,8.7163,1,1
24.08.2021 00:30:03.817,8.7196,8.71615,1,1
24.08.2021 00:30:47.891,8.71953,8.71608,1,1
24.08.2021 00:31:06.390,8.7193,8.71593,1,1
24.08.2021 00:31:06.491,8.71908,8.715710000000001,1,1
24.08.2021 00:31:41.862,8.7192,8.71567,1,1
24.08.2021 00:31:43.030,8.71939,8.71565,1,1
24.08.2021 00:31:44.924,8.71953,8.71565,1,1
24.08.2021 00:31:48.545,8.71953,8.71565,1.5,1
24.08.2021 00:31:49.057,8.71952,8.715660000000002,1,1
24.08.2021 00:31:52.349,8.71953,8.71565,1.5,1
24.08.2021 00:31:56.763,8.71964,8.71567,1.5,1
24.08.2021 00:31:56.876,8.71964,8.71567,1.5,1
24.08.2021 00:32:01.950,8.71963,8.71568,1.5,1
24.08.2021 00:32:02.360,8.71964,8.71567,1.5,1
24.08.2021 00:32:02.463,8.71964,8.71567,1.5,1
24.08.2021 00:32:02.770,8.71963,8.71568,1.5,1
24.08.2021 00:32:07.952,8.71964,8.71567,1.5,1
24.08.2021 00:32:08.791,8.71964,8.71567,1.5,1
24.08.2021 00:32:09.074,8.71964,8.71567,1.5,1
24.08.2021 00:32:15.007,8.71964,8.71567,1.5,1
24.08.2021 00:32:33.152,8.71963,8.71568,1,1
24.08.2021 00:32:36.443,8.71979,8.715810000000001,1.75,1
24.08.2021 00:32:36.506,8.71979,8.715810000000001,1.75,1
24.08.2021 00:32:36.657,8.71979,8.715810000000001,1.5,1
24.08.2021 00:32:40.367,8.71979,8.715810000000001,1.5,1
24.08.2021 00:32:40.497,8.71999,8.71604,1,1
24.08.2021 00:32:40.597,8.71999,8.71604,1,1
24.08.2021 00:32:50.480,8.72002,8.71604,1.5,1
24.08.2021 00:33:16.846,8.72002,8.71604,1.5,1
24.08.2021 00:33:16.949,8.72002,8.71604,1.5,1
24.08.2021 00:33:20.773,8.72002,8.71604,1.5,1
24.08.2021 00:33:27.389,8.72002,8.71604,1.5,1
24.08.2021 00:33:54.443,8.72002,8.71604,1.5,1
24.08.2021 00:34:00.545,8.71979,8.71574,1,1
24.08.2021 00:34:00.646,8.71964,8.71559,1,1.5
24.08.2021 00:34:00.747,8.71964,8.71559,1,1
24.08.2021 00:34:06.610,8.71964,8.71559,1.5,1
24.08.2021 00:34:07.218,8.71964,8.71559,1.5,1
24.08.2021 00:34:12.954,8.71964,8.71559,1.5,1
24.08.2021 00:34:17.288,8.719710000000001,8.71574,1.5,1
24.08.2021 00:34:19.257,8.71964,8.71559,1.5,1
24.08.2021 00:34:19.565,8.71964,8.71559,1.5,1
24.08.2021 00:34:24.528,8.71964,8.71559,1.5,1
24.08.2021 00:34:24.979,8.71963,8.7156,1.5,1
24.08.2021 00:34:25.080,8.71964,8.71559,1.5,1
24.08.2021 00:34:48.674,8.71968,8.715810000000001,1.5,1
24.08.2021 00:34:48.724,8.71968,8.715810000000001,1.5,1
24.08.2021 00:34:49.024,8.71977,8.715810000000001,1.5,1
24.08.2021 00:34:49.175,8.71977,8.715810000000001,1.75,1
24.08.2021 00:34:49.341,8.71977,8.715810000000001,1.75,1
24.08.2021 00:34:49.935,8.71964,8.71559,1.5,1
24.08.2021 00:34:50.036,8.71964,8.71559,1.5,1
24.08.2021 00:35:19.128,8.71964,8.71559,1,1
24.08.2021 00:35:19.229,8.71964,8.71559,1.5,1
24.08.2021 00:35:19.392,8.71964,8.71559,1,1
24.08.2021 00:35:20.218,8.71964,8.71559,1.5,1
24.08.2021 00:35:25.456,8.71964,8.71559,1.5,1
24.08.2021 00:35:26.879,8.71964,8.71559,1.5,1
24.08.2021 00:35:55.306,8.71964,8.71559,1.5,1
24.08.2021 00:35:57.509,8.71967,8.71574,1.5,1
24.08.2021 00:35:57.615,8.71965,8.71574,1.5,1
24.08.2021 00:35:58.273,8.719710000000001,8.71574,1.5,1
24.08.2021 00:36:06.875,8.71977,8.71574,1.5,1
24.08.2021 00:36:08.224,8.71976,8.71575,1.5,1
24.08.2021 00:36:10.105,8.71978,8.71575,1.5,1
24.08.2021 00:36:10.206,8.71979,8.71574,1.5,1
24.08.2021 00:36:19.882,8.71977,8.71574,1.5,1
24.08.2021 00:36:20.157,8.71962,8.7156,1.5,1
24.08.2021 00:36:22.275,8.71969,8.715810000000001,1.5,1
24.08.2021 00:36:22.431,8.719850000000001,8.715810000000001,1.5,1
24.08.2021 00:36:22.532,8.71984,8.71582,1.5,1
24.08.2021 00:36:28.005,8.719850000000001,8.715810000000001,1.5,1
24.08.2021 00:36:45.559,8.719850000000001,8.715810000000001,1.5,1
24.08.2021 00:37:07.302,8.719850000000001,8.715810000000001,1.5,1
24.08.2021 00:37:12.632,8.719850000000001,8.715810000000001,1.5,1
24.08.2021 00:37:17.631,8.71984,8.71582,1.5,1
24.08.2021 00:37:19.783,8.71977,8.715810000000001,1.5,1
24.08.2021 00:37:19.890,8.719850000000001,8.715810000000001,1.5,1
24.08.2021 00:37:20.190,8.71977,8.715810000000001,1.5,1
24.08.2021 00:37:22.136,8.71977,8.715810000000001,1.5,1
24.08.2021 00:37:22.334,8.719850000000001,8.715810000000001,1.5,1
24.08.2021 00:37:31.352,8.71977,8.715810000000001,1.5,1
24.08.2021 00:37:31.453,8.719570000000001,8.71559,1.5,1
24.08.2021 00:37:31.554,8.719570000000001,8.71559,1.5,1
24.08.2021 00:37:32.481,8.719570000000001,8.71559,1.5,1
24.08.2021 00:37:32.665,8.719570000000001,8.71559,1.5,1
24.08.2021 00:37:37.630,8.719560000000001,8.7156,1.5,1
24.08.2021 00:37:52.283,8.719570000000001,8.71559,1.5,1
24.08.2021 00:37:57.819,8.719570000000001,8.71559,1.5,1
24.08.2021 00:37:58.830,8.71979,8.71574,1.5,1
24.08.2021 00:38:06.110,8.71979,8.71574,1.5,1
24.08.2021 00:38:06.211,8.71978,8.71575,1.5,1
24.08.2021 00:38:06.621,8.71979,8.71574,1.5,1
24.08.2021 00:38:12.484,8.71979,8.71574,1.5,1
24.08.2021 00:38:16.109,8.71979,8.71574,1.5,1
24.08.2021 00:38:16.902,8.71979,8.71574,1.5,1
24.08.2021 00:38:17.005,8.71979,8.71574,1.5,1
24.08.2021 00:38:18.634,8.71979,8.71574,1.5,1
24.08.2021 00:39:00.276,8.719930000000002,8.715770000000001,1.5,1
24.08.2021 00:39:00.377,8.7201,8.71587,1.5,1
24.08.2021 00:39:00.479,8.7201,8.71587,1.5,1
24.08.2021 00:39:00.580,8.72035,8.71585,1,1
24.08.2021 00:39:00.681,8.72044,8.71607,1.5,1
24.08.2021 00:39:00.783,8.72043,8.716700000000001,1,1
24.08.2021 00:39:00.833,8.72105,8.71699,1,1
24.08.2021 00:39:00.934,8.72172,8.717410000000001,1,1
24.08.2021 00:39:00.985,8.72185,8.71759,1.25,1
24.08.2021 00:39:01.136,8.72219,8.71787,1,1
24.08.2021 00:39:01.287,8.72219,8.71798,1,1
24.08.2021 00:39:01.337,8.72253,8.71798,1.75,1
24.08.2021 00:39:01.388,8.72253,8.71807,1.31,1
24.08.2021 00:39:01.438,8.72253,8.717960000000001,1.12,1
24.08.2021 00:39:01.539,8.722660000000001,8.717960000000001,1,1
24.08.2021 00:39:01.590,8.722660000000001,8.718300000000001,1.25,1
24.08.2021 00:39:01.691,8.723,8.71862,1.5,1
24.08.2021 00:39:01.791,8.72325,8.71841,1.75,1
24.08.2021 00:39:01.892,8.72306,8.71839,1.75,1
24.08.2021 00:39:02.106,8.72319,8.718380000000002,1.75,1
24.08.2021 00:39:02.377,8.72319,8.718820000000001,1.5,1
24.08.2021 00:39:02.478,8.72384,8.71909,1.5,1
24.08.2021 00:39:02.528,8.72384,8.71909,1,1
24.08.2021 00:39:02.579,8.723830000000001,8.718910000000001,1,1
24.08.2021 00:39:02.630,8.72384,8.718530000000001,1.5,1
24.08.2021 00:39:02.730,8.7235,8.71873,1,1
24.08.2021 00:39:02.831,8.72363,8.71873,1,1
24.08.2021 00:39:03.033,8.72363,8.71888,1,1
24.08.2021 00:39:03.184,8.72362,8.71872,1,1
24.08.2021 00:39:03.386,8.72368,8.71875,1,1
24.08.2021 00:39:03.487,8.72364,8.71875,1,1
24.08.2021 00:39:03.588,8.72384,8.718760000000001,1,1
24.08.2021 00:39:03.639,8.72385,8.71875,1.5,1
24.08.2021 00:39:03.740,8.72385,8.71875,1.5,1
24.08.2021 00:39:03.916,8.72385,8.71875,1.5,1
24.08.2021 00:39:04.017,8.7238,8.71875,1.5,1
24.08.2021 00:39:04.118,8.7238,8.71875,1,1.5
24.08.2021 00:39:04.219,8.7238,8.71875,1.5,1
24.08.2021 00:39:04.320,8.7238,8.71875,1,1
24.08.2021 00:39:04.471,8.72413,8.71875,1.5,1
24.08.2021 00:39:04.522,8.72413,8.71875,1.5,1
24.08.2021 00:39:04.757,8.72407,8.71875,1,1
24.08.2021 00:39:04.858,8.72407,8.71875,1,1.5
24.08.2021 00:39:04.959,8.72407,8.71875,1,1.5
24.08.2021 00:39:05.197,8.72407,8.71901,1,1
24.08.2021 00:39:05.298,8.72413,8.71901,1.5,1.5
24.08.2021 00:39:05.452,8.72413,8.71901,1.5,1.5
24.08.2021 00:39:06.251,8.72395,8.71901,1.5,1
24.08.2021 00:39:06.352,8.72413,8.71901,1.5,1
24.08.2021 00:39:06.453,8.72413,8.71901,1.5,1
24.08.2021 00:39:06.746,8.72413,8.71901,1.5,1
24.08.2021 00:39:06.963,8.72413,8.71901,1.5,1
24.08.2021 00:39:07.203,8.72413,8.71875,1.5,1.5
24.08.2021 00:39:07.303,8.724300000000001,8.71875,1.5,1.5
24.08.2021 00:39:07.404,8.724300000000001,8.71892,1.5,1.5
24.08.2021 00:39:07.701,8.72413,8.71902,1.5,1.5
24.08.2021 00:39:07.869,8.72413,8.71902,1.5,1.5
24.08.2021 00:39:08.204,8.72413,8.71875,1.5,1.5
24.08.2021 00:39:08.305,8.72392,8.71857,1,1
24.08.2021 00:39:08.381,8.72392,8.71857,1,1.5
24.08.2021 00:39:08.485,8.72392,8.718910000000001,1,1
24.08.2021 00:39:08.586,8.72392,8.718910000000001,1,1
24.08.2021 00:39:09.009,8.72392,8.718910000000001,1,1.5
24.08.2021 00:39:09.203,8.72392,8.718910000000001,1,1.5
24.08.2021 00:39:09.559,8.72392,8.71899,1,1
24.08.2021 00:39:09.711,8.72392,8.71899,1,1.5
24.08.2021 00:39:09.960,8.724060000000001,8.718820000000001,1,1.5
24.08.2021 00:39:10.061,8.72394,8.718820000000001,1,1.5
24.08.2021 00:39:10.118,8.723930000000001,8.718820000000001,1,1
24.08.2021 00:39:10.220,8.723780000000001,8.718820000000001,1,1
24.08.2021 00:39:10.320,8.723930000000001,8.718820000000001,1,1
24.08.2021 00:39:10.673,8.72394,8.718820000000001,1,1.5
24.08.2021 00:39:10.878,8.723980000000001,8.718610000000002,1,1
24.08.2021 00:39:10.981,8.72392,8.71849,1,1
24.08.2021 00:39:11.082,8.724010000000002,8.71869,1,1
24.08.2021 00:39:11.333,8.72404,8.71851,1,1
24.08.2021 00:39:11.384,8.72402,8.71819,1,1
24.08.2021 00:39:11.434,8.72402,8.71839,1,1
24.08.2021 00:39:11.599,8.72417,8.718710000000002,1,1
24.08.2021 00:39:12.509,8.72408,8.718710000000002,1,1.5
24.08.2021 00:39:12.610,8.72408,8.718430000000001,1,1
24.08.2021 00:39:12.768,8.72408,8.718430000000001,1,1.5
24.08.2021 00:39:12.869,8.72408,8.718710000000002,1,1
24.08.2021 00:39:13.224,8.72392,8.718350000000001,1,1
24.08.2021 00:39:13.326,8.72415,8.71836,1.5,1
24.08.2021 00:39:13.583,8.72409,8.71865,1,1
24.08.2021 00:39:15.635,8.724060000000001,8.71865,1,1.5
24.08.2021 00:39:16.258,8.724060000000001,8.71865,1,1.12
24.08.2021 00:39:17.267,8.724160000000001,8.71827,1.5,1.5
24.08.2021 00:39:17.379,8.724160000000001,8.71827,1.62,1.5
24.08.2021 00:39:17.429,8.724160000000001,8.71851,1.62,1
24.08.2021 00:39:17.530,8.72392,8.71851,1,1.5
24.08.2021 00:39:17.631,8.72405,8.71852,1,1.5
24.08.2021 00:39:18.649,8.724060000000001,8.71851,1,1.5
24.08.2021 00:39:19.213,8.7239,8.71851,1,1
24.08.2021 00:39:19.323,8.7239,8.71851,1,1.5
24.08.2021 00:39:19.427,8.7239,8.71851,1,1.5
24.08.2021 00:39:19.717,8.724060000000001,8.71851,1,1.5
24.08.2021 00:39:20.226,8.7239,8.71851,1,1
24.08.2021 00:39:20.327,8.72402,8.71851,1,1
24.08.2021 00:39:20.531,8.72407,8.71851,1,1.5
24.08.2021 00:39:21.243,8.724060000000001,8.71851,1,1.5
24.08.2021 00:39:21.344,8.724060000000001,8.71851,1,1.5
24.08.2021 00:39:21.445,8.724060000000001,8.71851,1,1.5
24.08.2021 00:39:22.261,8.72407,8.71851,1,1.5
24.08.2021 00:39:22.364,8.72407,8.71851,1,1.5
24.08.2021 00:39:22.569,8.72407,8.71851,1,1.5
24.08.2021 00:39:22.876,8.724060000000001,8.71851,1,1.5
24.08.2021 00:39:23.092,8.724060000000001,8.71851,1,1.5
24.08.2021 00:39:23.215,8.7239,8.71851,1,1.5
24.08.2021 00:39:23.316,8.72407,8.71851,1,1.5
24.08.2021 00:39:23.521,8.72407,8.71851,1,1.5
24.08.2021 00:39:24.188,8.72407,8.71851,1,1.5
24.08.2021 00:39:25.267,8.724060000000001,8.71851,1,1.5
24.08.2021 00:39:25.368,8.72409,8.71851,1,1.5
24.08.2021 00:39:25.470,8.724120000000001,8.71851,1,1.5
24.08.2021 00:39:25.571,8.7241,8.71851,1,1
24.08.2021 00:39:25.761,8.724060000000001,8.71851,1,1.5
24.08.2021 00:39:26.049,8.724060000000001,8.71851,1,1.5
24.08.2021 00:39:26.200,8.72407,8.71851,1,1.5
24.08.2021 00:39:26.390,8.72407,8.71851,1,1.5
24.08.2021 00:39:27.418,8.72404,8.71851,1,1.5
24.08.2021 00:39:27.519,8.72407,8.71851,1,1.5
24.08.2021 00:39:27.621,8.72407,8.71851,1,1.5
24.08.2021 00:39:28.219,8.7239,8.71827,1,1.5
24.08.2021 00:39:28.320,8.724120000000001,8.71827,1,1.5
24.08.2021 00:39:28.507,8.724110000000001,8.71827,1,1.5
24.08.2021 00:39:28.817,8.72409,8.71827,1,1.5
24.08.2021 00:39:28.920,8.724120000000001,8.71827,1,1.5
24.08.2021 00:39:29.263,8.7239,8.71827,1,1.5
24.08.2021 00:39:29.364,8.7239,8.71827,1,1.5
24.08.2021 00:39:29.530,8.7239,8.71827,1,1.5
24.08.2021 00:39:29.634,8.7239,8.71827,1,1.5
24.08.2021 00:39:29.884,8.7239,8.71827,1,1.5
24.08.2021 00:39:29.985,8.7239,8.71827,1,1.5
24.08.2021 00:39:30.290,8.7239,8.71827,1,1.5
24.08.2021 00:39:31.220,8.7239,8.71827,1,1.5
24.08.2021 00:39:31.272,8.7239,8.71827,1,1.5
24.08.2021 00:39:32.221,8.7239,8.71827,1,1.5
24.08.2021 00:39:32.322,8.7239,8.71827,1,1.5
24.08.2021 00:39:32.424,8.723889999999999,8.71828,1,1.5
24.08.2021 00:39:32.601,8.7239,8.71827,1,1.5
24.08.2021 00:39:32.705,8.7239,8.71827,1,1.5
24.08.2021 00:39:32.941,8.7239,8.71827,1,1.5
24.08.2021 00:39:33.221,8.72394,8.71827,1,1.12
24.08.2021 00:39:33.322,8.72394,8.71827,1,1.5
24.08.2021 00:39:33.467,8.72394,8.71827,1,1.5
24.08.2021 00:39:33.568,8.72394,8.71827,1,1
24.08.2021 00:39:33.618,8.72394,8.71827,1,1.5
24.08.2021 00:39:33.719,8.72377,8.71827,1,1.5
24.08.2021 00:39:34.020,8.72377,8.71827,1,1.5
24.08.2021 00:39:34.237,8.72377,8.71827,1,1.5
24.08.2021 00:39:35.270,8.72377,8.71827,1,1.5
24.08.2021 00:39:35.677,8.7238,8.71828,1,1.5
24.08.2021 00:39:36.149,8.72381,8.71827,1,1.5
24.08.2021 00:39:36.301,8.72381,8.71798,1,1.5
24.08.2021 00:39:36.482,8.72382,8.71797,1,1.5
24.08.2021 00:39:36.800,8.72381,8.71797,1,1.5
24.08.2021 00:39:37.480,8.72381,8.71798,1,1.5
24.08.2021 00:39:38.225,8.72382,8.71797,1,1.5
24.08.2021 00:39:38.330,8.72381,8.71798,1,1.5
24.08.2021 00:39:38.538,8.7238,8.71798,1,1.5
24.08.2021 00:39:39.227,8.72375,8.71797,1,1.5
24.08.2021 00:39:39.313,8.72382,8.71797,1,1.5
24.08.2021 00:39:39.627,8.72381,8.71797,1,1.5
24.08.2021 00:39:40.554,8.72381,8.71797,1,1.5
24.08.2021 00:39:40.850,8.72381,8.71797,1,1.5
24.08.2021 00:39:40.952,8.72381,8.71798,1,1.5
24.08.2021 00:39:41.276,8.72382,8.71797,1,1.5
24.08.2021 00:39:41.377,8.72381,8.71798,1,1.5
24.08.2021 00:39:42.281,8.7238,8.71797,1,1.5
24.08.2021 00:39:42.382,8.7238,8.71797,1,1.5
24.08.2021 00:39:42.533,8.7238,8.71797,1,1.5
24.08.2021 00:39:42.583,8.7238,8.71797,1,1.5
24.08.2021 00:39:43.234,8.723730000000002,8.71797,1,1.5
24.08.2021 00:39:43.334,8.72379,8.71797,1,1.5
24.08.2021 00:39:43.534,8.7238,8.71797,1,1.5
24.08.2021 00:39:44.227,8.72369,8.71797,1,1.5
24.08.2021 00:39:44.328,8.72379,8.71797,1,1.5
24.08.2021 00:39:45.140,8.72379,8.71797,1,1.5
24.08.2021 00:39:45.241,8.72379,8.71797,1,1.5
24.08.2021 00:39:45.575,8.7238,8.71797,1,1.5
24.08.2021 00:39:45.835,8.72415,8.71841,1,1.5
24.08.2021 00:39:45.935,8.72415,8.71872,1,1.5
24.08.2021 00:39:46.135,8.72415,8.71872,1,1.5
24.08.2021 00:39:46.238,8.72409,8.71873,1,1.5
24.08.2021 00:39:46.389,8.72399,8.71839,1,1.5
24.08.2021 00:39:46.441,8.72385,8.71839,1,1.5
24.08.2021 00:39:47.407,8.72385,8.71839,1,1.5
24.08.2021 00:39:48.229,8.72385,8.71839,1,1.5
24.08.2021 00:39:49.235,8.72379,8.71839,1,1.5
24.08.2021 00:39:49.318,8.72385,8.71839,1,1.5
24.08.2021 00:39:49.469,8.7241,8.71839,1,1.5
24.08.2021 00:39:49.620,8.724120000000001,8.7186,1,1.5
24.08.2021 00:39:49.721,8.724160000000001,8.7186,1,1.5
24.08.2021 00:39:49.771,8.72417,8.7186,1,1.5
24.08.2021 00:39:49.950,8.724160000000001,8.7186,1,1.5
24.08.2021 00:39:50.286,8.72395,8.7186,1,1.5
24.08.2021 00:39:51.501,8.72382,8.71841,1,1.5
24.08.2021 00:39:52.079,8.72382,8.71841,1,1.5
24.08.2021 00:39:52.290,8.72382,8.718110000000001,1,1.5
24.08.2021 00:39:52.391,8.72382,8.71837,1,1.5
24.08.2021 00:39:52.530,8.72382,8.71837,1,1.5
24.08.2021 00:39:52.701,8.7238,8.718380000000002,1,1.5
24.08.2021 00:39:53.038,8.72381,8.718760000000001,1,1.5
24.08.2021 00:39:53.098,8.72415,8.71877,1,1.5
24.08.2021 00:39:53.249,8.72377,8.71842,1,1.5
24.08.2021 00:39:53.350,8.72384,8.718430000000001,1,1.5
24.08.2021 00:39:54.240,8.72385,8.71842,1,1.5
24.08.2021 00:39:54.449,8.72384,8.71842,1,1.5
24.08.2021 00:39:57.294,8.72385,8.71842,1,1.5
24.08.2021 00:39:57.445,8.72372,8.71842,1,1.5
24.08.2021 00:39:57.546,8.72372,8.71842,1,1
24.08.2021 00:39:58.428,8.72368,8.718430000000001,1,1
24.08.2021 00:39:58.630,8.72369,8.71842,1,1
24.08.2021 00:39:58.730,8.72368,8.718430000000001,1,1
24.08.2021 00:40:06.077,8.72372,8.718430000000001,1,1
24.08.2021 00:40:15.748,8.723730000000002,8.71842,1,1
24.08.2021 00:40:25.105,8.723730000000002,8.71842,1,1.12
24.08.2021 00:40:30.851,8.723889999999999,8.71842,1,1.12
24.08.2021 00:40:30.952,8.72397,8.71842,1,1
24.08.2021 00:40:31.053,8.723960000000002,8.718430000000001,1,1
24.08.2021 00:40:31.154,8.72397,8.71842,1,1
24.08.2021 00:40:31.643,8.72397,8.71842,1,1.5
24.08.2021 00:40:31.851,8.72397,8.71842,1,1.5
24.08.2021 00:40:31.955,8.72397,8.71842,1,1.5
24.08.2021 00:40:38.407,8.72397,8.71842,1,1.5
24.08.2021 00:40:42.627,8.72408,8.71842,1,1.5
24.08.2021 00:41:31.873,8.72433,8.7188,1.5,1
24.08.2021 00:41:36.057,8.72433,8.7188,1.5,1
24.08.2021 00:41:36.161,8.72433,8.7188,1.5,1
24.08.2021 00:41:39.740,8.72447,8.7188,1,1
24.08.2021 00:41:42.185,8.72447,8.7188,1,1
24.08.2021 00:41:44.743,8.72447,8.7188,1,1
24.08.2021 00:41:44.845,8.72447,8.7188,1,1
24.08.2021 00:41:53.299,8.72447,8.7188,1,1
24.08.2021 00:41:53.418,8.72447,8.7188,1,1
24.08.2021 00:41:54.819,8.72447,8.7188,1,1
24.08.2021 00:41:56.761,8.72447,8.7188,1,1
24.08.2021 00:42:28.738,8.72442,8.71827,1,1.5
24.08.2021 00:42:28.889,8.72442,8.71827,1,1.5
24.08.2021 00:42:29.084,8.72442,8.71827,1,1.5
24.08.2021 00:42:29.335,8.72433,8.718589999999999,1.5,1.5
24.08.2021 00:42:35.224,8.72436,8.718589999999999,1,1.5
24.08.2021 00:42:43.886,8.724580000000001,8.718589999999999,1,1.5
24.08.2021 00:42:44.783,8.724630000000001,8.7186,1,1.5
24.08.2021 00:42:45.798,8.724639999999999,8.718589999999999,1,1.5
24.08.2021 00:42:49.789,8.72457,8.718589999999999,1,1.5
24.08.2021 00:42:50.757,8.72494,8.71889,1,1.5
24.08.2021 00:42:50.857,8.72508,8.71911,1,1.5
24.08.2021 00:42:51.353,8.72483,8.71911,1.5,1.5
24.08.2021 00:42:51.522,8.72483,8.71911,1.5,1.5
24.08.2021 00:42:51.645,8.72483,8.71911,1.5,1.5
24.08.2021 00:42:51.837,8.72483,8.71911,1.5,1.5
24.08.2021 00:42:52.026,8.7249,8.71911,1.5,1.5
24.08.2021 00:42:52.227,8.7249,8.71911,1.5,1.5
24.08.2021 00:42:56.328,8.724920000000001,8.71911,1.5,1.5
24.08.2021 00:42:56.710,8.724920000000001,8.71911,1.5,1.5
24.08.2021 00:42:57.325,8.724920000000001,8.71911,1.5,1.5
24.08.2021 00:43:00.259,8.72493,8.71911,1.5,1.5
24.08.2021 00:43:01.117,8.72529,8.719410000000002,1.5,1.5
24.08.2021 00:43:01.174,8.72529,8.719410000000002,1.5,1.5
24.08.2021 00:43:01.275,8.725410000000002,8.719410000000002,1.5,1.5
24.08.2021 00:43:01.376,8.725410000000002,8.719460000000002,1.5,1.5
24.08.2021 00:43:01.527,8.72525,8.719460000000002,1.5,1.5
24.08.2021 00:43:01.578,8.72513,8.719460000000002,1.5,1.5
24.08.2021 00:43:01.779,8.72513,8.719460000000002,1.5,1.5
24.08.2021 00:43:02.090,8.725010000000001,8.719460000000002,1.5,1.5
24.08.2021 00:43:02.379,8.725010000000001,8.719460000000002,1.5,1.5
24.08.2021 00:43:04.915,8.724960000000001,8.71947,1.5,1.5
24.08.2021 00:43:10.112,8.725,8.719460000000002,1.5,1.5
24.08.2021 00:43:18.513,8.72504,8.719410000000002,1.5,1.5
24.08.2021 00:43:18.632,8.72504,8.719410000000002,1.5,1.5
24.08.2021 00:43:20.126,8.72511,8.719410000000002,1.5,1.5
24.08.2021 00:43:21.360,8.72511,8.719410000000002,1.5,1.5
24.08.2021 00:43:23.075,8.725230000000002,8.719410000000002,1.5,1.5
24.08.2021 00:43:23.176,8.725230000000002,8.719410000000002,1.5,1.5
24.08.2021 00:43:23.282,8.72511,8.719410000000002,1.5,1.5
24.08.2021 00:43:25.797,8.72508,8.719410000000002,1.5,1.5
24.08.2021 00:43:26.102,8.72508,8.719410000000002,1.5,1.5
24.08.2021 00:43:26.879,8.725100000000001,8.719180000000001,1.5,1.5
24.08.2021 00:43:26.929,8.72489,8.71926,1.5,1.5
24.08.2021 00:43:27.025,8.72489,8.71926,1.5,1.5
24.08.2021 00:43:27.982,8.72485,8.71926,1.5,1.5
24.08.2021 00:43:29.777,8.72485,8.71926,1.5,1.5
24.08.2021 00:43:32.960,8.72485,8.71926,1.5,1.5
24.08.2021 00:43:33.678,8.72485,8.71926,1.5,1.5
24.08.2021 00:43:34.390,8.72485,8.71926,1.5,1.5
24.08.2021 00:43:37.143,8.72484,8.71927,1.5,1.5
24.08.2021 00:43:37.573,8.72507,8.719360000000002,1,1.5
24.08.2021 00:43:37.674,8.72511,8.719360000000002,1.5,1.5
24.08.2021 00:43:37.756,8.725100000000001,8.71937,1.5,1.5
24.08.2021 00:43:37.856,8.72511,8.719360000000002,1.5,1.5
24.08.2021 00:43:37.959,8.725100000000001,8.71937,1.5,1.5
24.08.2021 00:43:38.062,8.72511,8.719360000000002,1.5,1.5
24.08.2021 00:43:43.182,8.72504,8.719360000000002,1.5,1.5
24.08.2021 00:43:43.282,8.72504,8.719360000000002,1.5,1.5
24.08.2021 00:43:51.284,8.72524,8.719360000000002,1,1.5
24.08.2021 00:43:53.804,8.72524,8.719360000000002,1,1.5
24.08.2021 00:43:58.183,8.72524,8.719180000000001,1,1.5
24.08.2021 00:44:02.501,8.725,8.719180000000001,1.5,1.5
24.08.2021 00:44:02.602,8.72489,8.719180000000001,1.5,1.5
24.08.2021 00:44:02.703,8.72489,8.719180000000001,1.5,1.5
24.08.2021 00:44:02.887,8.72489,8.719180000000001,1.5,1.5
24.08.2021 00:44:03.023,8.72489,8.719180000000001,1.5,1.5
24.08.2021 00:44:03.297,8.72493,8.719180000000001,1.5,1.5
24.08.2021 00:44:04.770,8.72485,8.719180000000001,1.5,1.5
24.08.2021 00:44:04.870,8.72485,8.719180000000001,1.5,1.5
24.08.2021 00:44:05.149,8.72485,8.719180000000001,1.5,1.5
24.08.2021 00:44:05.256,8.72485,8.719180000000001,1.5,1.5
24.08.2021 00:44:07.716,8.72485,8.719180000000001,1.5,1.5
24.08.2021 00:44:08.503,8.72493,8.719180000000001,1.5,1.5
24.08.2021 00:44:11.556,8.72493,8.719180000000001,1.5,1.5
24.08.2021 00:44:12.684,8.72493,8.719180000000001,1.5,1.5
24.08.2021 00:44:13.625,8.72493,8.719180000000001,1.5,1.5
24.08.2021 00:44:13.917,8.72493,8.719180000000001,1.5,1.5
24.08.2021 00:44:14.119,8.72493,8.719360000000002,1.5,1.5
24.08.2021 00:44:19.640,8.72488,8.71919,1.5,1.5
24.08.2021 00:44:19.741,8.72489,8.719180000000001,1.5,1.5
24.08.2021 00:44:20.074,8.72489,8.719180000000001,1.5,1.5
24.08.2021 00:44:20.530,8.72489,8.719180000000001,1.5,1.5
24.08.2021 00:44:21.184,8.72489,8.719180000000001,1.5,1.5
24.08.2021 00:44:21.341,8.72489,8.719180000000001,1.5,1.5
24.08.2021 00:44:22.982,8.725,8.719180000000001,1.5,1.5
24.08.2021 00:44:23.287,8.72508,8.719180000000001,1.5,1.5
24.08.2021 00:44:26.144,8.72508,8.719180000000001,1.5,1.5
24.08.2021 00:44:26.296,8.72489,8.719180000000001,1.5,1.5
24.08.2021 00:44:26.447,8.72489,8.719180000000001,1.5,1.5
24.08.2021 00:44:26.650,8.72488,8.71919,1.5,1.5
24.08.2021 00:44:27.261,8.72489,8.719180000000001,1.5,1.5
24.08.2021 00:44:31.176,8.72489,8.719180000000001,1.5,1.5
24.08.2021 00:44:32.390,8.72493,8.719180000000001,1.5,1.5
24.08.2021 00:44:39.325,8.72494,8.719180000000001,1.5,1.5
24.08.2021 00:44:40.957,8.72494,8.71919,1.5,1.5
24.08.2021 00:44:43.525,8.725,8.719180000000001,1.5,1.5
24.08.2021 00:44:46.129,8.725,8.719339999999999,1.5,1.5
24.08.2021 00:44:46.914,8.72511,8.719339999999999,1.5,1.5
24.08.2021 00:45:22.348,8.725150000000001,8.719339999999999,1.5,1.5
24.08.2021 00:45:27.965,8.72504,8.71937,1.5,1.5
24.08.2021 00:45:38.135,8.72502,8.719360000000002,1.5,1.5
24.08.2021 00:45:38.235,8.72502,8.719360000000002,1.5,1.5
24.08.2021 00:45:38.499,8.725010000000001,8.71937,1.5,1.5
24.08.2021 00:45:38.901,8.72502,8.719360000000002,1.5,1.5
24.08.2021 00:45:40.534,8.725050000000001,8.719360000000002,1.5,1.5
24.08.2021 00:45:40.864,8.72502,8.719360000000002,1.5,1.5
24.08.2021 00:45:40.940,8.72502,8.719360000000002,1.5,1.5
24.08.2021 00:45:41.041,8.72502,8.719360000000002,1.5,1.5
24.08.2021 00:45:45.270,8.72497,8.719360000000002,1.5,1.5
24.08.2021 00:45:45.371,8.72494,8.719360000000002,1.5,1.5
24.08.2021 00:45:45.733,8.72494,8.719360000000002,1.5,1.5
24.08.2021 00:45:47.287,8.72498,8.719360000000002,1.5,1.5
24.08.2021 00:45:47.991,8.72502,8.719360000000002,1.5,1.5
24.08.2021 00:45:49.543,8.72498,8.719360000000002,1.5,1.5
24.08.2021 00:45:49.931,8.72498,8.719360000000002,1.5,1.5
24.08.2021 00:45:50.032,8.72502,8.719360000000002,1.5,1.5
24.08.2021 00:45:50.137,8.72502,8.719360000000002,1.5,1.5
24.08.2021 00:45:51.537,8.725010000000001,8.719360000000002,1.5,1.5
24.08.2021 00:45:51.743,8.72512,8.719360000000002,1.5,1.5
24.08.2021 00:45:51.981,8.72512,8.719360000000002,1.5,1.5
24.08.2021 00:45:57.440,8.72513,8.719360000000002,1.5,1.5
24.08.2021 00:45:57.543,8.72512,8.71937,1.5,1.5
24.08.2021 00:46:07.335,8.72513,8.719339999999999,1.5,1.5
24.08.2021 00:46:13.189,8.72511,8.71935,1.5,1.5
24.08.2021 00:46:23.200,8.72504,8.719339999999999,1.5,1.5
24.08.2021 00:46:23.345,8.72504,8.719339999999999,1.5,1.5
24.08.2021 00:46:25.546,8.72474,8.719339999999999,1,1.5
24.08.2021 00:46:25.846,8.72502,8.719339999999999,1.5,1.5
24.08.2021 00:46:26.732,8.72502,8.719339999999999,1.5,1.5
24.08.2021 00:46:27.273,8.72503,8.719339999999999,1.5,1.5
24.08.2021 00:46:28.505,8.72503,8.719339999999999,1.5,1.5
24.08.2021 00:46:28.691,8.72503,8.719339999999999,1.5,1.5
24.08.2021 00:46:28.897,8.72504,8.719339999999999,1.5,1.5
24.08.2021 00:46:30.010,8.725,8.71935,1.5,1.5
24.08.2021 00:46:38.376,8.72475,8.719339999999999,1,1.5
24.08.2021 00:46:39.453,8.72474,8.719339999999999,1,1.5
24.08.2021 00:46:41.926,8.72475,8.719339999999999,1,1.5
24.08.2021 00:46:42.770,8.724760000000002,8.719339999999999,1.12,1.5
24.08.2021 00:46:46.350,8.72472,8.719339999999999,1,1.5
24.08.2021 00:46:46.898,8.724760000000002,8.719339999999999,1.12,1.5
24.08.2021 00:46:47.959,8.7248,8.719339999999999,1.5,1.5
24.08.2021 00:46:52.321,8.72482,8.719339999999999,1.5,1.5
24.08.2021 00:46:52.836,8.72479,8.719339999999999,1.5,1.5
24.08.2021 00:46:58.220,8.724810000000002,8.719339999999999,1.5,1.5
24.08.2021 00:47:11.898,8.72478,8.71952,1.5,1.5
24.08.2021 00:47:11.999,8.72477,8.71953,1,1.5
24.08.2021 00:47:12.200,8.72478,8.720089999999999,1,1
24.08.2021 00:47:12.251,8.724920000000001,8.720089999999999,1.5,1
24.08.2021 00:47:12.301,8.724920000000001,8.72039,1,1
24.08.2021 00:47:12.352,8.72522,8.72039,1,1
24.08.2021 00:47:12.452,8.7253,8.72061,1,1
24.08.2021 00:47:14.602,8.72534,8.72061,1,1
24.08.2021 00:47:18.399,8.72526,8.72061,1,1
24.08.2021 00:47:23.067,8.72521,8.72061,1,1
24.08.2021 00:47:23.619,8.72525,8.72061,1.5,1
24.08.2021 00:47:24.223,8.72521,8.72061,1,1
24.08.2021 00:47:24.900,8.72519,8.72061,1.25,1
24.08.2021 00:47:25.880,8.72514,8.72061,1.25,1
24.08.2021 00:47:29.751,8.72516,8.72061,1.25,1
24.08.2021 00:47:30.258,8.72517,8.72061,1.25,1
24.08.2021 00:47:31.686,8.72511,8.72039,1,1.5
24.08.2021 00:47:31.787,8.725060000000001,8.72039,1,1.5
24.08.2021 00:47:32.371,8.725100000000001,8.72039,1,1.5
24.08.2021 00:47:33.548,8.72507,8.72039,1,1.5
24.08.2021 00:47:34.102,8.72508,8.72039,1,1.5
24.08.2021 00:47:34.679,8.725060000000001,8.7204,1,1.5
24.08.2021 00:47:35.556,8.72509,8.72039,1,1.5
24.08.2021 00:47:36.137,8.725100000000001,8.72039,1,1.5
24.08.2021 00:47:37.373,8.725100000000001,8.72039,1,1.5
24.08.2021 00:47:37.529,8.72507,8.72039,1,1.5
24.08.2021 00:47:39.754,8.72503,8.72039,1,1.5
24.08.2021 00:47:40.032,8.724920000000001,8.72039,1.25,1.5
24.08.2021 00:47:40.605,8.724920000000001,8.72039,1.25,1.5
24.08.2021 00:47:40.714,8.72488,8.72039,1.25,1.5
24.08.2021 00:47:41.413,8.72484,8.720180000000001,1.25,1.5
24.08.2021 00:47:42.527,8.72484,8.720180000000001,1.25,1.5
24.08.2021 00:47:42.578,8.72488,8.720180000000001,1.25,1.5
24.08.2021 00:47:43.145,8.72488,8.720180000000001,1.25,1.5
24.08.2021 00:47:43.326,8.72484,8.720180000000001,1.25,1.5
24.08.2021 00:47:45.195,8.72484,8.720180000000001,1.25,1.5
24.08.2021 00:47:45.505,8.72484,8.720180000000001,1.25,1.5
24.08.2021 00:47:47.547,8.72488,8.720180000000001,1.25,1.5
24.08.2021 00:47:52.853,8.724870000000001,8.72019,1,1.5
24.08.2021 00:47:52.954,8.72488,8.720180000000001,1,1.5
24.08.2021 00:47:55.309,8.72484,8.720180000000001,1,1.5
24.08.2021 00:47:55.913,8.724920000000001,8.720180000000001,1,1.5
24.08.2021 00:47:56.181,8.724920000000001,8.720180000000001,1,1.5
24.08.2021 00:47:56.231,8.724810000000002,8.720089999999999,1,1.5
24.08.2021 00:47:56.332,8.724680000000001,8.7201,1,1.5
24.08.2021 00:47:56.382,8.72469,8.720089999999999,1,1.5
24.08.2021 00:47:56.433,8.724660000000002,8.71994,1,1.5
24.08.2021 00:47:56.534,8.724660000000002,8.71994,1,1.5
24.08.2021 00:47:56.866,8.72461,8.71995,1,1.5
24.08.2021 00:47:57.395,8.724580000000001,8.71994,1,1.5
24.08.2021 00:47:57.597,8.724580000000001,8.71994,1,1.5
24.08.2021 00:47:57.953,8.72455,8.71994,1,1.5
24.08.2021 00:47:59.230,8.72451,8.71994,1,1.5
24.08.2021 00:48:01.787,8.72451,8.71994,1,1.5
24.08.2021 00:48:02.972,8.72451,8.71994,1,1.5
24.08.2021 00:48:08.803,8.72436,8.71965,1,1.5
24.08.2021 00:48:08.853,8.72436,8.71964,1,1.5
24.08.2021 00:48:08.904,8.72425,8.71964,1,1.5
24.08.2021 00:48:08.954,8.72425,8.71964,1,1.5
24.08.2021 00:48:09.145,8.72425,8.71964,1,1.5
24.08.2021 00:48:09.366,8.72425,8.71964,1,1.5
24.08.2021 00:48:09.421,8.72414,8.71964,1,1.5
24.08.2021 00:48:09.964,8.72417,8.71964,1,1.5
24.08.2021 00:48:10.621,8.72414,8.71964,1,1.5
24.08.2021 00:48:11.227,8.7241,8.71964,1,1.5
24.08.2021 00:48:11.824,8.72414,8.71964,1,1.5
24.08.2021 00:48:12.781,8.72417,8.71964,1,1.5
24.08.2021 00:48:14.714,8.72417,8.71964,1,1.5
24.08.2021 00:48:15.241,8.724160000000001,8.71965,1,1.5
24.08.2021 00:48:16.960,8.72414,8.71964,1,1.5
24.08.2021 00:48:17.511,8.724210000000001,8.71964,1,1.5
24.08.2021 00:48:18.922,8.72417,8.71964,1,1.5
24.08.2021 00:48:19.634,8.724210000000001,8.71964,1,1.5
24.08.2021 00:48:20.326,8.72417,8.71964,1,1.5
24.08.2021 00:48:21.862,8.72417,8.71964,1.25,1
24.08.2021 00:48:21.969,8.72417,8.71964,1.25,1.5
24.08.2021 00:48:22.237,8.72417,8.71964,1.25,1
24.08.2021 00:48:26.052,8.72414,8.71964,1.25,1
24.08.2021 00:48:26.985,8.72417,8.71964,1.25,1
24.08.2021 00:48:28.304,8.72414,8.71964,1.25,1
24.08.2021 00:48:30.079,8.72417,8.71964,1,1
24.08.2021 00:48:38.243,8.724210000000001,8.71964,1,1
24.08.2021 00:48:45.223,8.72437,8.71964,1,1
24.08.2021 00:48:45.886,8.72414,8.71964,1.25,1
24.08.2021 00:48:45.987,8.72414,8.71964,1,1.5
24.08.2021 00:48:46.141,8.72425,8.71964,1.25,1
24.08.2021 00:48:46.442,8.72425,8.71964,1.25,1.5
24.08.2021 00:48:46.667,8.72428,8.71965,1.25,1.5
24.08.2021 00:48:47.157,8.72429,8.71964,1.25,1.5
24.08.2021 00:48:47.896,8.72432,8.71979,1.25,1
24.08.2021 00:48:48.059,8.72447,8.71979,1,1
24.08.2021 00:48:48.311,8.72452,8.71979,1,1.5
24.08.2021 00:48:52.152,8.72452,8.71979,1,1.5
24.08.2021 00:48:53.390,8.72452,8.71979,1,1.5
24.08.2021 00:48:53.891,8.72452,8.71979,1,1.5
24.08.2021 00:49:00.906,8.72452,8.71979,1,1.5
24.08.2021 00:49:01.163,8.72451,8.71989,1,1
24.08.2021 00:49:01.264,8.72452,8.72002,1,1
24.08.2021 00:49:01.382,8.72452,8.720089999999999,1,1
24.08.2021 00:49:01.533,8.72467,8.72017,1,1
24.08.2021 00:49:01.584,8.724660000000002,8.72047,1,1
24.08.2021 00:49:01.835,8.724810000000002,8.72061,1,1
24.08.2021 00:49:22.233,8.724730000000001,8.72054,1,1
24.08.2021 00:49:44.907,8.72459,8.720320000000001,1,1
24.08.2021 00:50:43.187,8.72457,8.72024,1,1.5
24.08.2021 00:50:43.287,8.72457,8.72024,1,1
24.08.2021 00:51:11.238,8.72455,8.72024,1,1
24.08.2021 00:51:11.591,8.72455,8.72024,1,1.5
24.08.2021 00:51:12.075,8.72455,8.72024,1,1.5
24.08.2021 00:51:13.261,8.72456,8.72033,1,1
24.08.2021 00:51:17.291,8.72456,8.72033,1,1.5
24.08.2021 00:51:21.888,8.72456,8.72033,1,1
24.08.2021 00:51:26.813,8.723980000000001,8.719930000000002,1,2.75
24.08.2021 00:51:26.915,8.72408,8.71952,1,1
24.08.2021 00:51:26.966,8.72403,8.71952,1,1
24.08.2021 00:51:27.017,8.72403,8.71952,1,1
24.08.2021 00:51:31.179,8.72403,8.7196,1,1
24.08.2021 00:51:34.326,8.72403,8.7196,1,1
24.08.2021 00:51:35.008,8.72403,8.71965,1,1
24.08.2021 00:51:38.564,8.72403,8.71964,1,1
24.08.2021 00:51:38.780,8.72403,8.71962,1,1
24.08.2021 00:51:39.598,8.72405,8.71958,1,1
24.08.2021 00:51:40.501,8.72405,8.71962,1,1
24.08.2021 00:51:41.032,8.72382,8.71916,1,1.5
24.08.2021 00:51:41.133,8.724010000000002,8.71916,1,1.5
24.08.2021 00:51:41.939,8.724010000000002,8.71958,1,1
24.08.2021 00:51:43.654,8.72377,8.71911,1,1
24.08.2021 00:51:43.756,8.72375,8.71911,1,1
24.08.2021 00:51:43.857,8.72375,8.71911,1,1
24.08.2021 00:51:44.182,8.72375,8.71911,1,1
24.08.2021 00:51:44.233,8.72356,8.71911,1,1
24.08.2021 00:51:44.468,8.72356,8.71911,1,1
24.08.2021 00:51:45.901,8.72356,8.71911,1,1
24.08.2021 00:51:52.432,8.72356,8.71911,1,1
24.08.2021 00:51:54.403,8.72356,8.71911,1,1
24.08.2021 00:52:02.458,8.72356,8.71906,1,1.5
24.08.2021 00:52:09.287,8.72385,8.71907,1,1.5
24.08.2021 00:52:09.337,8.72386,8.719280000000001,1,1
24.08.2021 00:52:09.438,8.72386,8.71926,1,1.5
24.08.2021 00:52:09.590,8.72386,8.71926,1,1.5
24.08.2021 00:52:09.700,8.72386,8.71926,1,1.5
24.08.2021 00:52:11.694,8.72386,8.71926,1,1.5
24.08.2021 00:52:11.895,8.72386,8.71926,1,1.5
24.08.2021 00:52:14.539,8.72385,8.71927,1,1.5
24.08.2021 00:52:15.154,8.72386,8.71926,1,1.5
24.08.2021 00:52:15.757,8.72386,8.71926,1,1.5
24.08.2021 00:52:18.927,8.72386,8.71926,1,1.5
24.08.2021 00:52:23.446,8.72386,8.71917,1,1
24.08.2021 00:52:24.449,8.72386,8.71917,1,1
24.08.2021 00:52:27.653,8.72386,8.71926,1,1.5
24.08.2021 00:52:27.754,8.72386,8.719380000000001,1,1
24.08.2021 00:52:32.500,8.72386,8.719380000000001,1,1
24.08.2021 00:52:33.828,8.72386,8.719380000000001,1,1
24.08.2021 00:52:37.711,8.72385,8.719380000000001,1,1
24.08.2021 00:52:43.285,8.72419,8.71937,1,1
24.08.2021 00:52:43.436,8.72419,8.719380000000001,1,1
24.08.2021 00:52:43.608,8.72419,8.719380000000001,1,1
24.08.2021 00:52:44.019,8.72419,8.7193,1,1
24.08.2021 00:52:46.987,8.72419,8.7193,1,1
24.08.2021 00:52:47.037,8.72428,8.7193,1,1
24.08.2021 00:52:47.088,8.72439,8.7193,1,1
24.08.2021 00:52:47.189,8.72475,8.71972,1,1
24.08.2021 00:52:47.289,8.7249,8.71976,1,1.5
24.08.2021 00:52:47.340,8.72479,8.71979,1,1
24.08.2021 00:52:47.544,8.72479,8.719850000000001,1,1
24.08.2021 00:52:47.882,8.724910000000001,8.719850000000001,1,1
24.08.2021 00:52:47.933,8.724910000000001,8.719850000000001,1,1
24.08.2021 00:52:48.084,8.724910000000001,8.71992,1,1
24.08.2021 00:52:48.308,8.724910000000001,8.71992,1,1
24.08.2021 00:52:48.430,8.724920000000001,8.71992,1,1
24.08.2021 00:52:48.613,8.724920000000001,8.71992,1,1
24.08.2021 00:52:49.046,8.724920000000001,8.71992,1,1
24.08.2021 00:52:49.223,8.724920000000001,8.71992,1,1
24.08.2021 00:52:50.032,8.724920000000001,8.71992,1,1
24.08.2021 00:52:50.131,8.724920000000001,8.71992,1,1
24.08.2021 00:52:50.835,8.724920000000001,8.71992,1,1
24.08.2021 00:52:51.366,8.724920000000001,8.71992,1,1
24.08.2021 00:52:52.047,8.724920000000001,8.71992,1,1
24.08.2021 00:52:52.250,8.724920000000001,8.71992,1,1
24.08.2021 00:52:52.351,8.72508,8.719980000000001,1,1
24.08.2021 00:52:52.401,8.72509,8.71997,1,1
24.08.2021 00:52:52.502,8.72509,8.71999,1,1
24.08.2021 00:52:52.553,8.72509,8.71999,1,1
24.08.2021 00:52:55.099,8.72509,8.71999,1,1
24.08.2021 00:52:56.461,8.72509,8.71996,1,1
24.08.2021 00:52:57.245,8.72502,8.71996,1,1
24.08.2021 00:52:57.783,8.72498,8.71996,1,1
24.08.2021 00:52:59.189,8.72498,8.71996,1,1
24.08.2021 00:52:59.240,8.72502,8.71996,1,1
24.08.2021 00:52:59.290,8.72502,8.71996,1,1
24.08.2021 00:52:59.688,8.72509,8.71996,1,1
24.08.2021 00:52:59.870,8.72509,8.71996,1,1
24.08.2021 00:53:00.288,8.725230000000002,8.71996,1,1.62
24.08.2021 00:53:00.389,8.725230000000002,8.72033,1,1
24.08.2021 00:53:00.579,8.725230000000002,8.72033,1,1
24.08.2021 00:53:00.782,8.725230000000002,8.72033,1,1
24.08.2021 00:53:01.023,8.725230000000002,8.72033,1,1
24.08.2021 00:53:01.124,8.725230000000002,8.72033,1,1
24.08.2021 00:53:01.489,8.725230000000002,8.72033,1,1
24.08.2021 00:53:01.808,8.725230000000002,8.72033,1,1
24.08.2021 00:53:02.102,8.725230000000002,8.72033,1,1
24.08.2021 00:53:02.205,8.725230000000002,8.720260000000001,1,1
24.08.2021 00:53:02.356,8.725230000000002,8.71996,1,1.5
24.08.2021 00:53:02.406,8.72518,8.719930000000002,1,1
24.08.2021 00:53:02.507,8.72507,8.719930000000002,1,1
24.08.2021 00:53:02.608,8.72507,8.71989,1,1
24.08.2021 00:53:02.814,8.72507,8.71989,1,1
24.08.2021 00:53:03.044,8.72499,8.71989,1,1
24.08.2021 00:53:03.161,8.72499,8.71989,1,1
24.08.2021 00:53:03.434,8.72499,8.71989,1,1
24.08.2021 00:53:03.561,8.72493,8.71989,1,1
24.08.2021 00:53:04.876,8.724910000000001,8.71989,1,1
24.08.2021 00:53:05.418,8.7249,8.71989,1,1
24.08.2021 00:53:06.021,8.72489,8.71989,1,1
24.08.2021 00:53:06.372,8.72488,8.7199,1,1
24.08.2021 00:53:06.582,8.724870000000001,8.7199,1,1
24.08.2021 00:53:07.091,8.72488,8.71989,1,1
24.08.2021 00:53:07.141,8.72485,8.7199,1,1
24.08.2021 00:53:08.186,8.72489,8.71989,1,1
24.08.2021 00:53:08.237,8.72489,8.71989,1,1
24.08.2021 00:53:08.418,8.72489,8.71989,1,1
24.08.2021 00:53:08.745,8.724860000000001,8.71989,1,1
24.08.2021 00:53:09.294,8.72483,8.71989,1,1
24.08.2021 00:53:09.344,8.72483,8.71989,1,1
24.08.2021 00:53:09.640,8.72483,8.71989,1,1
24.08.2021 00:53:09.888,8.724860000000001,8.71989,1,1
24.08.2021 00:53:10.044,8.724860000000001,8.71989,1,1
24.08.2021 00:53:10.355,8.724860000000001,8.71989,1,1
24.08.2021 00:53:10.540,8.72484,8.71989,1,1
24.08.2021 00:53:10.591,8.72484,8.71989,1,1
24.08.2021 00:53:10.767,8.72484,8.71989,1,1
24.08.2021 00:53:11.073,8.72484,8.71989,1,1
24.08.2021 00:53:11.343,8.724860000000001,8.71989,1,1
24.08.2021 00:53:11.599,8.724860000000001,8.71989,1,1
24.08.2021 00:53:12.080,8.724810000000002,8.71989,1,1
24.08.2021 00:53:12.131,8.724810000000002,8.71989,1,1
24.08.2021 00:53:12.307,8.724810000000002,8.71989,1,1
24.08.2021 00:53:12.646,8.72478,8.71989,1,1
24.08.2021 00:53:12.919,8.72478,8.71989,1,1
24.08.2021 00:53:13.205,8.72482,8.71989,1,1
24.08.2021 00:53:15.265,8.72485,8.71989,1,1
24.08.2021 00:53:16.168,8.72483,8.71989,1,1
24.08.2021 00:53:16.414,8.72483,8.71989,1,1
24.08.2021 00:53:16.514,8.72483,8.71989,1,1
24.08.2021 00:53:16.733,8.7248,8.719850000000001,1,1
24.08.2021 00:53:17.314,8.7247,8.71977,1,1
24.08.2021 00:53:17.365,8.7247,8.71977,1,1
24.08.2021 00:53:17.466,8.7247,8.71977,1,1
24.08.2021 00:53:17.516,8.72457,8.719610000000001,1,1
24.08.2021 00:53:17.567,8.72457,8.719610000000001,1,1
24.08.2021 00:53:17.738,8.72457,8.719610000000001,1,1
24.08.2021 00:53:18.120,8.72451,8.719610000000001,1,1
24.08.2021 00:53:19.057,8.7245,8.71952,1,1
24.08.2021 00:53:19.843,8.72449,8.71952,1,1
24.08.2021 00:53:21.093,8.724480000000002,8.71952,1,1
24.08.2021 00:53:21.143,8.724480000000002,8.71952,1,1
24.08.2021 00:53:22.429,8.724480000000002,8.71952,1,1
24.08.2021 00:53:22.953,8.724480000000002,8.71953,1,1
24.08.2021 00:53:23.499,8.7245,8.71952,1,1
24.08.2021 00:53:24.045,8.72449,8.71955,1,1
24.08.2021 00:53:24.591,8.72447,8.719560000000001,1,1
24.08.2021 00:53:27.344,8.72444,8.719360000000002,1,1.5
24.08.2021 00:53:27.445,8.72444,8.719360000000002,1,1.5
24.08.2021 00:53:27.900,8.72449,8.719360000000002,1,1.5
24.08.2021 00:53:28.512,8.72447,8.719360000000002,1,1.5
24.08.2021 00:53:29.360,8.72446,8.719360000000002,1,1.5
24.08.2021 00:53:30.083,8.72444,8.719360000000002,1,1.5
24.08.2021 00:53:30.133,8.72444,8.719360000000002,1,1.5
24.08.2021 00:53:30.285,8.72444,8.719360000000002,1,1.5
24.08.2021 00:53:30.615,8.72442,8.719360000000002,1,1.5
24.08.2021 00:53:31.973,8.72443,8.719360000000002,1,1.5
24.08.2021 00:53:32.524,8.72439,8.719360000000002,1,1.5
24.08.2021 00:53:33.082,8.72437,8.719360000000002,1,1.5
24.08.2021 00:53:33.629,8.724310000000001,8.719360000000002,1,1.5
24.08.2021 00:53:35.711,8.72437,8.719360000000002,1,1.5
24.08.2021 00:53:36.345,8.72433,8.71986,1,1.5
24.08.2021 00:53:36.395,8.72467,8.71986,1,1.5
24.08.2021 00:53:36.446,8.724810000000002,8.71986,1,1.5
24.08.2021 00:53:36.496,8.724810000000002,8.71986,1,1.5
24.08.2021 00:53:36.748,8.724920000000001,8.71986,1,1.5
24.08.2021 00:53:37.271,8.7248,8.71986,1,1.5
24.08.2021 00:53:38.239,8.72479,8.71986,1,1.5
24.08.2021 00:53:38.749,8.72478,8.71986,1,1.5
24.08.2021 00:53:39.305,8.7248,8.71986,1,1.5
24.08.2021 00:53:40.058,8.72478,8.71986,1,1.5
24.08.2021 00:53:40.611,8.72479,8.71986,1,1.5
24.08.2021 00:53:41.259,8.7248,8.71986,1,1.5
24.08.2021 00:53:42.253,8.72479,8.71986,1,1.5
24.08.2021 00:53:42.371,8.72467,8.71986,1,1.5
24.08.2021 00:53:42.522,8.72467,8.71986,1,1.5
24.08.2021 00:53:42.623,8.724660000000002,8.71987,1,1.5
24.08.2021 00:53:42.868,8.72465,8.71986,1,1.5
24.08.2021 00:53:43.422,8.724630000000001,8.71986,1,1.5
24.08.2021 00:53:49.299,8.72462,8.71974,1,1.5
24.08.2021 00:53:50.231,8.7246,8.71974,1,1.5
24.08.2021 00:53:50.805,8.72459,8.71974,1,1.5
24.08.2021 00:53:56.333,8.724580000000001,8.71974,1,1.5
24.08.2021 00:53:56.704,8.724580000000001,8.71974,1,1.5
24.08.2021 00:53:56.883,8.724580000000001,8.719750000000001,1,1.5
24.08.2021 00:53:57.710,8.724580000000001,8.719750000000001,1,1.5
24.08.2021 00:53:57.785,8.725230000000002,8.71893,1,1
24.08.2021 00:53:57.836,8.72457,8.719750000000001,1,1.5
24.08.2021 00:53:58.038,8.7246,8.71974,1,1.5
24.08.2021 00:53:58.566,8.724580000000001,8.71974,1,1.5
24.08.2021 00:53:59.803,8.72452,8.71974,1,1.5
24.08.2021 00:54:00.376,8.72451,8.71974,1,1.5
24.08.2021 00:54:01.372,8.7245,8.71974,1,1.5
24.08.2021 00:54:01.709,8.7245,8.71976,1,1.5
24.08.2021 00:54:01.961,8.72447,8.71976,1,1.5
24.08.2021 00:54:03.186,8.72446,8.71976,1,1.5
24.08.2021 00:54:03.288,8.72446,8.71976,1,1.5
24.08.2021 00:54:03.439,8.724350000000001,8.71949,1,1.5
24.08.2021 00:54:03.663,8.724350000000001,8.71949,1,1.5
24.08.2021 00:54:03.926,8.724300000000001,8.71949,1,1.5
24.08.2021 00:54:04.128,8.724300000000001,8.71949,1,1.5
24.08.2021 00:54:04.279,8.72418,8.71949,1,1.5
24.08.2021 00:54:04.330,8.72418,8.71949,1,1.5
24.08.2021 00:54:04.716,8.72418,8.71949,1,1.5
24.08.2021 00:54:04.817,8.72413,8.71949,1,1.5
24.08.2021 00:54:05.329,8.72415,8.71949,1,1.5
24.08.2021 00:54:05.485,8.72415,8.71949,1,1.5
24.08.2021 00:54:07.035,8.72424,8.71949,1,1.5
24.08.2021 00:54:07.610,8.724260000000001,8.71949,1,1.5
24.08.2021 00:54:08.146,8.72428,8.71949,1,1.5
24.08.2021 00:54:08.921,8.72428,8.71949,1,1.5
24.08.2021 00:54:11.923,8.72429,8.71949,1,1.5
24.08.2021 00:54:12.911,8.72429,8.71949,1,1.5
24.08.2021 00:54:13.012,8.724310000000001,8.71949,1,1.5
24.08.2021 00:54:13.480,8.72429,8.71949,1,1.5
24.08.2021 00:54:14.794,8.724300000000001,8.71949,1,1.5
24.08.2021 00:54:15.051,8.724300000000001,8.71949,1,1.5
24.08.2021 00:54:15.337,8.72429,8.71949,1,1.5
24.08.2021 00:54:16.043,8.72413,8.71926,1,1.5
24.08.2021 00:54:16.148,8.72413,8.71926,1,1.5
24.08.2021 00:54:16.993,8.724210000000001,8.71926,1,1.5
24.08.2021 00:54:17.094,8.724060000000001,8.71926,1,1.5
24.08.2021 00:54:17.696,8.724,8.71926,1,1.5
24.08.2021 00:54:18.259,8.72394,8.71926,1,1.5
24.08.2021 00:54:18.400,8.72394,8.71926,1,1.5
24.08.2021 00:54:18.801,8.72392,8.71927,1,1.5
24.08.2021 00:54:20.362,8.724,8.71926,1,1.5
24.08.2021 00:54:21.614,8.72399,8.71926,1,1.5
24.08.2021 00:54:24.765,8.72474,8.718630000000001,1.5,1
24.08.2021 00:54:25.942,8.724010000000002,8.71926,1,1.5
24.08.2021 00:54:26.043,8.72404,8.71926,1,1.5
24.08.2021 00:54:26.144,8.72404,8.71926,1,1.5
24.08.2021 00:54:29.408,8.72405,8.71926,1,1.5
24.08.2021 00:54:29.828,8.72404,8.71927,1,1.5
24.08.2021 00:54:29.878,8.72424,8.71926,1,1.5
24.08.2021 00:54:30.023,8.72424,8.71926,1,1.5
24.08.2021 00:54:30.413,8.72429,8.71926,1,1.5
24.08.2021 00:54:31.307,8.72427,8.71926,1,1.5
24.08.2021 00:54:31.458,8.724260000000001,8.71927,1,1.5
24.08.2021 00:54:31.809,8.72422,8.71927,1,1.5
24.08.2021 00:54:33.101,8.72425,8.71926,1,1.5
24.08.2021 00:54:33.623,8.72424,8.71926,1,1.5
24.08.2021 00:54:36.073,8.724210000000001,8.71926,1,1.5
24.08.2021 00:54:36.238,8.724210000000001,8.719360000000002,1,1.5
24.08.2021 00:54:36.339,8.7241,8.719360000000002,1,1.5
24.08.2021 00:54:36.452,8.72409,8.71937,1,1.5
24.08.2021 00:54:36.895,8.72407,8.719360000000002,1,1.5
24.08.2021 00:54:37.606,8.724060000000001,8.719360000000002,1,1.5
24.08.2021 00:54:37.707,8.724060000000001,8.719360000000002,1,1.5
24.08.2021 00:54:38.145,8.724,8.719360000000002,1,1.5
24.08.2021 00:54:39.281,8.72399,8.719230000000001,1,1.5
24.08.2021 00:54:39.459,8.724010000000002,8.71922,1,1.5
24.08.2021 00:54:41.452,8.724,8.71922,1,1.5
24.08.2021 00:54:41.716,8.724,8.71916,1,1.5
24.08.2021 00:54:42.216,8.723980000000001,8.71916,1,1.5
24.08.2021 00:54:42.743,8.724,8.71916,1,1.5
24.08.2021 00:54:43.322,8.72403,8.71916,1,1.5
24.08.2021 00:54:45.420,8.72405,8.71916,1,1.5
24.08.2021 00:54:45.932,8.724060000000001,8.71916,1,1.5
24.08.2021 00:54:47.441,8.72405,8.71916,1,1.5
24.08.2021 00:54:48.557,8.72404,8.71917,1,1.5
24.08.2021 00:54:48.742,8.724060000000001,8.71916,1,1.5
24.08.2021 00:54:48.843,8.72405,8.71917,1,1.5
24.08.2021 00:54:49.057,8.724060000000001,8.71916,1,1.5
24.08.2021 00:54:49.257,8.72399,8.71916,1,1.5
24.08.2021 00:54:49.815,8.723980000000001,8.71916,1,1.5
24.08.2021 00:54:50.398,8.72399,8.71916,1,1.5
24.08.2021 00:54:50.947,8.72403,8.71916,1,1.5
24.08.2021 00:54:51.348,8.72403,8.71916,1,1.5
24.08.2021 00:54:51.970,8.723930000000001,8.71916,1,1.5
24.08.2021 00:54:53.221,8.72387,8.71916,1,1.5
24.08.2021 00:54:53.784,8.723889999999999,8.71916,1,1.5
24.08.2021 00:54:54.133,8.723889999999999,8.71916,1,1.5
24.08.2021 00:54:54.338,8.723930000000001,8.71916,1,1.5
24.08.2021 00:54:55.092,8.72392,8.71916,1,1.5
24.08.2021 00:54:55.243,8.72364,8.71916,1,1.5
24.08.2021 00:54:55.404,8.72353,8.71916,1,1.5
24.08.2021 00:54:55.454,8.72353,8.71916,1,1
24.08.2021 00:54:55.505,8.723700000000001,8.71916,1,1
24.08.2021 00:54:55.868,8.723700000000001,8.71864,1,1.5
24.08.2021 00:54:55.918,8.72357,8.718560000000002,1,1.5
24.08.2021 00:54:56.452,8.723600000000001,8.718560000000002,1,1.5
24.08.2021 00:54:57.011,8.72359,8.718560000000002,1,1.5
24.08.2021 00:54:57.557,8.72368,8.718560000000002,1,1.5
24.08.2021 00:54:59.217,8.72368,8.71837,1,1.5
24.08.2021 00:54:59.318,8.72367,8.71834,1,1.5
24.08.2021 00:54:59.419,8.72338,8.71823,1,1.5
24.08.2021 00:54:59.538,8.72338,8.71823,1,1.5
24.08.2021 00:54:59.919,8.72334,8.71823,1,1.5
24.08.2021 00:55:00.070,8.723460000000001,8.71813,1,1.5
24.08.2021 00:55:00.121,8.723460000000001,8.71813,1,1.5
24.08.2021 00:55:00.272,8.72356,8.71817,1,1.5
24.08.2021 00:55:00.326,8.72357,8.718160000000001,1,1.5
24.08.2021 00:55:00.660,8.72357,8.718160000000001,1,1.5
24.08.2021 00:55:00.831,8.72343,8.718160000000001,1,1.5
24.08.2021 00:55:01.119,8.72343,8.718160000000001,1,1.5
24.08.2021 00:55:01.285,8.72344,8.718160000000001,1,1.5
24.08.2021 00:55:01.557,8.72344,8.718160000000001,1,1.5
24.08.2021 00:55:01.857,8.72349,8.71817,1,1.5
24.08.2021 00:55:02.333,8.72349,8.71817,1,1.5
24.08.2021 00:55:02.404,8.72344,8.718160000000001,1,1.5
24.08.2021 00:55:03.016,8.72343,8.718160000000001,1,1.5
24.08.2021 00:55:03.559,8.72339,8.71817,1,1.5
24.08.2021 00:55:03.972,8.72339,8.71837,1,1.5
24.08.2021 00:55:04.358,8.7234,8.71836,1,1.5
24.08.2021 00:55:04.508,8.72385,8.717830000000001,1,1
24.08.2021 00:55:04.558,8.72338,8.71836,1,1.5
24.08.2021 00:55:04.659,8.723360000000001,8.71836,1,1.5
24.08.2021 00:55:05.270,8.7234,8.71836,1,1.5
24.08.2021 00:55:06.095,8.7234,8.71836,1,1.5
24.08.2021 00:55:06.158,8.723360000000001,8.71836,1,1.5
24.08.2021 00:55:06.838,8.723360000000001,8.71836,1,1.5
24.08.2021 00:55:07.305,8.723360000000001,8.7188,1,1
24.08.2021 00:55:08.122,8.723360000000001,8.71878,1,1
24.08.2021 00:55:08.360,8.72347,8.71878,1,1
24.08.2021 00:55:09.121,8.72347,8.71869,1,1
24.08.2021 00:55:09.171,8.72344,8.71869,1,1
24.08.2021 00:55:09.736,8.72338,8.71869,1,1
24.08.2021 00:55:10.365,8.7234,8.71869,1,1
24.08.2021 00:55:11.018,8.72338,8.71869,1,1
24.08.2021 00:55:11.600,8.72332,8.718630000000001,1,1
24.08.2021 00:55:12.122,8.72333,8.71864,1,1
24.08.2021 00:55:12.645,8.72333,8.71862,1,1
24.08.2021 00:55:13.926,8.723310000000001,8.71862,1,1
24.08.2021 00:55:14.147,8.7233,8.718630000000001,1,1
24.08.2021 00:55:14.248,8.7233,8.718630000000001,1,1
24.08.2021 00:55:14.452,8.7233,8.71862,1,1
24.08.2021 00:55:15.035,8.723310000000001,8.718630000000001,1,1
24.08.2021 00:55:15.792,8.72333,8.718630000000001,1,1
24.08.2021 00:55:16.873,8.723310000000001,8.71862,1,1
24.08.2021 00:55:20.205,8.723310000000001,8.71862,1,1
24.08.2021 00:55:21.552,8.72327,8.718580000000001,1,1
24.08.2021 00:55:22.114,8.7233,8.718580000000001,1,1
24.08.2021 00:55:25.894,8.72329,8.718580000000001,1,1
24.08.2021 00:55:27.879,8.723230000000001,8.718580000000001,1,1
24.08.2021 00:55:28.391,8.72329,8.718580000000001,1,1
24.08.2021 00:55:29.384,8.72328,8.718580000000001,1,1
24.08.2021 00:55:29.670,8.72328,8.718580000000001,1,1
24.08.2021 00:55:29.969,8.7233,8.718580000000001,1,1
24.08.2021 00:55:30.045,8.72329,8.718589999999999,1,1
24.08.2021 00:55:30.353,8.7233,8.71862,1,1
24.08.2021 00:55:30.477,8.7233,8.71862,1,1
24.08.2021 00:55:30.789,8.723310000000001,8.71862,1,1
24.08.2021 00:55:30.904,8.723310000000001,8.71862,1,1
24.08.2021 00:55:31.060,8.7233,8.71862,1,1
24.08.2021 00:55:33.871,8.72329,8.718580000000001,1,1
24.08.2021 00:55:35.709,8.7233,8.718580000000001,1,1
24.08.2021 00:55:36.284,8.72333,8.718580000000001,1,1
24.08.2021 00:55:37.784,8.72385,8.71869,1,1
24.08.2021 00:55:37.834,8.72335,8.71869,1,1
24.08.2021 00:55:37.935,8.72347,8.71869,1,1
24.08.2021 00:55:37.986,8.72347,8.7187,1,1
24.08.2021 00:55:38.442,8.72348,8.718710000000002,1,1
24.08.2021 00:55:38.630,8.72348,8.718710000000002,1,1
24.08.2021 00:55:39.105,8.72348,8.718860000000001,1,1
24.08.2021 00:55:39.156,8.7235,8.71887,1,1
24.08.2021 00:55:39.257,8.72362,8.71889,1,1
24.08.2021 00:55:39.408,8.723730000000002,8.719000000000001,1,1
24.08.2021 00:55:39.459,8.723730000000002,8.719000000000001,1,1
24.08.2021 00:55:39.709,8.723730000000002,8.719000000000001,1,1
24.08.2021 00:55:39.996,8.72377,8.719000000000001,1,1
24.08.2021 00:55:40.545,8.72376,8.719000000000001,1,1
24.08.2021 00:55:41.103,8.72371,8.719000000000001,1,1
24.08.2021 00:55:41.584,8.72371,8.71915,1,1
24.08.2021 00:55:41.635,8.723910000000002,8.71915,1,1
24.08.2021 00:55:41.685,8.723910000000002,8.71919,1,1
24.08.2021 00:55:41.786,8.72403,8.7193,1,1
24.08.2021 00:55:41.887,8.72403,8.71937,1,1
24.08.2021 00:55:42.145,8.72403,8.71937,1,1
24.08.2021 00:55:42.309,8.72413,8.71937,1,1
24.08.2021 00:55:43.359,8.72415,8.71937,1,1
24.08.2021 00:55:44.350,8.72414,8.71937,1,1
24.08.2021 00:55:44.689,8.72414,8.71937,1,1
24.08.2021 00:55:47.650,8.72415,8.7194,1,1
24.08.2021 00:55:49.534,8.72414,8.7194,1,1
24.08.2021 00:55:54.690,8.72414,8.71945,1,1
24.08.2021 00:55:54.740,8.72418,8.71945,1,1
24.08.2021 00:55:54.791,8.72428,8.71945,1,1
24.08.2021 00:55:54.841,8.72428,8.719560000000001,1,1
24.08.2021 00:55:55.342,8.724310000000001,8.719560000000001,1,1
24.08.2021 00:55:58.398,8.72432,8.719560000000001,1,1
24.08.2021 00:55:59.860,8.72433,8.719560000000001,1,1
24.08.2021 00:55:59.963,8.72433,8.719660000000001,1,1
24.08.2021 00:56:00.064,8.72452,8.71964,1,1
24.08.2021 00:56:00.115,8.72452,8.71964,1,1
24.08.2021 00:56:00.216,8.72452,8.71973,1,1
24.08.2021 00:56:00.317,8.724630000000001,8.71982,1,1
24.08.2021 00:56:00.887,8.72465,8.71983,1,1
24.08.2021 00:56:01.188,8.724660000000002,8.71994,1,1
24.08.2021 00:56:01.608,8.724639999999999,8.71983,1,1
24.08.2021 00:56:01.696,8.724639999999999,8.71983,1,1
24.08.2021 00:56:01.987,8.72454,8.71978,1,1
24.08.2021 00:56:02.117,8.72454,8.71978,1,1
24.08.2021 00:56:02.538,8.72461,8.71986,1,1
24.08.2021 00:56:02.739,8.72452,8.71977,1,1
24.08.2021 00:56:02.840,8.72452,8.71977,1,1
24.08.2021 00:56:03.211,8.72452,8.71973,1,1
24.08.2021 00:56:03.269,8.72446,8.71973,1,1
24.08.2021 00:56:03.848,8.72441,8.71974,1,1
24.08.2021 00:56:04.999,8.72511,8.71973,1,1
24.08.2021 00:56:05.050,8.72446,8.71973,1,1
24.08.2021 00:56:05.919,8.72449,8.71981,1,1
24.08.2021 00:56:06.066,8.724680000000001,8.71981,1,1
24.08.2021 00:56:06.116,8.724680000000001,8.71982,1,1
24.08.2021 00:56:06.487,8.72467,8.71979,1,1
24.08.2021 00:56:06.588,8.72457,8.71978,1,1
24.08.2021 00:56:06.768,8.72446,8.71974,1,1
24.08.2021 00:56:06.873,8.72446,8.71974,1,1
24.08.2021 00:56:07.079,8.72446,8.71974,1,1
24.08.2021 00:56:07.195,8.72446,8.71974,1,1
24.08.2021 00:56:11.673,8.72446,8.71974,1,1
24.08.2021 00:56:13.869,8.72446,8.719750000000001,1,1
24.08.2021 00:56:13.919,8.724639999999999,8.719750000000001,1,1
24.08.2021 00:56:14.071,8.724639999999999,8.71986,1,1
24.08.2021 00:56:14.244,8.724630000000001,8.71992,1,1
24.08.2021 00:56:14.426,8.72467,8.71992,1,1
24.08.2021 00:56:14.933,8.724680000000001,8.71991,1,1
24.08.2021 00:56:19.220,8.72467,8.71992,1,1
24.08.2021 00:56:19.977,8.72472,8.72004,1,1
24.08.2021 00:56:20.049,8.724870000000001,8.72004,1,1
24.08.2021 00:56:20.150,8.724870000000001,8.72004,1,1
24.08.2021 00:56:20.251,8.724870000000001,8.720080000000001,1,1
24.08.2021 00:56:20.608,8.72485,8.720080000000001,1,1
24.08.2021 00:56:20.782,8.72485,8.720080000000001,1,1
24.08.2021 00:56:21.282,8.72483,8.720080000000001,1,1
24.08.2021 00:56:25.412,8.72485,8.720080000000001,1,1
24.08.2021 00:56:29.000,8.72482,8.720089999999999,1,1
24.08.2021 00:56:29.550,8.72485,8.720080000000001,1,1
24.08.2021 00:56:30.402,8.72483,8.720080000000001,1,1
24.08.2021 00:56:35.010,8.724860000000001,8.720089999999999,1,1
24.08.2021 00:56:35.165,8.724870000000001,8.720080000000001,1,1
24.08.2021 00:56:35.529,8.72483,8.720080000000001,1,1
24.08.2021 00:56:36.377,8.72485,8.720080000000001,1,1
24.08.2021 00:56:36.931,8.72483,8.72004,1,1
24.08.2021 00:56:37.684,8.72485,8.72004,1,1
24.08.2021 00:56:38.215,8.72483,8.72004,1,1
24.08.2021 00:56:40.556,8.72511,8.72004,1,1
24.08.2021 00:56:41.000,8.72483,8.720089999999999,1,1
24.08.2021 00:56:42.565,8.72485,8.720089999999999,1,1
24.08.2021 00:56:45.032,8.72483,8.720089999999999,1,1
24.08.2021 00:56:47.340,8.72485,8.720089999999999,1,1
24.08.2021 00:56:50.860,8.72478,8.720089999999999,1,1
24.08.2021 00:56:51.410,8.72485,8.720089999999999,1,1
24.08.2021 00:56:53.350,8.72488,8.720089999999999,1,1
24.08.2021 00:56:53.921,8.72485,8.720089999999999,1,1
24.08.2021 00:56:54.479,8.72483,8.720089999999999,1,1
24.08.2021 00:56:55.937,8.724860000000001,8.7201,1,1
24.08.2021 00:56:56.202,8.724870000000001,8.720089999999999,1,1
24.08.2021 00:56:56.482,8.72483,8.720089999999999,1,1
24.08.2021 00:56:57.228,8.72482,8.7201,1,1
24.08.2021 00:56:57.337,8.724870000000001,8.720089999999999,1,1
24.08.2021 00:56:58.555,8.72483,8.720089999999999,1,1
24.08.2021 00:56:59.149,8.724870000000001,8.720130000000001,1,1
24.08.2021 00:57:00.151,8.7249,8.720130000000001,1,1
24.08.2021 00:57:01.303,8.72494,8.720130000000001,1,1
24.08.2021 00:57:01.412,8.72494,8.720130000000001,1,1
24.08.2021 00:57:01.822,8.72494,8.720130000000001,1,1
24.08.2021 00:57:03.080,8.72498,8.7202,1,1
24.08.2021 00:57:03.293,8.72498,8.72027,1,1
24.08.2021 00:57:03.344,8.72509,8.72034,1,1
24.08.2021 00:57:03.445,8.72524,8.72039,1,1
24.08.2021 00:57:03.495,8.72524,8.72039,1,1
24.08.2021 00:57:03.546,8.725389999999999,8.72051,1,1
24.08.2021 00:57:03.673,8.725389999999999,8.72051,1,1
24.08.2021 00:57:03.824,8.72527,8.72056,1,1
24.08.2021 00:57:04.348,8.72524,8.72049,1,1
24.08.2021 00:57:04.997,8.72527,8.72045,1,1
24.08.2021 00:57:05.097,8.72527,8.72045,1,1
24.08.2021 00:57:05.550,8.7253,8.720460000000001,1,1
24.08.2021 00:57:06.125,8.72527,8.72045,1,1
24.08.2021 00:57:06.679,8.72531,8.72045,1,1
24.08.2021 00:57:08.991,8.72527,8.72045,1,1
24.08.2021 00:57:10.015,8.725530000000001,8.72051,1,1
24.08.2021 00:57:10.116,8.72542,8.72051,1,1
24.08.2021 00:57:10.217,8.72542,8.72071,1,1
24.08.2021 00:57:10.351,8.72542,8.72071,1,1
24.08.2021 00:57:10.528,8.72542,8.72071,1,1
24.08.2021 00:57:10.644,8.725389999999999,8.72071,1,1
24.08.2021 00:57:10.782,8.725389999999999,8.72071,1,1
24.08.2021 00:57:11.202,8.725410000000002,8.72072,1,1
24.08.2021 00:57:12.262,8.72542,8.72057,1,1
24.08.2021 00:57:12.352,8.72531,8.72057,1,1
24.08.2021 00:57:12.914,8.72531,8.72057,1,1
24.08.2021 00:57:17.232,8.725380000000001,8.72062,1,1
24.08.2021 00:57:17.580,8.725389999999999,8.72061,1,1
24.08.2021 00:57:17.817,8.726080000000001,8.72061,1.5,1
24.08.2021 00:57:17.867,8.72542,8.72061,1,1
24.08.2021 00:57:18.193,8.72542,8.72061,1,1
24.08.2021 00:57:18.808,8.72542,8.72063,1,1
24.08.2021 00:57:21.268,8.725389999999999,8.72063,1,1
24.08.2021 00:57:21.685,8.72542,8.72063,1,1
24.08.2021 00:57:21.887,8.72542,8.72057,1,1
24.08.2021 00:57:21.938,8.72531,8.72057,1,1
24.08.2021 00:57:22.039,8.72531,8.72057,1,1
24.08.2021 00:57:22.089,8.72531,8.72057,1,1
24.08.2021 00:57:22.460,8.72527,8.72057,1,1
24.08.2021 00:57:22.908,8.72527,8.720500000000001,1,1
24.08.2021 00:57:23.973,8.72524,8.720500000000001,1,1
24.08.2021 00:57:24.543,8.72527,8.720500000000001,1,1
24.08.2021 00:57:25.097,8.72524,8.720500000000001,1,1
24.08.2021 00:57:25.710,8.72527,8.720500000000001,1,1
24.08.2021 00:57:27.239,8.72526,8.72051,1,1
24.08.2021 00:57:27.837,8.72531,8.720500000000001,1,1
24.08.2021 00:57:28.388,8.72524,8.720500000000001,1,1
24.08.2021 00:57:29.566,8.725200000000001,8.720500000000001,1,1
24.08.2021 00:57:30.322,8.72516,8.720460000000001,1,1
24.08.2021 00:57:30.927,8.72513,8.720460000000001,1,1
24.08.2021 00:57:31.203,8.72513,8.720460000000001,1,1
24.08.2021 00:57:32.084,8.72516,8.720460000000001,1,1
24.08.2021 00:57:32.606,8.725200000000001,8.720460000000001,1,1
24.08.2021 00:57:33.241,8.725200000000001,8.720460000000001,1,1
24.08.2021 00:57:34.747,8.72509,8.72039,1,1
24.08.2021 00:57:34.797,8.72509,8.72039,1,1
24.08.2021 00:57:35.274,8.72509,8.72034,1,1
24.08.2021 00:57:36.351,8.72509,8.72028,1,1
24.08.2021 00:57:36.506,8.725050000000001,8.72028,1,1
24.08.2021 00:57:36.708,8.725050000000001,8.72025,1,1
24.08.2021 00:57:37.045,8.725010000000001,8.72033,1,1
24.08.2021 00:57:37.558,8.725,8.72035,1,1
24.08.2021 00:57:37.609,8.72509,8.72034,1,1
24.08.2021 00:57:37.709,8.725200000000001,8.72034,1,1
24.08.2021 00:57:37.760,8.725200000000001,8.72034,1,1
24.08.2021 00:57:37.961,8.725200000000001,8.72034,1,1
24.08.2021 00:57:38.270,8.725200000000001,8.72048,1,1
24.08.2021 00:57:38.453,8.72524,8.72048,1,1
24.08.2021 00:57:40.395,8.72527,8.72048,1,1
24.08.2021 00:57:41.180,8.72531,8.72053,1,1
24.08.2021 00:57:41.300,8.72531,8.72053,1,1
24.08.2021 00:57:41.701,8.72527,8.72053,1,1
24.08.2021 00:57:42.191,8.72527,8.72053,1,1
24.08.2021 00:57:42.560,8.72524,8.72053,1,1
24.08.2021 00:57:43.110,8.72526,8.72054,1,1
24.08.2021 00:57:44.201,8.72531,8.72053,1,1
24.08.2021 00:57:45.843,8.72525,8.72053,1,1
24.08.2021 00:57:46.382,8.72531,8.72053,1,1
24.08.2021 00:57:51.534,8.72535,8.720500000000001,1,1
24.08.2021 00:57:52.208,8.72535,8.720500000000001,1,1
24.08.2021 00:57:52.905,8.72535,8.72053,1,1
24.08.2021 00:57:52.956,8.72531,8.72053,1,1
24.08.2021 00:57:53.107,8.72531,8.72053,1,1
24.08.2021 00:57:55.843,8.72527,8.72053,1,1
24.08.2021 00:57:56.382,8.72531,8.72053,1,1
24.08.2021 00:57:58.348,8.72524,8.72044,1,1
24.08.2021 00:57:58.840,8.72527,8.72048,1,1
24.08.2021 00:57:59.241,8.72527,8.72048,1,1
24.08.2021 00:58:00.484,8.72524,8.72048,1,1
24.08.2021 00:58:01.759,8.72527,8.72048,1,1
24.08.2021 00:58:02.364,8.72524,8.72048,1,1
24.08.2021 00:58:04.376,8.72527,8.72048,1,1
24.08.2021 00:58:06.033,8.72524,8.72048,1,1
24.08.2021 00:58:06.838,8.72527,8.72044,1,1
24.08.2021 00:58:07.447,8.72524,8.72044,1,1
24.08.2021 00:58:09.275,8.72527,8.72044,1,1
24.08.2021 00:58:12.218,8.72524,8.72044,1,1
24.08.2021 00:58:15.528,8.72527,8.72052,1,1
24.08.2021 00:58:16.189,8.725230000000002,8.72052,1,1
24.08.2021 00:58:16.736,8.72524,8.72044,1,1
24.08.2021 00:58:17.205,8.72524,8.72048,1,1
24.08.2021 00:58:17.356,8.725200000000001,8.72044,1,1
24.08.2021 00:58:19.423,8.72524,8.72044,1,1
24.08.2021 00:58:20.006,8.725200000000001,8.72044,1,1
24.08.2021 00:58:21.005,8.72524,8.72044,1,1
24.08.2021 00:58:21.361,8.725389999999999,8.72057,1,1
24.08.2021 00:58:21.462,8.72549,8.72058,1,1
24.08.2021 00:58:21.563,8.725610000000001,8.720780000000001,1,1
24.08.2021 00:58:21.613,8.725610000000001,8.720780000000001,1,1
24.08.2021 00:58:21.714,8.725610000000001,8.720880000000001,1,1
24.08.2021 00:58:22.511,8.72565,8.720880000000001,1,1
24.08.2021 00:58:23.107,8.725610000000001,8.720880000000001,1,1
24.08.2021 00:58:23.740,8.72565,8.720880000000001,1,1
24.08.2021 00:58:24.180,8.725610000000001,8.720880000000001,1,1
24.08.2021 00:58:24.787,8.72564,8.720830000000001,1,1
24.08.2021 00:58:25.053,8.72565,8.72089,1,1
24.08.2021 00:58:25.165,8.72577,8.72089,1,1
24.08.2021 00:58:25.234,8.72577,8.72089,1,1
24.08.2021 00:58:25.590,8.725810000000001,8.72089,1,1
24.08.2021 00:58:27.965,8.72577,8.72089,1,1
24.08.2021 00:58:31.787,8.72573,8.7208,1,1
24.08.2021 00:58:32.183,8.72573,8.7208,1,1
24.08.2021 00:58:32.382,8.72573,8.7208,1,1
24.08.2021 00:58:33.187,8.72569,8.7208,1,1
24.08.2021 00:58:33.718,8.72562,8.720730000000001,1,1
24.08.2021 00:58:33.924,8.72573,8.72076,1,1
24.08.2021 00:58:34.103,8.72573,8.720839999999999,1,1
24.08.2021 00:58:34.297,8.72572,8.72085,1,1
24.08.2021 00:58:34.455,8.725810000000001,8.720839999999999,1,1
24.08.2021 00:58:35.004,8.72577,8.720839999999999,1,1
24.08.2021 00:58:35.562,8.72573,8.720839999999999,1,1
24.08.2021 00:58:36.164,8.725810000000001,8.720839999999999,1,1
24.08.2021 00:58:36.813,8.72584,8.720839999999999,1,1
24.08.2021 00:58:38.851,8.7258,8.72085,1,1
24.08.2021 00:58:39.088,8.7258,8.72089,1,1
24.08.2021 00:58:39.424,8.72577,8.72081,1,1
24.08.2021 00:58:41.090,8.72573,8.72081,1,1
24.08.2021 00:58:41.696,8.725660000000001,8.72076,1,1
24.08.2021 00:58:42.234,8.725660000000001,8.72076,1,1
24.08.2021 00:58:42.838,8.725660000000001,8.72076,1,1
24.08.2021 00:58:42.942,8.72569,8.72076,1,1
24.08.2021 00:58:43.504,8.72573,8.72076,1,1
24.08.2021 00:58:44.254,8.72569,8.72076,1,1
24.08.2021 00:58:44.807,8.72573,8.72076,1,1
24.08.2021 00:58:46.887,8.72569,8.72076,1,1
24.08.2021 00:58:47.460,8.72573,8.72076,1,1
24.08.2021 00:58:48.019,8.72569,8.72076,1,1
24.08.2021 00:58:48.566,8.72572,8.72077,1,1
24.08.2021 00:58:49.597,8.72577,8.72076,1,1
24.08.2021 00:58:49.812,8.72577,8.720830000000001,1,1
24.08.2021 00:58:49.862,8.72588,8.720830000000001,1,1
24.08.2021 00:58:49.980,8.72588,8.720830000000001,1,1
24.08.2021 00:58:50.370,8.725810000000001,8.720830000000001,1,1
24.08.2021 00:58:52.110,8.725760000000001,8.720839999999999,1,1
24.08.2021 00:58:53.222,8.725760000000001,8.7208,1,1
24.08.2021 00:58:54.991,8.72573,8.72079,1,1
24.08.2021 00:58:55.258,8.72573,8.72079,1,1
24.08.2021 00:58:56.376,8.72573,8.72079,1,1
24.08.2021 00:58:59.583,8.72569,8.72079,1,1
24.08.2021 00:58:59.729,8.72569,8.72079,1,1
24.08.2021 00:59:00.141,8.725660000000001,8.72079,1,1
24.08.2021 00:59:01.671,8.72559,8.72079,1,1
24.08.2021 00:59:02.224,8.72565,8.7208,1,1
24.08.2021 00:59:05.110,8.72562,8.72052,1,1
24.08.2021 00:59:05.211,8.72547,8.72052,1,1
24.08.2021 00:59:05.261,8.72547,8.72052,1,1
24.08.2021 00:59:05.312,8.72531,8.72045,1,1
24.08.2021 00:59:05.362,8.72532,8.72044,1,1
24.08.2021 00:59:05.786,8.72532,8.72044,1,1
24.08.2021 00:59:09.221,8.72586,8.7204,1,1
24.08.2021 00:59:11.399,8.72536,8.7204,1,1
24.08.2021 00:59:13.481,8.72532,8.72043,1,1
24.08.2021 00:59:17.514,8.72536,8.72043,1,1
24.08.2021 00:59:17.871,8.72547,8.720550000000001,1,1
24.08.2021 00:59:17.921,8.72547,8.720550000000001,1,1
24.08.2021 00:59:18.489,8.725430000000001,8.720550000000001,1,1
24.08.2021 00:59:28.508,8.72586,8.72059,1,1
24.08.2021 00:59:30.838,8.72537,8.72059,1,1
24.08.2021 00:59:31.410,8.7254,8.72059,1,1
24.08.2021 00:59:32.215,8.725430000000001,8.72059,1,1
24.08.2021 00:59:36.815,8.7254,8.720550000000001,1,1
24.08.2021 00:59:37.204,8.7254,8.720550000000001,1,1
24.08.2021 00:59:37.341,8.72536,8.720550000000001,1,1
24.08.2021 00:59:41.095,8.72536,8.72057,1,1
24.08.2021 00:59:41.216,8.7254,8.72057,1,1
24.08.2021 00:59:41.278,8.7254,8.72059,1,1
24.08.2021 00:59:41.765,8.725430000000001,8.72059,1,1
24.08.2021 00:59:44.377,8.7254,8.72059,1,1
24.08.2021 00:59:44.559,8.7254,8.72059,1,1
24.08.2021 00:59:44.932,8.72536,8.72059,1,1
24.08.2021 00:59:45.343,8.72536,8.72056,1,1
24.08.2021 00:59:46.402,8.72547,8.72056,1,1
24.08.2021 00:59:46.566,8.72547,8.72056,1,1
24.08.2021 00:59:46.667,8.72558,8.720780000000001,1,1
24.08.2021 00:59:46.768,8.72569,8.720780000000001,1,1
24.08.2021 00:59:47.274,8.72569,8.7209,1,1
24.08.2021 00:59:47.375,8.725660000000001,8.7209,1,1
24.08.2021 00:59:51.348,8.725660000000001,8.7209,1,1
24.08.2021 00:59:51.842,8.72557,8.7209,1,1
24.08.2021 00:59:52.418,8.725660000000001,8.7209,1,1
24.08.2021 00:59:56.245,8.725660000000001,8.720830000000001,1,1
24.08.2021 00:59:56.296,8.72555,8.72075,1,1
24.08.2021 00:59:56.448,8.72536,8.72075,1,1
24.08.2021 00:59:56.499,8.72536,8.72037,1,1
24.08.2021 00:59:56.945,8.72532,8.72037,1,1
24.08.2021 00:59:57.049,8.72532,8.72037,1,1
24.08.2021 00:59:57.354,8.72532,8.72037,1,1
24.08.2021 00:59:57.500,8.72536,8.72037,1,1
24.08.2021 00:59:58.261,8.72535,8.72038,1,1
24.08.2021 01:00:00.418,8.72532,8.72037,1,1
24.08.2021 01:00:00.487,8.72532,8.72037,1,1
24.08.2021 01:00:01.126,8.72529,8.72029,1,1
24.08.2021 01:00:01.290,8.72529,8.72029,1,1
24.08.2021 01:00:01.937,8.72524,8.72029,1,1
24.08.2021 01:00:02.094,8.72536,8.72033,1,1
24.08.2021 01:00:02.622,8.72536,8.72029,1,1
24.08.2021 01:00:02.673,8.72529,8.72029,1,1
24.08.2021 01:00:03.225,8.72532,8.72029,1,1
24.08.2021 01:00:04.055,8.725280000000001,8.7203,1,1
24.08.2021 01:00:06.131,8.725280000000001,8.72029,1,1
24.08.2021 01:00:06.181,8.72527,8.7203,1,1
24.08.2021 01:00:06.336,8.72527,8.7203,1,1
24.08.2021 01:00:07.265,8.72586,8.72029,1.5,1
24.08.2021 01:00:07.315,8.725280000000001,8.72029,1,1
24.08.2021 01:00:07.787,8.72526,8.72029,1,1
24.08.2021 01:00:08.335,8.7253,8.72029,1,1
24.08.2021 01:00:09.337,8.72526,8.72028,1,1
24.08.2021 01:00:10.139,8.7253,8.72028,1,1
24.08.2021 01:00:11.244,8.72526,8.72033,1,1
24.08.2021 01:00:14.361,8.7253,8.72029,1,1
24.08.2021 01:00:15.063,8.72534,8.72029,1,1
24.08.2021 01:00:15.615,8.7253,8.72029,1,1
24.08.2021 01:00:16.189,8.72525,8.7203,1,1
24.08.2021 01:00:16.769,8.7253,8.72029,1,1
24.08.2021 01:00:17.299,8.72526,8.72029,1,1
24.08.2021 01:00:18.225,8.7253,8.72029,1,1
24.08.2021 01:00:18.756,8.72534,8.72029,1,1
24.08.2021 01:00:19.478,8.72537,8.72033,1,1
24.08.2021 01:00:19.677,8.72537,8.72033,1,1
24.08.2021 01:00:20.031,8.725410000000002,8.72033,1,1
24.08.2021 01:00:22.849,8.72537,8.72033,1,1
24.08.2021 01:00:23.395,8.725410000000002,8.72033,1,1
24.08.2021 01:00:25.620,8.725410000000002,8.72033,1,1
24.08.2021 01:00:25.671,8.72545,8.72033,1,1
24.08.2021 01:00:26.143,8.72545,8.72043,1,1
24.08.2021 01:00:26.193,8.72549,8.72043,1,1
24.08.2021 01:00:26.345,8.72549,8.72043,1,1
24.08.2021 01:00:26.761,8.725410000000002,8.72038,1,1
24.08.2021 01:00:27.717,8.72545,8.72038,1,1
24.08.2021 01:00:27.870,8.72545,8.720460000000001,1,1
24.08.2021 01:00:30.137,8.725410000000002,8.72039,1,1
24.08.2021 01:00:30.187,8.725410000000002,8.72039,1,1
24.08.2021 01:00:30.671,8.72534,8.72035,1,1
24.08.2021 01:00:31.271,8.725410000000002,8.72035,1,1
24.08.2021 01:00:31.824,8.72537,8.72035,1,1
24.08.2021 01:00:34.679,8.7254,8.720360000000001,1,1
24.08.2021 01:00:35.186,8.725439999999999,8.720360000000001,1,1
24.08.2021 01:00:35.890,8.725410000000002,8.72042,1,1
24.08.2021 01:00:36.692,8.725439999999999,8.72039,1,1
24.08.2021 01:00:38.704,8.725410000000002,8.72044,1,1
24.08.2021 01:00:40.761,8.72545,8.72056,1,1
24.08.2021 01:00:41.261,8.72552,8.72056,1,1
24.08.2021 01:00:43.630,8.72549,8.72044,1,1
24.08.2021 01:00:43.731,8.72549,8.7204,1,1
24.08.2021 01:00:43.781,8.72549,8.7204,1,1
24.08.2021 01:00:44.180,8.725410000000002,8.7204,1,1
24.08.2021 01:00:46.438,8.72545,8.72045,1,1
24.08.2021 01:00:46.625,8.72545,8.72049,1,1
24.08.2021 01:00:46.676,8.72549,8.72049,1,1
24.08.2021 01:00:47.193,8.725410000000002,8.72044,1,1
24.08.2021 01:00:47.244,8.725410000000002,8.7204,1,1
24.08.2021 01:00:48.151,8.72545,8.7204,1,1
24.08.2021 01:00:48.350,8.72545,8.7204,1,1
24.08.2021 01:00:48.809,8.72549,8.72051,1,1
24.08.2021 01:00:48.859,8.72549,8.72051,1,1
24.08.2021 01:00:48.910,8.725670000000001,8.72067,1,1
24.08.2021 01:00:49.021,8.725670000000001,8.72067,1,1
24.08.2021 01:00:49.124,8.72578,8.72067,1,1
24.08.2021 01:00:49.174,8.72578,8.72067,1,1
24.08.2021 01:00:49.647,8.725710000000001,8.72067,1,1
24.08.2021 01:00:51.907,8.725670000000001,8.7207,1,1
24.08.2021 01:00:53.070,8.72563,8.7207,1,1
24.08.2021 01:00:53.607,8.725710000000001,8.7207,1,1
24.08.2021 01:00:54.009,8.72557,8.7207,1,1
24.08.2021 01:00:54.615,8.72569,8.72074,1,1
24.08.2021 01:00:57.432,8.72569,8.72099,1,1
24.08.2021 01:00:57.483,8.72573,8.72099,1,1
24.08.2021 01:00:57.583,8.725900000000001,8.72099,1,1
24.08.2021 01:00:57.634,8.725900000000001,8.72108,1,1
24.08.2021 01:00:57.735,8.725900000000001,8.72132,1,1
24.08.2021 01:00:57.786,8.726030000000002,8.72132,1,1
24.08.2021 01:00:57.837,8.726030000000002,8.720960000000002,1,1
24.08.2021 01:00:57.938,8.726030000000002,8.72133,1,1
24.08.2021 01:00:58.332,8.72598,8.72103,1,1
24.08.2021 01:00:59.991,8.72597,8.72103,1,1
24.08.2021 01:01:00.551,8.72602,8.721070000000001,1,1
24.08.2021 01:01:00.653,8.72602,8.721250000000001,1,1
24.08.2021 01:01:00.703,8.72617,8.721250000000001,1,1
24.08.2021 01:01:00.804,8.726280000000001,8.72139,1,1
24.08.2021 01:01:00.906,8.72627,8.721400000000001,1,1
24.08.2021 01:01:00.957,8.72627,8.721400000000001,1,1
24.08.2021 01:01:01.058,8.726280000000001,8.72139,1,1
24.08.2021 01:01:01.158,8.726280000000001,8.72139,1,1
24.08.2021 01:01:01.454,8.72632,8.72139,1,1
24.08.2021 01:01:03.211,8.726360000000001,8.72139,1,1
24.08.2021 01:01:03.710,8.726280000000001,8.72124,1,1
24.08.2021 01:01:04.307,8.72624,8.72124,1,1
24.08.2021 01:01:04.811,8.72633,8.72132,1,1
24.08.2021 01:01:05.367,8.7263,8.72141,1,1
24.08.2021 01:01:08.847,8.726230000000001,8.72133,1,1
24.08.2021 01:01:08.898,8.726230000000001,8.72133,1,1
24.08.2021 01:01:11.197,8.72622,8.72133,1,1
24.08.2021 01:01:11.248,8.72622,8.72133,1,1
24.08.2021 01:01:11.751,8.726230000000001,8.72133,1,1
24.08.2021 01:01:14.862,8.726230000000001,8.721589999999999,1,1
24.08.2021 01:01:14.962,8.726600000000001,8.72172,1,1
24.08.2021 01:01:15.013,8.726600000000001,8.72172,1,1
24.08.2021 01:01:15.205,8.726600000000001,8.7217,1,1
24.08.2021 01:01:15.530,8.72662,8.7217,1,1
24.08.2021 01:01:16.076,8.72666,8.7217,1,1
24.08.2021 01:01:16.344,8.72666,8.7217,1,1
24.08.2021 01:01:20.290,8.72699,8.721710000000002,1,1
24.08.2021 01:01:20.371,8.727,8.7217,1,1
24.08.2021 01:01:20.421,8.72666,8.7217,1,1
24.08.2021 01:01:21.942,8.72662,8.7217,1,1
24.08.2021 01:01:22.149,8.726510000000001,8.72137,1,1
24.08.2021 01:01:22.199,8.72632,8.72137,1,1
24.08.2021 01:01:22.328,8.726310000000002,8.72138,1,1
24.08.2021 01:01:22.545,8.72632,8.72137,1,1
24.08.2021 01:01:23.093,8.72629,8.72137,1,1
24.08.2021 01:01:23.143,8.72629,8.72137,1,1
24.08.2021 01:01:24.329,8.72629,8.72137,1,1
24.08.2021 01:01:26.966,8.72625,8.72134,1,1
24.08.2021 01:01:27.176,8.72625,8.721300000000001,1,1
24.08.2021 01:01:27.375,8.72625,8.721300000000001,1,1
24.08.2021 01:01:27.516,8.726260000000002,8.721300000000001,1,1
24.08.2021 01:01:28.868,8.726210000000002,8.721300000000001,1,1
24.08.2021 01:01:32.776,8.726210000000002,8.721300000000001,1,1
24.08.2021 01:01:32.827,8.726189999999999,8.721300000000001,1,1
24.08.2021 01:01:33.071,8.726030000000002,8.721250000000001,1,1
24.08.2021 01:01:33.121,8.72602,8.721260000000001,1,1
24.08.2021 01:01:33.222,8.72592,8.720960000000002,1,1
24.08.2021 01:01:33.430,8.72592,8.720960000000002,1,1
24.08.2021 01:01:33.612,8.72592,8.720960000000002,1,1
24.08.2021 01:01:33.746,8.72588,8.720960000000002,1,1
24.08.2021 01:01:35.860,8.72583,8.72092,1,1
24.08.2021 01:01:36.511,8.72588,8.72092,1,1
24.08.2021 01:01:37.458,8.72584,8.72092,1,1
24.08.2021 01:01:39.956,8.72588,8.720880000000001,1,1
24.08.2021 01:01:40.755,8.72584,8.72092,1,1
24.08.2021 01:01:41.253,8.72584,8.72092,1,1
24.08.2021 01:01:41.330,8.72588,8.72092,1,1
24.08.2021 01:01:44.596,8.72584,8.72092,1,1
24.08.2021 01:01:46.077,8.72588,8.72092,1,1
24.08.2021 01:01:46.896,8.72598,8.72092,1,1
24.08.2021 01:01:47.409,8.72583,8.72092,1,1
24.08.2021 01:01:51.823,8.725900000000001,8.720960000000002,1,1
24.08.2021 01:01:51.874,8.725900000000001,8.720960000000002,1,1
24.08.2021 01:01:51.975,8.725900000000001,8.720960000000002,1,1
24.08.2021 01:01:52.307,8.72583,8.720960000000002,1,1
24.08.2021 01:01:52.932,8.72586,8.72097,1,1
24.08.2021 01:01:53.033,8.72587,8.720960000000002,1,1
24.08.2021 01:01:53.382,8.72587,8.720960000000002,1,1
24.08.2021 01:01:54.603,8.72591,8.720960000000002,1,1
24.08.2021 01:01:54.720,8.72591,8.720960000000002,1,1
24.08.2021 01:01:54.916,8.72591,8.720960000000002,1,1
24.08.2021 01:01:55.232,8.72589,8.720960000000002,1,1
24.08.2021 01:01:58.543,8.72587,8.7209,1,1
24.08.2021 01:01:58.594,8.72587,8.7209,1,1
24.08.2021 01:01:58.907,8.72587,8.72077,1,1
24.08.2021 01:01:58.958,8.72573,8.72077,1,1
24.08.2021 01:01:59.008,8.72573,8.72077,1,1
24.08.2021 01:01:59.059,8.725610000000001,8.72077,1,1
24.08.2021 01:01:59.541,8.725610000000001,8.72066,1,1.5
24.08.2021 01:02:00.406,8.725610000000001,8.72066,1,1.5
24.08.2021 01:02:00.957,8.72565,8.72075,1,1
24.08.2021 01:02:01.146,8.72565,8.72066,1,1.5
24.08.2021 01:02:01.373,8.72582,8.72082,1,1
24.08.2021 01:02:02.029,8.72584,8.720839999999999,1,1
24.08.2021 01:02:02.245,8.725850000000001,8.720830000000001,1,1
24.08.2021 01:02:02.504,8.725850000000001,8.72087,1,1
24.08.2021 01:02:02.605,8.72586,8.72087,1,1
24.08.2021 01:02:02.847,8.72586,8.72087,1,1
24.08.2021 01:02:03.137,8.725900000000001,8.72087,1,1
24.08.2021 01:02:04.122,8.72588,8.72087,1,1
24.08.2021 01:02:04.649,8.72586,8.72087,1,1
24.08.2021 01:02:04.699,8.72586,8.72087,1,1
24.08.2021 01:02:05.199,8.72584,8.72087,1,1
24.08.2021 01:02:05.395,8.72584,8.72087,1,1
24.08.2021 01:02:06.201,8.725810000000001,8.72087,1,1
24.08.2021 01:02:06.706,8.72583,8.72087,1,1
24.08.2021 01:02:07.266,8.7258,8.720880000000001,1,1
24.08.2021 01:02:07.811,8.72583,8.72087,1,1
24.08.2021 01:02:08.400,8.725810000000001,8.72082,1,1
24.08.2021 01:02:08.971,8.72582,8.720880000000001,1,1
24.08.2021 01:02:09.258,8.72583,8.72087,1,1
24.08.2021 01:02:10.102,8.72572,8.72092,1,1
24.08.2021 01:02:10.274,8.72572,8.72092,1,1
24.08.2021 01:02:10.443,8.72583,8.720960000000002,1,1
24.08.2021 01:02:10.579,8.72583,8.720960000000002,1,1
24.08.2021 01:02:10.954,8.72584,8.72097,1,1
24.08.2021 01:02:11.753,8.72586,8.720960000000002,1,1
24.08.2021 01:02:12.412,8.72586,8.720960000000002,1,1
24.08.2021 01:02:12.558,8.72594,8.720960000000002,1,1
24.08.2021 01:02:13.849,8.72589,8.720960000000002,1,1
24.08.2021 01:02:13.950,8.72602,8.720960000000002,1.5,1
24.08.2021 01:02:15.790,8.72602,8.720960000000002,1,1
24.08.2021 01:02:16.401,8.72602,8.721,1,1
24.08.2021 01:02:20.401,8.72602,8.721,1,1
24.08.2021 01:02:21.241,8.72602,8.721,1,1
24.08.2021 01:02:21.418,8.72602,8.721,1,1
24.08.2021 01:02:22.334,8.72602,8.721,1,1
24.08.2021 01:02:23.351,8.72602,8.72103,1,1
24.08.2021 01:02:24.497,8.72602,8.72103,1,1
24.08.2021 01:02:25.383,8.72602,8.72103,1,1
24.08.2021 01:02:30.363,8.72601,8.72104,1,1
24.08.2021 01:02:31.392,8.72602,8.72103,1,1
24.08.2021 01:02:31.916,8.72602,8.72103,1,1
24.08.2021 01:02:32.397,8.72602,8.72103,1,1
24.08.2021 01:02:34.444,8.72602,8.72103,1,1
24.08.2021 01:02:34.628,8.72601,8.72104,1,1
24.08.2021 01:02:35.339,8.72602,8.72103,1,1
24.08.2021 01:02:36.604,8.72602,8.72103,1,1
24.08.2021 01:02:37.425,8.72602,8.72103,1,1
24.08.2021 01:02:39.829,8.72602,8.72103,1,1
24.08.2021 01:02:40.340,8.72602,8.72103,1,1
24.08.2021 01:02:43.121,8.72602,8.72103,1,1
24.08.2021 01:02:43.307,8.72602,8.72103,1,1
24.08.2021 01:02:43.408,8.72602,8.72103,1,1
24.08.2021 01:02:43.648,8.726,8.72103,1,1
24.08.2021 01:02:44.327,8.726,8.72103,1,1
24.08.2021 01:02:44.378,8.72602,8.72103,1,1
24.08.2021 01:02:44.432,8.72602,8.72103,1,1
24.08.2021 01:02:44.638,8.72602,8.72103,1,1
24.08.2021 01:02:44.904,8.726,8.72103,1,1
24.08.2021 01:02:45.153,8.72599,8.72104,1,1
24.08.2021 01:02:45.358,8.726,8.72103,1,1
24.08.2021 01:02:45.562,8.726,8.72103,1,1
24.08.2021 01:02:45.613,8.72602,8.72103,1,1
24.08.2021 01:02:45.663,8.72602,8.72103,1,1
24.08.2021 01:02:46.275,8.72601,8.72104,1,1
24.08.2021 01:02:46.374,8.72602,8.72103,1,1
24.08.2021 01:02:51.523,8.72602,8.72103,1,1
24.08.2021 01:02:52.320,8.72602,8.72103,1,1
24.08.2021 01:02:52.449,8.72602,8.72103,1,1
24.08.2021 01:02:53.340,8.72602,8.72103,1,1
24.08.2021 01:02:53.443,8.72602,8.72103,1,1
24.08.2021 01:02:54.912,8.72602,8.72103,1,1
24.08.2021 01:02:55.187,8.72602,8.72103,1,1
24.08.2021 01:02:58.281,8.72602,8.72103,1,1
24.08.2021 01:02:58.386,8.72602,8.72103,1,1
24.08.2021 01:02:58.900,8.72602,8.72103,1.5,1
24.08.2021 01:02:59.401,8.72602,8.72103,1.5,1
24.08.2021 01:03:00.386,8.72602,8.72103,1,1
24.08.2021 01:03:00.589,8.72602,8.72103,1,1
24.08.2021 01:03:01.098,8.72601,8.72108,1,1
24.08.2021 01:03:07.448,8.72602,8.721070000000001,1,1
24.08.2021 01:03:09.297,8.72602,8.721070000000001,1,1
24.08.2021 01:03:13.655,8.72602,8.72103,1,1
24.08.2021 01:03:13.767,8.72602,8.72095,1,1
24.08.2021 01:03:13.868,8.72602,8.72095,1,1
24.08.2021 01:03:13.969,8.72588,8.72095,1,1
24.08.2021 01:03:14.070,8.72588,8.72099,1,1
24.08.2021 01:03:14.175,8.72588,8.72099,1,1
24.08.2021 01:03:14.276,8.72588,8.72103,1,1
24.08.2021 01:03:14.377,8.72587,8.721010000000001,1,1
24.08.2021 01:03:14.482,8.725950000000001,8.721,1,1
24.08.2021 01:03:19.356,8.726,8.721,1,1
24.08.2021 01:03:19.882,8.72602,8.721,1,1
24.08.2021 01:03:26.436,8.725900000000001,8.72072,1,1
24.08.2021 01:03:26.486,8.725900000000001,8.72072,1,1
24.08.2021 01:03:26.967,8.72582,8.72072,1,1
24.08.2021 01:03:27.385,8.72582,8.72072,1,1
24.08.2021 01:03:28.409,8.72582,8.72072,1,1
24.08.2021 01:03:30.158,8.72579,8.72072,1,1
24.08.2021 01:03:30.388,8.72579,8.72067,1,1
24.08.2021 01:03:30.449,8.72579,8.72067,1,1
24.08.2021 01:03:30.693,8.725670000000001,8.72067,1,1
24.08.2021 01:03:30.749,8.725670000000001,8.72067,1,1
24.08.2021 01:03:30.852,8.725670000000001,8.72067,1,1
24.08.2021 01:03:31.359,8.725670000000001,8.72067,1,1
24.08.2021 01:03:31.464,8.725670000000001,8.72067,1,1
24.08.2021 01:03:31.522,8.7257,8.720680000000002,1,1
24.08.2021 01:03:31.967,8.72578,8.720680000000002,1,1
24.08.2021 01:03:32.017,8.72579,8.72067,1,1
24.08.2021 01:03:35.995,8.72574,8.72067,1,1
24.08.2021 01:03:39.064,8.72574,8.72067,1,1
24.08.2021 01:03:39.528,8.725560000000002,8.72067,1,1
24.08.2021 01:03:39.631,8.72574,8.72067,1,1
24.08.2021 01:03:40.034,8.72574,8.72067,1,1
24.08.2021 01:03:43.104,8.72573,8.720680000000002,1,1
24.08.2021 01:03:43.601,8.72573,8.72067,1,1
24.08.2021 01:03:44.154,8.72574,8.72067,1,1
24.08.2021 01:03:44.295,8.72574,8.72067,1,1
24.08.2021 01:03:44.416,8.72574,8.72067,1,1
24.08.2021 01:03:45.337,8.72574,8.72067,1.5,1
24.08.2021 01:03:45.387,8.72554,8.720680000000002,1,1
24.08.2021 01:03:45.488,8.72573,8.72067,1,1
24.08.2021 01:03:46.008,8.72574,8.72067,1,1
24.08.2021 01:03:47.196,8.72574,8.72071,1,1
24.08.2021 01:03:50.153,8.72574,8.72067,1,1
24.08.2021 01:03:50.293,8.72574,8.72063,1,1
24.08.2021 01:03:50.397,8.72574,8.72063,1,1
24.08.2021 01:03:50.496,8.72574,8.72063,1,1
24.08.2021 01:03:50.635,8.72569,8.72063,1,1
24.08.2021 01:03:51.099,8.72569,8.72063,1,1
24.08.2021 01:03:51.195,8.72573,8.72063,1,1
24.08.2021 01:03:51.404,8.72573,8.72063,1,1
24.08.2021 01:03:51.626,8.72573,8.72063,1,1
24.08.2021 01:03:51.676,8.725530000000001,8.72063,1,1
24.08.2021 01:03:51.777,8.72572,8.72063,1,1
24.08.2021 01:03:51.928,8.72572,8.72059,1,1.5
24.08.2021 01:03:52.300,8.72573,8.72059,1,1.5
24.08.2021 01:03:52.426,8.72573,8.72059,1,1.5
24.08.2021 01:03:55.883,8.72573,8.72059,1,1.5
24.08.2021 01:03:57.689,8.725530000000001,8.72059,1,1.5
24.08.2021 01:03:57.790,8.72572,8.72059,1,1.5
24.08.2021 01:03:57.945,8.72572,8.72063,1,1
24.08.2021 01:03:58.128,8.72572,8.72063,1,1
24.08.2021 01:03:58.349,8.72573,8.72063,1,1
24.08.2021 01:03:59.225,8.72569,8.72063,1,1
24.08.2021 01:03:59.276,8.72568,8.72064,1,1
24.08.2021 01:03:59.755,8.72573,8.72063,1,1
24.08.2021 01:03:59.806,8.72573,8.72063,1,1
24.08.2021 01:04:00.469,8.72573,8.72063,1,1
24.08.2021 01:04:02.329,8.72569,8.72059,1,1.5
24.08.2021 01:04:02.513,8.72569,8.72059,1,1.5
24.08.2021 01:04:02.614,8.72569,8.72058,1,1
24.08.2021 01:04:02.697,8.72558,8.72058,1,1
24.08.2021 01:04:02.748,8.72558,8.72038,1,1
24.08.2021 01:04:02.869,8.72545,8.72038,1,1
24.08.2021 01:04:03.401,8.725430000000001,8.72034,1,1
24.08.2021 01:04:04.316,8.725230000000002,8.72034,1,1
24.08.2021 01:04:04.417,8.725230000000002,8.72034,1,1
24.08.2021 01:04:04.467,8.72542,8.72034,1,1
24.08.2021 01:04:04.584,8.725230000000002,8.72034,1,1
24.08.2021 01:04:04.685,8.72542,8.72034,1,1
24.08.2021 01:04:04.786,8.72542,8.720260000000001,1,1.5
24.08.2021 01:04:05.410,8.725430000000001,8.720260000000001,1,1.5
24.08.2021 01:04:05.965,8.725460000000002,8.720260000000001,1,1.5
24.08.2021 01:04:06.478,8.725460000000002,8.720260000000001,1,1.5
24.08.2021 01:04:07.985,8.725439999999999,8.720260000000001,1,1.5
24.08.2021 01:04:10.694,8.725430000000001,8.720260000000001,1,1.5
24.08.2021 01:04:10.888,8.725430000000001,8.720260000000001,1,1.5
24.08.2021 01:04:11.239,8.725389999999999,8.720260000000001,1,1.5
24.08.2021 01:04:14.429,8.725389999999999,8.720260000000001,1,1.5
24.08.2021 01:04:14.856,8.72534,8.720260000000001,1,1.5
24.08.2021 01:04:15.640,8.725439999999999,8.7201,1,1
24.08.2021 01:04:20.470,8.725280000000001,8.720260000000001,1,1.5
24.08.2021 01:04:21.950,8.725280000000001,8.720260000000001,1,1.5
24.08.2021 01:04:22.739,8.72525,8.720260000000001,1,1.5
24.08.2021 01:04:24.341,8.72525,8.720260000000001,1,1.5
24.08.2021 01:04:24.807,8.72526,8.720260000000001,1,1.5
24.08.2021 01:04:25.772,8.725230000000002,8.72027,1,1.5
24.08.2021 01:04:25.822,8.72524,8.720260000000001,1,1.5
24.08.2021 01:04:26.281,8.72524,8.72033,1,1
24.08.2021 01:04:27.088,8.725230000000002,8.72033,1,1
24.08.2021 01:04:27.393,8.72507,8.72033,1,1
24.08.2021 01:04:27.443,8.72507,8.71997,1,1.5
24.08.2021 01:04:27.497,8.725,8.71997,1,1.5
24.08.2021 01:04:27.547,8.725,8.71986,1,1.5
24.08.2021 01:04:27.600,8.725,8.71986,1,1.5
24.08.2021 01:04:27.825,8.725,8.71986,1,1.5
24.08.2021 01:04:28.006,8.72499,8.71987,1,1.5
24.08.2021 01:04:28.058,8.724910000000001,8.71986,1,1.5
24.08.2021 01:04:30.599,8.72495,8.71987,1,1.5
24.08.2021 01:04:30.700,8.72507,8.71986,1,1.5
24.08.2021 01:04:30.801,8.725060000000001,8.72006,1,1
24.08.2021 01:04:30.952,8.72507,8.720110000000002,1,1
24.08.2021 01:04:31.501,8.72507,8.720110000000002,1,1
24.08.2021 01:04:32.173,8.72507,8.720110000000002,1,1
24.08.2021 01:04:34.928,8.72507,8.720110000000002,1,1
24.08.2021 01:04:37.491,8.72507,8.720110000000002,1,1
24.08.2021 01:04:38.453,8.72507,8.72015,1,1
24.08.2021 01:04:40.655,8.72507,8.72015,1,1
24.08.2021 01:04:40.706,8.72537,8.720160000000002,1,1
24.08.2021 01:04:40.807,8.725380000000001,8.72015,1,1
24.08.2021 01:04:40.956,8.72537,8.720160000000002,1,1
24.08.2021 01:04:41.104,8.725430000000001,8.72015,1,1
24.08.2021 01:04:41.654,8.725439999999999,8.7202,1,1
24.08.2021 01:04:53.229,8.72542,8.720160000000002,1,1
24.08.2021 01:04:53.807,8.725430000000001,8.720160000000002,1,1
24.08.2021 01:04:55.223,8.725439999999999,8.720160000000002,1,1
24.08.2021 01:04:55.798,8.725439999999999,8.720320000000001,1,1
24.08.2021 01:04:55.952,8.725439999999999,8.720360000000001,1,1
24.08.2021 01:04:56.457,8.725439999999999,8.720260000000001,1,1.5
24.08.2021 01:04:56.507,8.72536,8.720260000000001,1,1.5
24.08.2021 01:04:56.617,8.72536,8.720260000000001,1,1.5
24.08.2021 01:04:56.923,8.72536,8.720260000000001,1,1.5
24.08.2021 01:04:57.032,8.72532,8.720260000000001,1,1.5
24.08.2021 01:04:57.092,8.72532,8.720260000000001,1,1.5
24.08.2021 01:04:58.712,8.72529,8.720260000000001,1,1.5
24.08.2021 01:04:59.442,8.72531,8.72027,1,1.5
24.08.2021 01:04:59.997,8.72529,8.720260000000001,1,1.5
24.08.2021 01:05:00.834,8.725200000000001,8.71996,1,1.5
24.08.2021 01:05:01.037,8.725200000000001,8.71996,1,1.5
24.08.2021 01:05:01.240,8.72503,8.71996,1,1.5
24.08.2021 01:05:01.290,8.725150000000001,8.71997,1,1.5
24.08.2021 01:05:01.850,8.725060000000001,8.71997,1,1.5
24.08.2021 01:05:02.768,8.72507,8.71996,1,1.5
24.08.2021 01:05:02.819,8.72516,8.71996,1,1.5
24.08.2021 01:05:08.079,8.72512,8.71996,1,1.5
24.08.2021 01:05:08.633,8.725100000000001,8.71996,1,1.5
24.08.2021 01:05:12.859,8.72508,8.71996,1,1.5
24.08.2021 01:05:12.909,8.72508,8.71996,1,1.5
24.08.2021 01:05:13.421,8.725010000000001,8.71996,1,1.5
24.08.2021 01:05:13.477,8.725010000000001,8.71996,1,1.5
24.08.2021 01:05:14.487,8.725010000000001,8.71996,1,1.5
24.08.2021 01:05:15.501,8.725010000000001,8.71996,1,1.5
24.08.2021 01:05:15.661,8.725050000000001,8.71996,1,1.5
24.08.2021 01:05:16.109,8.725010000000001,8.71996,1,1.5
24.08.2021 01:05:18.076,8.725050000000001,8.71996,1,1.5
24.08.2021 01:05:18.375,8.725050000000001,8.71996,1,1.5
24.08.2021 01:05:18.426,8.72517,8.71996,1,1.5
24.08.2021 01:05:18.477,8.72516,8.71997,1,1.5
24.08.2021 01:05:18.654,8.72517,8.71996,1,1.5
24.08.2021 01:05:18.855,8.72517,8.71996,1,1.5
24.08.2021 01:05:19.000,8.72514,8.71996,1,1.5
24.08.2021 01:05:19.467,8.72514,8.71996,1,1.5
24.08.2021 01:05:20.479,8.72514,8.71996,1,1.5
24.08.2021 01:05:23.370,8.72518,8.71996,1,1.5
24.08.2021 01:05:23.433,8.72518,8.71996,1,1.5
24.08.2021 01:05:23.534,8.72518,8.71996,1,1.5
24.08.2021 01:05:23.737,8.72517,8.71997,1,1.5
24.08.2021 01:05:23.938,8.72522,8.71996,1,1.5
24.08.2021 01:05:24.492,8.72518,8.71996,1,1.5
24.08.2021 01:05:25.327,8.72522,8.719980000000001,1,1
24.08.2021 01:05:25.478,8.72522,8.719980000000001,1,1
24.08.2021 01:05:25.659,8.72522,8.72002,1,1
24.08.2021 01:05:25.895,8.72529,8.72002,1,1
24.08.2021 01:05:28.203,8.725330000000001,8.720030000000001,1,1
24.08.2021 01:05:28.253,8.725330000000001,8.720030000000001,1,1
24.08.2021 01:05:28.413,8.725330000000001,8.720030000000001,1,1
24.08.2021 01:05:28.612,8.725330000000001,8.720030000000001,1,1
24.08.2021 01:05:28.754,8.72526,8.720030000000001,1,1
24.08.2021 01:05:28.856,8.72526,8.720030000000001,1,1
24.08.2021 01:05:28.959,8.72526,8.720030000000001,1,1
24.08.2021 01:05:29.311,8.72516,8.72004,1,1
24.08.2021 01:05:29.524,8.72516,8.72004,1,1
24.08.2021 01:05:30.643,8.72517,8.720030000000001,1,1
24.08.2021 01:05:30.694,8.72513,8.720030000000001,1,1
24.08.2021 01:05:31.051,8.72512,8.72004,1,1
24.08.2021 01:05:31.267,8.72509,8.720030000000001,1,1
24.08.2021 01:05:31.453,8.72509,8.720030000000001,1,1
24.08.2021 01:05:32.072,8.72513,8.720030000000001,1,1
24.08.2021 01:05:32.667,8.72509,8.720030000000001,1,1
24.08.2021 01:05:33.095,8.72509,8.71995,1,1
24.08.2021 01:05:33.246,8.72498,8.71991,1,1
24.08.2021 01:05:33.489,8.72498,8.71991,1,1
24.08.2021 01:05:33.593,8.72498,8.71991,1,1
24.08.2021 01:05:33.774,8.725010000000001,8.71992,1,1
24.08.2021 01:05:34.497,8.725010000000001,8.71992,1,1
24.08.2021 01:05:35.106,8.725050000000001,8.71991,1,1
24.08.2021 01:05:35.207,8.725050000000001,8.71991,1,1
24.08.2021 01:05:35.257,8.725050000000001,8.71991,1,1
24.08.2021 01:05:35.413,8.725050000000001,8.71991,1,1
24.08.2021 01:05:35.513,8.725050000000001,8.71991,1,1
24.08.2021 01:05:35.614,8.725050000000001,8.71991,1,1
24.08.2021 01:05:35.715,8.72513,8.71991,1,1
24.08.2021 01:05:35.819,8.72513,8.71991,1,1
24.08.2021 01:05:36.020,8.72513,8.71991,1,1
24.08.2021 01:05:38.383,8.72513,8.71991,1,1
24.08.2021 01:05:38.433,8.72509,8.71991,1,1
24.08.2021 01:05:38.646,8.72509,8.71991,1,1
24.08.2021 01:05:38.767,8.72509,8.71991,1,1
24.08.2021 01:05:38.971,8.72509,8.71991,1,1
24.08.2021 01:05:39.072,8.72512,8.71992,1,1
24.08.2021 01:05:39.479,8.72513,8.71991,1,1
24.08.2021 01:05:42.450,8.72513,8.71995,1,1
24.08.2021 01:05:42.501,8.72509,8.71995,1,1
24.08.2021 01:05:43.012,8.72513,8.71995,1,1
24.08.2021 01:05:43.153,8.72513,8.71995,1,1
24.08.2021 01:05:43.456,8.72513,8.71995,1,1
24.08.2021 01:05:43.609,8.72509,8.71995,1,1
24.08.2021 01:05:43.713,8.72508,8.71996,1,1
24.08.2021 01:05:43.867,8.72509,8.71995,1,1
24.08.2021 01:05:44.476,8.72509,8.71995,1,1
24.08.2021 01:05:44.577,8.72509,8.71995,1,1
24.08.2021 01:05:44.628,8.72513,8.71995,1,1
24.08.2021 01:05:45.176,8.72512,8.71995,1,1
24.08.2021 01:05:45.659,8.72512,8.71995,1,1
24.08.2021 01:05:45.879,8.72512,8.71996,1,1
24.08.2021 01:05:46.824,8.72513,8.71995,1,1
24.08.2021 01:05:46.874,8.72509,8.71995,1,1
24.08.2021 01:05:47.231,8.72509,8.71995,1,1
24.08.2021 01:05:47.374,8.72513,8.71995,1,1
24.08.2021 01:05:47.539,8.72513,8.71995,1,1
24.08.2021 01:05:49.680,8.72513,8.71995,1,1
24.08.2021 01:05:49.731,8.72508,8.71996,1,1
24.08.2021 01:05:50.623,8.72513,8.71995,1,1
24.08.2021 01:05:51.517,8.72512,8.71996,1,1
24.08.2021 01:05:54.503,8.72513,8.71995,1,1
24.08.2021 01:05:54.677,8.72517,8.72006,1,1
24.08.2021 01:05:54.728,8.72517,8.72006,1,1
24.08.2021 01:05:54.829,8.72517,8.72006,1,1
24.08.2021 01:05:55.269,8.72524,8.72006,1,1
24.08.2021 01:05:55.939,8.72531,8.72014,1,1
24.08.2021 01:05:55.990,8.72531,8.72014,1,1
24.08.2021 01:05:56.040,8.7255,8.71996,1,1.5
24.08.2021 01:05:56.091,8.7255,8.71996,1,1.5
24.08.2021 01:05:56.192,8.7255,8.71996,1,2.75
24.08.2021 01:05:56.506,8.7255,8.71996,1,2.75
24.08.2021 01:05:56.690,8.7255,8.71996,1,2.75
24.08.2021 01:05:56.741,8.725460000000002,8.71996,1,2.75
24.08.2021 01:05:56.929,8.725460000000002,8.71996,1,2.75
24.08.2021 01:05:56.993,8.725460000000002,8.71996,1,2.75
24.08.2021 01:05:57.280,8.725510000000002,8.72023,1,1
24.08.2021 01:05:57.812,8.72552,8.71996,1,2.75
24.08.2021 01:05:57.863,8.72559,8.71996,1,2.75
