Gmt time,Ask,Bid,AskVolume,BidVolume
24.08.2021 00:00:00.247,1.35674,1.35658,1.62,1
24.08.2021 00:00:00.348,1.35677,1.3566,1,1
24.08.2021 00:00:00.449,1.35681,1.35663,2,1
24.08.2021 00:00:00.551,1.3568,1.35664,1,1
24.08.2021 00:00:00.652,1.3568200000000001,1.35664,3,1
24.08.2021 00:00:02.493,1.35683,1.3566500000000001,1.7,1
24.08.2021 00:00:03.096,1.3568200000000001,1.3566600000000002,1,1
24.08.2021 00:00:05.473,1.35681,1.3566600000000002,1,1
24.08.2021 00:00:09.575,1.35681,1.35664,1,1
24.08.2021 00:00:20.258,1.35681,1.35663,1,1
24.08.2021 00:00:23.520,1.35678,1.35664,1,1
24.08.2021 00:00:34.053,1.35678,1.35663,1,1
24.08.2021 00:00:34.297,1.3567600000000002,1.3566200000000002,1,1
24.08.2021 00:00:34.606,1.3567500000000001,1.35661,1,1
24.08.2021 00:00:34.707,1.3567600000000002,1.35659,1,1
24.08.2021 00:00:34.858,1.35674,1.3566,1,1
24.08.2021 00:00:44.797,1.35673,1.35657,1,1
24.08.2021 00:00:44.898,1.35671,1.3565500000000001,1,1
24.08.2021 00:00:44.999,1.3566799999999999,1.35654,1,1.5
24.08.2021 00:00:45.301,1.3566600000000002,1.3565200000000002,1,1
24.08.2021 00:00:45.453,1.35669,1.35653,1,1
24.08.2021 00:00:57.189,1.35667,1.35653,1,1
24.08.2021 00:00:57.240,1.35667,1.35651,1,1
24.08.2021 00:01:00.695,1.3566600000000002,1.3565,1,1
24.08.2021 00:01:31.135,1.35664,1.35648,1,1
24.08.2021 00:01:31.616,1.35663,1.35646,1,1
24.08.2021 00:01:37.908,1.35661,1.35644,1,1
24.08.2021 00:01:39.053,1.35659,1.35644,1,1
24.08.2021 00:01:40.148,1.35658,1.3564100000000001,1,1
24.08.2021 00:01:47.425,1.3565500000000001,1.3564,1,1
24.08.2021 00:01:49.230,1.35654,1.35639,1,1.12
24.08.2021 00:02:02.915,1.3565200000000002,1.35637,1,2.25
24.08.2021 00:02:10.498,1.3565200000000002,1.35634,1,1
24.08.2021 00:02:11.150,1.35649,1.35634,1,1.12
24.08.2021 00:02:12.178,1.35648,1.35633,1,1
24.08.2021 00:02:20.115,1.35651,1.35634,1,1
24.08.2021 00:02:20.216,1.3565500000000001,1.35638,1,1
24.08.2021 00:02:20.864,1.3565600000000002,1.3564100000000001,1,1
24.08.2021 00:02:24.076,1.35657,1.3564200000000002,1,1
24.08.2021 00:02:24.379,1.35659,1.35644,1,1
24.08.2021 00:02:26.214,1.35661,1.35644,1,1
24.08.2021 00:02:26.853,1.35664,1.35647,1,1
24.08.2021 00:02:27.827,1.3566500000000001,1.3565,1,1
24.08.2021 00:02:29.107,1.35667,1.35651,1,1
24.08.2021 00:02:56.239,1.3566500000000001,1.35651,1,1
24.08.2021 00:02:59.460,1.35663,1.35649,1,1
24.08.2021 00:02:59.972,1.35663,1.35646,1,1.5
24.08.2021 00:03:00.460,1.3566200000000002,1.3564500000000002,1,1
24.08.2021 00:03:00.914,1.3566,1.35643,1,1.1
24.08.2021 00:03:05.542,1.35658,1.3564100000000001,1,1
24.08.2021 00:03:06.032,1.35657,1.3564,1,1
24.08.2021 00:03:08.641,1.35654,1.35639,1,1.2
24.08.2021 00:03:09.022,1.3565500000000001,1.35637,1,1.2
24.08.2021 00:03:09.124,1.35654,1.35637,1,1
24.08.2021 00:03:14.787,1.3565200000000002,1.35636,1,1.5
24.08.2021 00:03:14.888,1.35651,1.35634,1,1.5
24.08.2021 00:03:22.556,1.3565,1.35633,1,1.1
24.08.2021 00:03:28.451,1.35647,1.3563200000000002,1,1.5
24.08.2021 00:03:28.577,1.35647,1.3563100000000001,1,1
24.08.2021 00:03:32.958,1.35646,1.3563100000000001,1,1
24.08.2021 00:03:37.821,1.3564500000000002,1.35629,1,3.2
24.08.2021 00:03:42.928,1.35643,1.35629,1,1
24.08.2021 00:03:43.950,1.35643,1.35628,1,1.5
24.08.2021 00:03:44.528,1.3564200000000002,1.35627,1,1.5
24.08.2021 00:03:44.629,1.35643,1.35626,1,1
24.08.2021 00:03:44.752,1.3564100000000001,1.35626,1,1.12
24.08.2021 00:03:56.895,1.35639,1.3562400000000001,1,1
24.08.2021 00:03:57.047,1.35638,1.3562100000000001,1,1.6
24.08.2021 00:03:57.198,1.35637,1.3562200000000002,1,1
24.08.2021 00:04:06.087,1.35639,1.3562400000000001,1,1
24.08.2021 00:04:06.595,1.3564,1.35625,1,1
24.08.2021 00:05:02.819,1.35637,1.35623,1,1
24.08.2021 00:05:02.921,1.35639,1.3562200000000002,1,1
24.08.2021 00:05:06.336,1.35639,1.35625,1,1
24.08.2021 00:05:06.985,1.3564200000000002,1.35625,1,1
24.08.2021 00:05:58.916,1.3564200000000002,1.35627,1,1
24.08.2021 00:05:59.494,1.3564500000000002,1.35628,1,1
24.08.2021 00:05:59.645,1.35646,1.3563100000000001,1,1
24.08.2021 00:05:59.761,1.35647,1.3563200000000002,1,1
24.08.2021 00:06:01.642,1.35647,1.35634,1,1
24.08.2021 00:06:01.993,1.35648,1.3563100000000001,1,1
24.08.2021 00:06:12.866,1.35647,1.3563,1,1
24.08.2021 00:06:16.880,1.35648,1.35633,1,1
24.08.2021 00:06:28.258,1.35647,1.3563200000000002,1,1
24.08.2021 00:06:39.282,1.35646,1.3563200000000002,1,1
24.08.2021 00:06:39.736,1.35644,1.3563200000000002,1,1
24.08.2021 00:06:40.665,1.35643,1.35626,1,1.12
24.08.2021 00:06:48.198,1.3564100000000001,1.3562400000000001,1,1.12
24.08.2021 00:06:48.737,1.3564100000000001,1.35623,1,1
24.08.2021 00:06:49.201,1.3564,1.35623,1,1
24.08.2021 00:07:13.947,1.3564100000000001,1.35626,1,1.5
24.08.2021 00:07:14.048,1.3564200000000002,1.35627,1,1
24.08.2021 00:07:14.418,1.35644,1.35627,1,1
24.08.2021 00:07:25.865,1.35643,1.35626,1,1
24.08.2021 00:07:45.698,1.3564200000000002,1.35625,1,1
24.08.2021 00:08:10.160,1.35643,1.35626,1,1
24.08.2021 00:08:15.224,1.3564200000000002,1.3562400000000001,1,1.5
24.08.2021 00:08:46.583,1.35643,1.35626,1,1
24.08.2021 00:08:46.930,1.35643,1.35628,1,1
24.08.2021 00:08:47.192,1.3564500000000002,1.35628,1,1
24.08.2021 00:09:00.290,1.35646,1.3563100000000001,1,1
24.08.2021 00:09:00.391,1.35648,1.3563200000000002,1,1
24.08.2021 00:09:23.558,1.35647,1.3563200000000002,1.5,1
24.08.2021 00:09:37.439,1.35648,1.3563200000000002,1,1
24.08.2021 00:09:37.655,1.35648,1.35634,1,1
24.08.2021 00:09:37.909,1.3565,1.35634,1,1
24.08.2021 00:09:54.523,1.35651,1.35637,1,1
24.08.2021 00:09:54.675,1.3565600000000002,1.3564,1,1
24.08.2021 00:09:54.827,1.35658,1.35644,1,1
24.08.2021 00:09:54.932,1.3566,1.3564500000000002,1,1
24.08.2021 00:10:06.587,1.3566,1.35643,1,1
24.08.2021 00:10:31.036,1.35658,1.3564200000000002,1,1
24.08.2021 00:10:33.105,1.35657,1.3564200000000002,1,1
24.08.2021 00:11:02.013,1.35658,1.35643,1,1
24.08.2021 00:11:02.228,1.35659,1.3564500000000002,1,1
24.08.2021 00:11:02.329,1.35661,1.3564500000000002,1,1
24.08.2021 00:11:05.331,1.35661,1.3564500000000002,1,1.5
24.08.2021 00:11:05.514,1.3566,1.35646,1,1.12
24.08.2021 00:11:16.133,1.3566,1.35646,1,1.5
24.08.2021 00:11:16.381,1.35663,1.35647,1,1
24.08.2021 00:11:17.091,1.35663,1.35651,1,1.5
24.08.2021 00:11:17.142,1.35667,1.35651,1,1.12
24.08.2021 00:11:17.243,1.3566600000000002,1.3565200000000002,1,1.5
24.08.2021 00:11:17.394,1.35667,1.35653,1,1.12
24.08.2021 00:11:17.445,1.3567200000000001,1.3565600000000002,1,1
24.08.2021 00:11:18.141,1.35673,1.35657,1,1
24.08.2021 00:11:36.101,1.3567200000000001,1.35658,1.5,1
24.08.2021 00:11:37.084,1.3567200000000001,1.35658,1.12,1
24.08.2021 00:12:01.389,1.35674,1.35658,1.5,1
24.08.2021 00:12:01.945,1.35674,1.35658,1.12,1
24.08.2021 00:12:04.581,1.3567600000000002,1.3566,1.5,1
24.08.2021 00:12:07.675,1.35677,1.35661,1,1.87
24.08.2021 00:12:07.725,1.35679,1.35669,1,1
24.08.2021 00:12:07.826,1.3568200000000001,1.3566799999999999,1.12,1
24.08.2021 00:12:08.519,1.35684,1.3566799999999999,1,1
24.08.2021 00:12:12.687,1.3568500000000001,1.3567,2,1
24.08.2021 00:12:12.789,1.3568500000000001,1.35671,1,1
24.08.2021 00:12:14.710,1.3568700000000002,1.3567,1,1
24.08.2021 00:12:20.346,1.3568700000000002,1.3567200000000001,1.12,1
24.08.2021 00:12:20.396,1.35689,1.35673,1,1
24.08.2021 00:12:20.497,1.35689,1.35677,1,1
24.08.2021 00:12:21.423,1.35689,1.3567500000000001,1,1
24.08.2021 00:12:22.581,1.35688,1.3567500000000001,1,1
24.08.2021 00:12:22.813,1.3569,1.3567500000000001,1,1
24.08.2021 00:12:30.303,1.3569,1.35674,1,1
24.08.2021 00:12:30.354,1.35689,1.3567200000000001,1,1
24.08.2021 00:12:30.743,1.35689,1.3567200000000001,1.6,1
24.08.2021 00:12:30.894,1.3568700000000002,1.3567200000000001,1.12,1
24.08.2021 00:12:31.342,1.3568600000000002,1.35669,1,1
24.08.2021 00:12:31.637,1.35684,1.35669,1,1
24.08.2021 00:12:50.957,1.3568600000000002,1.35669,1,1
24.08.2021 00:12:55.461,1.3568700000000002,1.3567,1,1
24.08.2021 00:12:55.562,1.3568600000000002,1.35673,1.5,1
24.08.2021 00:12:55.663,1.35689,1.3567200000000001,1.87,1
24.08.2021 00:12:57.979,1.3568700000000002,1.35673,1,1
24.08.2021 00:12:58.184,1.35688,1.35673,1,1
24.08.2021 00:13:00.293,1.3569,1.35674,1,1
24.08.2021 00:13:05.760,1.35689,1.3567600000000002,1,1
24.08.2021 00:13:06.240,1.35693,1.3567600000000002,1,1
24.08.2021 00:13:06.391,1.35695,1.35678,2.25,1
24.08.2021 00:13:06.715,1.3569600000000002,1.35679,1,1
24.08.2021 00:13:07.375,1.3569700000000002,1.3568200000000001,1.1,1
24.08.2021 00:13:33.037,1.3569700000000002,1.35681,1,1
24.08.2021 00:13:33.138,1.35695,1.3568,1,1
24.08.2021 00:13:33.584,1.35695,1.35678,1,1
24.08.2021 00:13:33.887,1.35693,1.3567600000000002,1,1
24.08.2021 00:13:34.808,1.35691,1.3567600000000002,1,1
24.08.2021 00:14:20.768,1.35689,1.3567500000000001,1,1
24.08.2021 00:15:13.371,1.35691,1.3567500000000001,1,1
24.08.2021 00:15:58.052,1.3569200000000001,1.3567600000000002,1,1
24.08.2021 00:15:59.204,1.35693,1.3568,1,1
24.08.2021 00:15:59.306,1.35694,1.3568,1,1
24.08.2021 00:15:59.407,1.3569600000000002,1.3568,1,1
24.08.2021 00:15:59.672,1.3569700000000002,1.35683,1,1
24.08.2021 00:16:09.732,1.35694,1.3568,1,1
24.08.2021 00:16:09.883,1.35694,1.3568,1,1
24.08.2021 00:16:10.323,1.35695,1.35679,1,1
24.08.2021 00:16:37.342,1.35693,1.35678,1,2.85
24.08.2021 00:16:37.493,1.3569200000000001,1.35678,1,1
24.08.2021 00:16:38.073,1.3569200000000001,1.35677,1,1
24.08.2021 00:16:39.074,1.3569200000000001,1.3567600000000002,1,1
24.08.2021 00:16:50.351,1.35691,1.3567600000000002,1,1
24.08.2021 00:16:55.950,1.3569,1.3567600000000002,1,1.87
24.08.2021 00:16:56.822,1.3569,1.3567600000000002,1,1
24.08.2021 00:17:04.031,1.35691,1.3567600000000002,1,1
24.08.2021 00:17:08.487,1.3569200000000001,1.3567600000000002,1,1
24.08.2021 00:17:08.588,1.35691,1.35678,1,2
24.08.2021 00:17:09.108,1.3569600000000002,1.35678,1,1
24.08.2021 00:17:09.260,1.3569700000000002,1.35678,1,1.7
24.08.2021 00:17:09.361,1.3569600000000002,1.3568,1,2.07
24.08.2021 00:17:09.515,1.35693,1.3568,1,2.07
24.08.2021 00:17:11.517,1.35695,1.3568,1,1.7
24.08.2021 00:17:12.038,1.35694,1.3568,1,1.1
24.08.2021 00:17:14.193,1.3569700000000002,1.35679,1,1.1
24.08.2021 00:17:15.170,1.35694,1.3568,1,1.7
24.08.2021 00:17:15.740,1.3569700000000002,1.35681,1,1.5
24.08.2021 00:17:16.300,1.35698,1.3568,1.5,1.7
24.08.2021 00:17:20.168,1.3569600000000002,1.35681,1,1.1
24.08.2021 00:17:25.071,1.3569600000000002,1.3568200000000001,1,1.12
24.08.2021 00:17:29.895,1.3569600000000002,1.35681,1,1.87
24.08.2021 00:17:30.097,1.35695,1.35679,1,2.37
24.08.2021 00:17:30.891,1.35695,1.35679,1,1.87
24.08.2021 00:17:32.461,1.35694,1.35678,1,2.25
24.08.2021 00:17:33.413,1.35693,1.35679,1,2.37
24.08.2021 00:17:39.605,1.35698,1.35679,1,1.1
24.08.2021 00:17:39.807,1.35698,1.35679,1,1.7
24.08.2021 00:17:40.251,1.35698,1.3568,1,1.1
24.08.2021 00:17:43.708,1.35695,1.35678,1,2.82
24.08.2021 00:17:44.168,1.35695,1.35678,1,2.45
24.08.2021 00:17:45.141,1.35695,1.35678,1,1.1
24.08.2021 00:17:46.129,1.35694,1.35679,1,1.1
24.08.2021 00:17:48.809,1.35693,1.35679,1,1
24.08.2021 00:17:54.921,1.3569200000000001,1.35677,1,1.62
24.08.2021 00:17:58.933,1.3569200000000001,1.35678,1,1
24.08.2021 00:17:59.163,1.35691,1.35678,1,2
24.08.2021 00:18:00.046,1.3569200000000001,1.35677,1,1
24.08.2021 00:18:01.104,1.35691,1.35679,1,1
24.08.2021 00:18:03.006,1.35694,1.35678,1,1
24.08.2021 00:18:04.711,1.35693,1.3568,1,1
24.08.2021 00:18:11.098,1.35691,1.35679,1,1
24.08.2021 00:18:41.980,1.35691,1.3568,1,1
24.08.2021 00:18:56.421,1.3569200000000001,1.35678,1,1.5
24.08.2021 00:18:59.056,1.3569200000000001,1.35677,1,1.12
24.08.2021 00:19:00.395,1.35691,1.35677,1,1
24.08.2021 00:19:00.496,1.3569200000000001,1.3567600000000002,1,1
24.08.2021 00:19:02.701,1.35691,1.35677,1,1
24.08.2021 00:19:02.802,1.3569,1.35677,1,1
24.08.2021 00:19:03.072,1.3569,1.3567500000000001,1,2.62
24.08.2021 00:19:03.173,1.35689,1.3567500000000001,1,2.25
24.08.2021 00:19:03.336,1.35689,1.3567200000000001,1,1.1
24.08.2021 00:19:07.911,1.35689,1.3567,1,1.1
24.08.2021 00:19:08.012,1.35689,1.3567,1,1.1
24.08.2021 00:19:54.600,1.3568700000000002,1.35671,1,1
24.08.2021 00:19:54.701,1.35684,1.3567200000000001,1,1
24.08.2021 00:19:54.803,1.35684,1.3567,1,1
24.08.2021 00:19:54.854,1.35683,1.35669,1,1
24.08.2021 00:19:55.107,1.35683,1.35667,1,1
24.08.2021 00:19:56.713,1.3568200000000001,1.35667,1,1.5
24.08.2021 00:19:58.781,1.3568,1.35667,1,1
24.08.2021 00:19:58.901,1.35681,1.3566600000000002,1,1
24.08.2021 00:20:17.808,1.3568200000000001,1.3566600000000002,1,1.6
24.08.2021 00:20:19.092,1.3568200000000001,1.3566500000000001,1,1.1
24.08.2021 00:21:24.701,1.3568200000000001,1.35663,1,1
24.08.2021 00:21:30.584,1.3568200000000001,1.3566500000000001,1,1
24.08.2021 00:21:38.201,1.35681,1.3566600000000002,1,2.07
24.08.2021 00:21:40.813,1.3568600000000002,1.3567,1.5,1
24.08.2021 00:21:40.913,1.3568700000000002,1.3567200000000001,1,1.57
24.08.2021 00:21:41.073,1.35688,1.35671,1,1.6
24.08.2021 00:21:45.355,1.3568700000000002,1.3567200000000001,1.5,1.1
24.08.2021 00:22:31.580,1.35688,1.3567,1,1.72
24.08.2021 00:22:35.760,1.35688,1.3567,1,2.07
24.08.2021 00:22:35.861,1.3568600000000002,1.35671,1,1
24.08.2021 00:22:36.012,1.3568500000000001,1.3567,1,1
24.08.2021 00:22:36.657,1.35683,1.3567,1,1
24.08.2021 00:22:51.527,1.3568700000000002,1.3567,1,1
24.08.2021 00:22:51.678,1.35688,1.3567,1,1.5
24.08.2021 00:22:52.140,1.3568700000000002,1.35671,1,1.62
24.08.2021 00:22:52.241,1.35688,1.35671,1,1.7
24.08.2021 00:22:57.648,1.3569,1.35671,1,1
24.08.2021 00:23:03.025,1.35689,1.3567200000000001,1,1
24.08.2021 00:23:17.980,1.3569,1.3567200000000001,1,1.22
24.08.2021 00:24:01.183,1.3568700000000002,1.35673,1,1.22
24.08.2021 00:24:01.313,1.3568700000000002,1.35673,1,1.2
24.08.2021 00:24:07.591,1.35688,1.3567200000000001,1,2.45
24.08.2021 00:24:19.625,1.35688,1.35671,1,1.22
24.08.2021 00:24:29.196,1.35689,1.35674,1,1
24.08.2021 00:24:31.243,1.3569,1.3567600000000002,1,1
24.08.2021 00:24:47.521,1.35689,1.3567500000000001,1,1
24.08.2021 00:25:01.369,1.3569200000000001,1.3567500000000001,1,1
24.08.2021 00:25:03.234,1.3569200000000001,1.35678,1.5,1
24.08.2021 00:25:06.124,1.3569200000000001,1.3568,1,1
24.08.2021 00:25:06.175,1.3569700000000002,1.35681,1,1
24.08.2021 00:25:06.377,1.35698,1.35684,1,1
24.08.2021 00:25:07.428,1.357,1.35684,1,1
24.08.2021 00:25:11.288,1.3570200000000001,1.3568600000000002,1,1
24.08.2021 00:25:12.225,1.35703,1.3568700000000002,1,1
24.08.2021 00:25:28.406,1.35703,1.3568700000000002,1,1.5
24.08.2021 00:25:32.801,1.35703,1.35689,1,1
24.08.2021 00:25:32.902,1.3570900000000001,1.35693,1.5,1
24.08.2021 00:25:32.953,1.3571,1.3569600000000002,1.87,1
24.08.2021 00:26:00.689,1.35712,1.35698,1,1
24.08.2021 00:26:07.740,1.35714,1.357,1,1
24.08.2021 00:26:17.337,1.3571600000000001,1.3570200000000001,1,1
24.08.2021 00:26:17.438,1.3572,1.35704,2.25,1
24.08.2021 00:26:17.539,1.35721,1.3570700000000002,1,1
24.08.2021 00:26:17.640,1.35723,1.3570900000000001,1,1
24.08.2021 00:26:17.741,1.35725,1.3570900000000001,1,1
24.08.2021 00:26:30.733,1.35724,1.35708,1,1
24.08.2021 00:26:42.757,1.35725,1.3570900000000001,1,1
24.08.2021 00:27:15.103,1.35724,1.35708,1,1
24.08.2021 00:27:17.100,1.35722,1.3570600000000002,1,1
24.08.2021 00:27:33.586,1.3571900000000001,1.35705,1,1
24.08.2021 00:27:33.934,1.35718,1.35704,1,1
24.08.2021 00:28:46.499,1.35722,1.35705,1.5,1
24.08.2021 00:28:47.388,1.35722,1.3570600000000002,1,1
24.08.2021 00:28:47.439,1.35722,1.35708,1,1
24.08.2021 00:28:47.490,1.35725,1.35708,4.25,1
24.08.2021 00:28:47.592,1.35724,1.35711,1.5,1
24.08.2021 00:28:47.844,1.35724,1.35713,1.5,1
24.08.2021 00:28:47.996,1.3572700000000002,1.35712,1,1
24.08.2021 00:28:53.471,1.3572600000000001,1.35715,1,1
24.08.2021 00:28:59.390,1.35731,1.35714,1,1
24.08.2021 00:29:10.840,1.35732,1.35715,1,1
24.08.2021 00:29:11.146,1.35734,1.3571700000000002,3.12,1
24.08.2021 00:29:11.247,1.35733,1.35718,2.62,1
24.08.2021 00:29:25.033,1.35735,1.35718,1,1
24.08.2021 00:29:45.045,1.3573600000000001,1.35721,1,1
24.08.2021 00:30:11.993,1.35734,1.3572,1,1
24.08.2021 00:30:12.419,1.35733,1.3571700000000002,1,1
24.08.2021 00:30:19.026,1.35732,1.35715,1.5,1
24.08.2021 00:30:19.545,1.35729,1.35714,1,1
24.08.2021 00:30:19.646,1.35729,1.35713,1,1
24.08.2021 00:30:19.797,1.35729,1.35712,1.5,1
24.08.2021 00:30:54.064,1.3572700000000002,1.35711,1,1
24.08.2021 00:30:57.877,1.35725,1.3571,1,1
24.08.2021 00:31:06.405,1.35724,1.35708,1,1
24.08.2021 00:31:06.456,1.35722,1.3570700000000002,1,1
24.08.2021 00:31:06.607,1.3572,1.3570700000000002,1,1
24.08.2021 00:31:07.022,1.3572,1.3570600000000002,1.5,1
24.08.2021 00:31:12.237,1.3571900000000001,1.35705,1,1
24.08.2021 00:31:12.338,1.35718,1.35703,1,1
24.08.2021 00:31:14.841,1.3571600000000001,1.35701,1,1
24.08.2021 00:31:34.839,1.35714,1.357,1,1
24.08.2021 00:32:30.844,1.35712,1.3569700000000002,1,1
24.08.2021 00:32:31.504,1.35714,1.3569700000000002,1,1
24.08.2021 00:32:36.505,1.35715,1.357,1,1
24.08.2021 00:32:38.674,1.3571600000000001,1.35701,1,1
24.08.2021 00:32:38.825,1.35718,1.357,1,1
24.08.2021 00:33:13.216,1.3571700000000002,1.35699,1,1
24.08.2021 00:33:15.547,1.35715,1.35698,1,1.95
24.08.2021 00:33:17.334,1.35713,1.35698,1,1.12
24.08.2021 00:33:25.641,1.35713,1.3569700000000002,1,1.57
24.08.2021 00:33:26.906,1.35711,1.3569600000000002,1,1.12
24.08.2021 00:33:27.007,1.35711,1.35695,1,1
24.08.2021 00:33:27.241,1.3571,1.35693,1,1
24.08.2021 00:33:27.342,1.3571,1.3569200000000001,1,1
24.08.2021 00:33:27.735,1.3570900000000001,1.3569200000000001,1,1
24.08.2021 00:33:33.620,1.3570900000000001,1.35691,1,1
24.08.2021 00:33:38.128,1.3570700000000002,1.3569200000000001,1,1
24.08.2021 00:33:41.428,1.3570600000000002,1.35691,1,1
24.08.2021 00:33:41.832,1.35705,1.35689,1,1.12
24.08.2021 00:33:49.091,1.35704,1.35689,1,1
24.08.2021 00:34:13.229,1.3570200000000001,1.3568700000000002,1,1
24.08.2021 00:34:13.653,1.35701,1.3568600000000002,1,1.12
24.08.2021 00:34:14.281,1.357,1.3568500000000001,1,1
24.08.2021 00:34:17.677,1.35701,1.3568600000000002,1,1
24.08.2021 00:34:17.778,1.35703,1.3568600000000002,1,1
24.08.2021 00:34:18.162,1.35703,1.3568600000000002,1,1.1
24.08.2021 00:34:18.609,1.35705,1.35688,1,1
24.08.2021 00:34:19.411,1.3570700000000002,1.35691,1,1
24.08.2021 00:37:18.893,1.3570700000000002,1.35693,1,1
24.08.2021 00:37:30.470,1.3570600000000002,1.3569200000000001,1,1
24.08.2021 00:37:31.252,1.3570600000000002,1.35689,1,1
24.08.2021 00:37:37.598,1.35703,1.3568600000000002,1,1.57
24.08.2021 00:37:42.626,1.3570200000000001,1.3568500000000001,1,1.6
24.08.2021 00:38:03.931,1.35701,1.35683,1,2.07
24.08.2021 00:38:04.183,1.35699,1.35681,1,1.6
24.08.2021 00:38:04.971,1.35698,1.3568200000000001,1,2.32
24.08.2021 00:38:05.122,1.35698,1.35681,1,2.32
24.08.2021 00:38:05.644,1.3569700000000002,1.35681,1,1.87
24.08.2021 00:38:09.600,1.3569700000000002,1.35679,1,1.97
24.08.2021 00:38:15.293,1.3569600000000002,1.3568,1,2.32
24.08.2021 00:38:15.495,1.35695,1.35679,1,1.1
24.08.2021 00:38:16.343,1.3569600000000002,1.3568,1,1.1
24.08.2021 00:38:17.341,1.35694,1.35679,1,1.1
24.08.2021 00:38:21.333,1.3569700000000002,1.35677,1,3.97
24.08.2021 00:38:21.434,1.35695,1.35679,1,1.6
24.08.2021 00:38:22.194,1.35693,1.35679,1,1.6
24.08.2021 00:38:22.513,1.35693,1.35679,1,1.1
24.08.2021 00:38:32.972,1.35693,1.35678,1,1.95
24.08.2021 00:38:33.073,1.35694,1.35677,1,1.97
24.08.2021 00:38:36.405,1.35693,1.35678,1,1.57
24.08.2021 00:38:39.377,1.35693,1.35678,1,1.6
24.08.2021 00:38:42.977,1.35694,1.35677,1,1.57
24.08.2021 00:39:03.891,1.35693,1.35677,1,1.2
24.08.2021 00:39:04.143,1.35691,1.3567600000000002,1,2.45
24.08.2021 00:39:04.421,1.35691,1.3567600000000002,1,1.5
24.08.2021 00:39:04.530,1.35691,1.35677,1,1
24.08.2021 00:39:22.050,1.35691,1.3567500000000001,1,1.2
24.08.2021 00:39:30.238,1.35691,1.3567500000000001,1,1.22
24.08.2021 00:39:33.495,1.3569200000000001,1.3567500000000001,1,1.1
24.08.2021 00:39:37.561,1.35691,1.3567600000000002,1,1.7
24.08.2021 00:39:55.945,1.3569200000000001,1.35677,1,2.47
24.08.2021 00:39:56.146,1.3569600000000002,1.35678,1,1.1
24.08.2021 00:39:56.899,1.3569600000000002,1.35678,1,1.6
24.08.2021 00:40:28.357,1.35695,1.35679,1,1.22
24.08.2021 00:40:28.458,1.3569600000000002,1.35678,1,1.22
24.08.2021 00:40:28.609,1.3569700000000002,1.35681,1,1.57
24.08.2021 00:40:29.355,1.35699,1.35681,1,1.95
24.08.2021 00:40:29.838,1.35698,1.3568200000000001,1,2.72
24.08.2021 00:40:29.989,1.357,1.35681,1,2.72
24.08.2021 00:40:30.044,1.35699,1.3568500000000001,1,1
24.08.2021 00:40:30.736,1.35701,1.35684,1,1.6
24.08.2021 00:40:30.837,1.35703,1.3568500000000001,1,1.1
24.08.2021 00:40:30.987,1.35703,1.35688,1,1.22
24.08.2021 00:40:31.832,1.35704,1.35688,1,3.22
24.08.2021 00:40:31.982,1.35704,1.35688,1,3.22
24.08.2021 00:40:32.331,1.3570700000000002,1.3568700000000002,1,3.97
24.08.2021 00:40:32.432,1.35704,1.35688,1,1.1
24.08.2021 00:40:38.719,1.35704,1.3568600000000002,1,4.35
24.08.2021 00:40:41.645,1.35704,1.3568600000000002,1,2.1
24.08.2021 00:40:44.091,1.35704,1.35688,1,1.22
24.08.2021 00:40:44.193,1.35705,1.35689,1,1.95
24.08.2021 00:40:45.143,1.3570600000000002,1.35688,1,2.07
24.08.2021 00:40:46.092,1.3570700000000002,1.35689,1,3.22
24.08.2021 00:40:46.194,1.35708,1.35688,1,3.1
24.08.2021 00:40:51.191,1.3570700000000002,1.35689,1,2.72
24.08.2021 00:40:51.241,1.3570600000000002,1.35688,1,1.97
24.08.2021 00:41:00.735,1.3570700000000002,1.35688,1,1.1
24.08.2021 00:41:00.941,1.35705,1.35688,1,1.1
24.08.2021 00:41:01.042,1.35705,1.3568600000000002,1,3.6
24.08.2021 00:41:01.497,1.35704,1.3568600000000002,1,1.1
24.08.2021 00:41:02.030,1.35704,1.3568600000000002,1,1.1
24.08.2021 00:41:04.964,1.3570200000000001,1.3568700000000002,1,1
24.08.2021 00:41:05.678,1.3570200000000001,1.35683,1,1.6
24.08.2021 00:41:05.729,1.35701,1.3568200000000001,1,1.2
24.08.2021 00:41:06.013,1.35699,1.35683,1,1.1
24.08.2021 00:41:06.849,1.35698,1.35679,1,2.47
24.08.2021 00:41:07.107,1.3569700000000002,1.3568,1,1.72
24.08.2021 00:41:12.800,1.35695,1.35678,1,2.47
24.08.2021 00:41:13.316,1.35694,1.35678,1,1.1
24.08.2021 00:41:13.417,1.35694,1.3567600000000002,1,2.1
24.08.2021 00:41:13.468,1.35693,1.35677,1,2.1
24.08.2021 00:41:14.140,1.35693,1.3567600000000002,1,2.47
24.08.2021 00:41:47.441,1.35693,1.3567600000000002,1,1.1
24.08.2021 00:41:47.592,1.35693,1.35677,1,1.1
24.08.2021 00:42:10.614,1.3569200000000001,1.3567600000000002,1,2.45
24.08.2021 00:42:11.185,1.35691,1.35677,1,1.87
24.08.2021 00:42:43.908,1.35693,1.35677,1,1
24.08.2021 00:42:44.059,1.35695,1.35677,1,1.6
24.08.2021 00:42:44.998,1.3569700000000002,1.35678,1,2.47
24.08.2021 00:42:45.255,1.35698,1.3568,1,1.2
24.08.2021 00:42:45.356,1.35699,1.35679,1,1.97
24.08.2021 00:42:46.538,1.35699,1.35681,1,1
24.08.2021 00:42:50.711,1.35698,1.3568200000000001,1,1.6
24.08.2021 00:42:50.815,1.35699,1.35684,1,1
24.08.2021 00:42:52.109,1.35699,1.35684,1,1.1
24.08.2021 00:42:56.377,1.35699,1.3568500000000001,1,1.6
24.08.2021 00:42:56.428,1.3570200000000001,1.3568500000000001,1,1.12
24.08.2021 00:42:58.318,1.3570200000000001,1.3568500000000001,1,1.1
24.08.2021 00:42:58.419,1.3570600000000002,1.35688,1,1
24.08.2021 00:42:58.634,1.3570600000000002,1.35689,1,2.7
24.08.2021 00:42:58.836,1.3570700000000002,1.35688,1,2.72
24.08.2021 00:42:59.976,1.3570600000000002,1.35688,1,4.6
24.08.2021 00:43:00.479,1.3570900000000001,1.35689,1,1.1
24.08.2021 00:43:02.714,1.3570700000000002,1.35688,1,1.72
24.08.2021 00:43:03.392,1.35703,1.35689,1,1
24.08.2021 00:43:03.493,1.35703,1.35688,1,1.5
24.08.2021 00:43:03.644,1.35704,1.3568700000000002,1,1.12
24.08.2021 00:43:26.834,1.35703,1.3568600000000002,1,1.62
24.08.2021 00:43:27.703,1.35703,1.3568600000000002,1,1.5
24.08.2021 00:43:42.312,1.35705,1.35688,1,1
24.08.2021 00:43:43.609,1.35705,1.3569,1,1.12
24.08.2021 00:43:53.629,1.35704,1.3568700000000002,1,1.7
24.08.2021 00:44:03.324,1.35703,1.35688,1,1.57
24.08.2021 00:44:04.710,1.35704,1.3568700000000002,1,1.7
24.08.2021 00:44:11.600,1.35704,1.3568700000000002,1,1.57
24.08.2021 00:44:27.620,1.35705,1.3568700000000002,1,1.12
24.08.2021 00:44:27.864,1.35705,1.3569,1,1
24.08.2021 00:44:45.511,1.3570600000000002,1.35689,1,1.6
24.08.2021 00:44:45.561,1.3570700000000002,1.3569200000000001,1,1.1
24.08.2021 00:44:46.710,1.35708,1.35689,1,1.6
24.08.2021 00:44:47.281,1.35708,1.35688,1,3.22
24.08.2021 00:45:00.161,1.3570600000000002,1.3569,1,1.1
24.08.2021 00:45:12.306,1.35704,1.35688,1,2.45
24.08.2021 00:45:15.600,1.35704,1.3568700000000002,1,3.97
24.08.2021 00:45:19.667,1.35703,1.3568600000000002,1,1.6
24.08.2021 00:45:19.718,1.3570200000000001,1.3568600000000002,1,1
24.08.2021 00:45:19.870,1.35703,1.3568600000000002,1,1
24.08.2021 00:45:20.126,1.357,1.3568700000000002,1,1
24.08.2021 00:45:20.227,1.35699,1.35683,1,1.1
24.08.2021 00:45:22.600,1.35699,1.35683,1,1.1
24.08.2021 00:45:38.150,1.35698,1.35681,1,2.1
24.08.2021 00:45:39.400,1.35698,1.3568,1,1.2
24.08.2021 00:45:39.501,1.35695,1.3568,1,1.7
24.08.2021 00:45:39.602,1.3569600000000002,1.35678,1,1.1
24.08.2021 00:45:40.590,1.35695,1.35679,1,1.1
24.08.2021 00:45:40.764,1.35694,1.35678,1,1.1
24.08.2021 00:45:43.756,1.35693,1.35677,1,1.2
24.08.2021 00:45:46.273,1.35691,1.35677,1,1.12
24.08.2021 00:45:51.100,1.35691,1.3567600000000002,1,1
24.08.2021 00:46:33.642,1.35691,1.3567600000000002,1,1
24.08.2021 00:46:47.760,1.35693,1.3567500000000001,1,2.45
24.08.2021 00:46:47.911,1.35693,1.35677,1,1.87
24.08.2021 00:46:48.302,1.35693,1.35679,1,1.12
24.08.2021 00:46:48.677,1.35695,1.35679,1,1.57
24.08.2021 00:46:54.675,1.3569600000000002,1.35678,1,1.7
24.08.2021 00:47:31.838,1.35695,1.35679,1,1.2
24.08.2021 00:47:56.370,1.35695,1.35677,1,1.7
24.08.2021 00:47:56.471,1.35689,1.3567600000000002,1,1
24.08.2021 00:47:56.521,1.3569,1.35674,1,2.45
24.08.2021 00:47:56.985,1.35691,1.3567500000000001,1,1.12
24.08.2021 00:48:08.839,1.3569,1.3567500000000001,1,1
24.08.2021 00:48:08.890,1.35689,1.3567200000000001,1,3.97
24.08.2021 00:48:08.990,1.3568600000000002,1.3567200000000001,1,4.72
24.08.2021 00:48:09.889,1.3568600000000002,1.3567200000000001,1,2.45
24.08.2021 00:48:10.895,1.3568600000000002,1.3567200000000001,1,2.45
24.08.2021 00:48:14.537,1.35688,1.3567200000000001,1,3.2
24.08.2021 00:48:14.961,1.35688,1.3567200000000001,1,3.2
24.08.2021 00:48:26.058,1.35688,1.35671,1,2
24.08.2021 00:48:26.969,1.3568700000000002,1.3567200000000001,1,1.7
24.08.2021 00:48:27.102,1.35688,1.3567200000000001,1,2.47
24.08.2021 00:48:39.442,1.35691,1.3567200000000001,1,1.12
24.08.2021 00:48:43.689,1.35691,1.35674,1,1
24.08.2021 00:48:43.739,1.3569,1.35673,1,2.32
24.08.2021 00:48:44.064,1.35691,1.3567200000000001,1,3.2
24.08.2021 00:48:46.044,1.35691,1.35674,1,1
24.08.2021 00:48:46.297,1.35691,1.3567600000000002,1,1.12
24.08.2021 00:48:46.704,1.3569200000000001,1.3567600000000002,1,2.7
24.08.2021 00:48:46.805,1.35695,1.35677,1,2.37
24.08.2021 00:48:48.074,1.3569700000000002,1.35678,1,1.12
24.08.2021 00:48:48.628,1.3569600000000002,1.35679,1,1.5
24.08.2021 00:49:01.579,1.3569700000000002,1.35681,1.5,1
24.08.2021 00:49:01.730,1.35698,1.3568200000000001,1,1.87
24.08.2021 00:49:01.831,1.357,1.3568600000000002,1,1.12
24.08.2021 00:49:01.983,1.35704,1.3568600000000002,1,1
24.08.2021 00:49:02.085,1.3570200000000001,1.3568700000000002,1,1.5
24.08.2021 00:49:02.501,1.35704,1.3568700000000002,1,1
24.08.2021 00:49:02.659,1.35703,1.35689,1,1
24.08.2021 00:49:09.880,1.35704,1.35689,1,1.12
24.08.2021 00:49:38.100,1.35705,1.35688,1,1.7
24.08.2021 00:50:01.777,1.3570700000000002,1.35688,1,2.1
24.08.2021 00:50:25.701,1.3570600000000002,1.35691,1,1
24.08.2021 00:50:29.604,1.3570700000000002,1.35691,1,1.12
24.08.2021 00:50:32.142,1.3570600000000002,1.35691,1,1.12
24.08.2021 00:50:35.334,1.35705,1.35689,1,2.37
24.08.2021 00:50:35.435,1.3570600000000002,1.3568700000000002,1,1.1
24.08.2021 00:50:36.191,1.35705,1.3568700000000002,1,1.6
24.08.2021 00:50:49.259,1.3570600000000002,1.3568700000000002,1,1.6
24.08.2021 00:51:00.400,1.35704,1.35688,1,1.6
24.08.2021 00:51:17.608,1.35704,1.35688,1,2.07
24.08.2021 00:51:46.100,1.35704,1.3568700000000002,1,1.6
24.08.2021 00:52:09.310,1.35705,1.35689,1,1
24.08.2021 00:52:09.562,1.3570700000000002,1.35691,1,1
24.08.2021 00:52:09.663,1.3570900000000001,1.3569,1,2.62
24.08.2021 00:52:10.055,1.3570900000000001,1.35691,1,1
24.08.2021 00:52:26.541,1.3570600000000002,1.35689,1,3.97
24.08.2021 00:52:26.592,1.3570600000000002,1.35689,1,2.35
24.08.2021 00:52:26.794,1.3570700000000002,1.35688,1,1.2
24.08.2021 00:52:26.896,1.35705,1.35688,1,2.1
24.08.2021 00:52:27.349,1.35704,1.3568600000000002,1,1.7
24.08.2021 00:52:27.399,1.35703,1.3568700000000002,1,1.1
24.08.2021 00:52:27.500,1.3570200000000001,1.3568700000000002,1,1
24.08.2021 00:52:28.734,1.3570200000000001,1.3568600000000002,1,1.87
24.08.2021 00:52:31.268,1.3570200000000001,1.35684,1,2.07
24.08.2021 00:52:36.813,1.3570200000000001,1.3568500000000001,1,1
24.08.2021 00:52:37.099,1.3570200000000001,1.3568500000000001,1,1
24.08.2021 00:52:44.829,1.35701,1.3568600000000002,1,1
24.08.2021 00:52:47.050,1.35701,1.3568600000000002,1,1.1
24.08.2021 00:52:47.100,1.35704,1.3568600000000002,1,2.07
24.08.2021 00:52:47.151,1.35705,1.35689,1,1.5
24.08.2021 00:52:47.202,1.3570700000000002,1.3569,1,1.12
24.08.2021 00:52:47.303,1.3570700000000002,1.3569,1,1.6
24.08.2021 00:52:47.404,1.3570700000000002,1.35691,1,1
24.08.2021 00:52:47.505,1.3570700000000002,1.35691,1,1
24.08.2021 00:52:48.241,1.35708,1.35691,1,1.7
24.08.2021 00:52:49.064,1.3570900000000001,1.3569,1,3.97
24.08.2021 00:52:49.165,1.3570900000000001,1.3569,1,3.97
24.08.2021 00:52:49.842,1.3570900000000001,1.35693,1,1.1
24.08.2021 00:52:50.195,1.35711,1.3569200000000001,1,1.7
24.08.2021 00:52:50.296,1.3571,1.35695,1,1
24.08.2021 00:52:50.397,1.35711,1.35695,1,1.62
24.08.2021 00:52:50.500,1.35712,1.35694,1,1.7
24.08.2021 00:52:50.619,1.35712,1.35694,1,2.45
24.08.2021 00:52:50.781,1.35714,1.3569600000000002,1,2.45
24.08.2021 00:52:50.882,1.35715,1.35699,1,1.12
24.08.2021 00:52:50.983,1.3571600000000001,1.35698,1,1.5
24.08.2021 00:52:52.084,1.3571600000000001,1.35698,1,1.5
24.08.2021 00:53:00.233,1.3571700000000002,1.35699,1,1.6
24.08.2021 00:53:00.284,1.3571900000000001,1.35704,1,1
24.08.2021 00:53:00.334,1.35721,1.35705,1,1
24.08.2021 00:53:00.435,1.35721,1.3570600000000002,1,1.12
24.08.2021 00:53:00.536,1.35721,1.3570600000000002,1,1
24.08.2021 00:53:09.122,1.3572,1.35704,1,1
24.08.2021 00:53:09.223,1.3571900000000001,1.35704,1,1
24.08.2021 00:53:09.325,1.3571900000000001,1.3570200000000001,1,1
24.08.2021 00:53:30.080,1.35718,1.3570200000000001,1,1.5
24.08.2021 00:53:30.197,1.35718,1.3570200000000001,1,1.5
24.08.2021 00:53:30.348,1.3571700000000002,1.35701,1,1.5
24.08.2021 00:53:30.449,1.3571600000000001,1.35699,1,1
24.08.2021 00:53:30.550,1.35715,1.357,1,1
24.08.2021 00:53:32.668,1.35713,1.35698,1,1.5
24.08.2021 00:53:32.790,1.35714,1.3569700000000002,1,1.5
24.08.2021 00:53:32.895,1.35713,1.35698,1,1.5
24.08.2021 00:53:36.300,1.35715,1.35699,1,1.5
24.08.2021 00:53:36.401,1.3571600000000001,1.357,1,1.12
24.08.2021 00:53:36.452,1.3571700000000002,1.3570200000000001,1,1
24.08.2021 00:53:36.553,1.3571900000000001,1.35704,1,1
24.08.2021 00:53:36.755,1.3572,1.35704,1,1.6
24.08.2021 00:53:36.856,1.35722,1.35705,1,1.5
24.08.2021 00:53:37.109,1.35721,1.3570600000000002,1,1.6
24.08.2021 00:53:37.341,1.35723,1.3570600000000002,1,1.5
24.08.2021 00:53:37.442,1.35723,1.3570700000000002,1,1
24.08.2021 00:53:37.905,1.35724,1.3570700000000002,1,1
24.08.2021 00:53:38.056,1.35723,1.35708,1,1
24.08.2021 00:53:38.805,1.35724,1.3570900000000001,1,1
24.08.2021 00:53:39.847,1.35725,1.3571,1,1.12
24.08.2021 00:53:40.411,1.35725,1.3571,1,1.62
24.08.2021 00:53:48.460,1.35723,1.3570900000000001,1,1
24.08.2021 00:53:49.375,1.35723,1.35708,1,1.62
24.08.2021 00:53:57.584,1.35723,1.35708,1,1.62
24.08.2021 00:54:00.324,1.35722,1.35708,1,1
24.08.2021 00:54:01.414,1.35721,1.35704,1,1.5
24.08.2021 00:54:01.515,1.3571900000000001,1.35704,1,1.62
24.08.2021 00:54:01.681,1.3571900000000001,1.35704,1,1.5
24.08.2021 00:54:01.928,1.3571700000000002,1.35704,1,1
24.08.2021 00:54:03.285,1.3571700000000002,1.35701,1,1.5
24.08.2021 00:54:03.386,1.3571600000000001,1.35699,1,1.1
24.08.2021 00:54:03.537,1.35715,1.357,1,1
24.08.2021 00:54:03.638,1.35714,1.35699,1,1
24.08.2021 00:54:03.752,1.35714,1.35699,1,1
24.08.2021 00:54:04.634,1.35714,1.3569700000000002,1,1
24.08.2021 00:54:32.941,1.35714,1.3569700000000002,1,1
24.08.2021 00:54:33.115,1.35715,1.35698,1,1.5
24.08.2021 00:54:33.440,1.3571600000000001,1.35698,1,1.6
24.08.2021 00:54:34.887,1.35715,1.357,1,1
24.08.2021 00:54:36.195,1.3571700000000002,1.357,1.5,1.5
24.08.2021 00:54:36.983,1.3571600000000001,1.35701,1,1.6
24.08.2021 00:54:37.084,1.3571700000000002,1.357,1,1.6
24.08.2021 00:54:40.739,1.3571700000000002,1.35699,1,1.6
24.08.2021 00:54:43.257,1.3571600000000001,1.357,1,1.7
24.08.2021 00:54:43.431,1.35714,1.357,1,1
24.08.2021 00:54:47.670,1.35714,1.35699,1,2.07
24.08.2021 00:54:48.698,1.35715,1.3569700000000002,1,2.7
24.08.2021 00:54:55.191,1.35711,1.35698,1,1.87
24.08.2021 00:54:55.242,1.35712,1.35694,1,1
24.08.2021 00:54:55.293,1.35712,1.3569200000000001,1,1.95
24.08.2021 00:54:55.343,1.3570900000000001,1.3569200000000001,1,1.95
24.08.2021 00:54:55.707,1.3571,1.3569200000000001,1,1.12
24.08.2021 00:54:56.408,1.3571,1.35691,1,1.1
24.08.2021 00:54:59.344,1.3570700000000002,1.3569,1,1.1
24.08.2021 00:54:59.445,1.3570600000000002,1.35688,1,1.22
24.08.2021 00:54:59.596,1.35703,1.35688,1,2.85
24.08.2021 00:54:59.706,1.3570200000000001,1.3568700000000002,1,3.47
24.08.2021 00:54:59.815,1.3570200000000001,1.3568600000000002,1,2.1
24.08.2021 00:55:26.265,1.35703,1.35684,1,3.12
24.08.2021 00:55:40.257,1.35703,1.3568500000000001,1,1
24.08.2021 00:55:41.761,1.35704,1.3568500000000001,1,2.37
24.08.2021 00:55:42.566,1.3570600000000002,1.3568600000000002,1,3.5
24.08.2021 00:55:42.874,1.35708,1.35691,1,1
24.08.2021 00:55:43.185,1.35708,1.3569200000000001,1,1.12
24.08.2021 00:55:43.700,1.3571,1.35694,1,1
24.08.2021 00:55:44.658,1.35712,1.35694,1,1
24.08.2021 00:55:45.319,1.35714,1.3569600000000002,1,1
24.08.2021 00:55:45.780,1.35713,1.35694,1,1.87
24.08.2021 00:55:47.100,1.35713,1.35694,1,1.5
24.08.2021 00:55:58.643,1.35714,1.3569600000000002,1,1.87
24.08.2021 00:55:59.899,1.35715,1.3569600000000002,1,1
24.08.2021 00:56:00.507,1.3571600000000001,1.3569600000000002,1,1
24.08.2021 00:56:01.465,1.3571600000000001,1.35695,1,2.62
24.08.2021 00:56:01.623,1.35715,1.3569600000000002,1,2.75
24.08.2021 00:56:05.509,1.35714,1.3569600000000002,1,2
24.08.2021 00:56:08.600,1.35715,1.35695,1,2
24.08.2021 00:56:15.646,1.35715,1.35695,1,2
24.08.2021 00:56:41.206,1.35715,1.35698,1,1.12
24.08.2021 00:56:55.233,1.35713,1.3569600000000002,1,1.5
24.08.2021 00:56:58.100,1.35714,1.35695,1,1.5
24.08.2021 00:57:00.015,1.35715,1.3569600000000002,1,1.12
24.08.2021 00:57:03.748,1.3571600000000001,1.35698,1,1
24.08.2021 00:57:22.785,1.35715,1.3569700000000002,1,1.12
24.08.2021 00:57:24.204,1.35713,1.35695,1,1.5
24.08.2021 00:57:24.306,1.35713,1.35695,1,1.5
24.08.2021 00:57:30.439,1.35713,1.35694,1,1
24.08.2021 00:57:30.490,1.3571,1.35695,1,1
24.08.2021 00:57:30.540,1.3571,1.3569200000000001,1,1.12
24.08.2021 00:57:30.742,1.35708,1.35691,1,1.5
24.08.2021 00:57:30.843,1.3570900000000001,1.35689,1,1.5
24.08.2021 00:57:31.264,1.35708,1.35689,1,1
24.08.2021 00:57:31.365,1.3570600000000002,1.35689,1,1.5
24.08.2021 00:57:32.812,1.35704,1.35688,1,1.5
24.08.2021 00:57:32.863,1.35705,1.3568700000000002,1,1
24.08.2021 00:57:52.053,1.35705,1.3568700000000002,1,1.5
24.08.2021 00:57:52.154,1.3570600000000002,1.35688,1,1.5
24.08.2021 00:57:52.340,1.35705,1.35689,1,1.5
24.08.2021 00:57:53.100,1.3570600000000002,1.35688,1,1.5
24.08.2021 00:57:55.810,1.35705,1.35689,1,1.5
24.08.2021 00:58:07.353,1.35704,1.35688,1,1
24.08.2021 00:58:07.577,1.35703,1.35689,1,1
24.08.2021 00:58:18.520,1.35703,1.3568700000000002,1,1
24.08.2021 00:58:18.740,1.35703,1.3568700000000002,1,1
24.08.2021 00:58:18.942,1.3570200000000001,1.3568700000000002,1,1
24.08.2021 00:58:22.551,1.3570200000000001,1.3568700000000002,1,1
24.08.2021 00:58:23.076,1.3570200000000001,1.3568700000000002,1,1.62
24.08.2021 00:58:23.127,1.35703,1.35688,1,2.37
24.08.2021 00:58:23.228,1.35704,1.35689,1,1.5
24.08.2021 00:58:23.387,1.35705,1.35688,1,1.5
24.08.2021 00:58:23.488,1.35705,1.35688,1,1.5
24.08.2021 00:58:23.589,1.35705,1.3569,1,1.5
24.08.2021 00:58:23.750,1.35705,1.3569,1,1.5
24.08.2021 00:58:25.304,1.3570700000000002,1.35691,1,2.37
24.08.2021 00:58:25.454,1.3570700000000002,1.35691,1,2.37
24.08.2021 00:58:41.905,1.3570600000000002,1.3569,1,1.62
24.08.2021 00:58:48.184,1.35705,1.35689,1,1
24.08.2021 00:59:05.119,1.35704,1.35689,1,1.62
24.08.2021 00:59:05.220,1.35703,1.35688,1,1
24.08.2021 00:59:05.321,1.35703,1.35688,1,1
24.08.2021 00:59:05.422,1.35703,1.35689,1,1
24.08.2021 00:59:05.759,1.35701,1.3569,1,1
24.08.2021 00:59:18.767,1.35704,1.35689,1,1
24.08.2021 00:59:19.783,1.35704,1.35689,1,1.5
24.08.2021 00:59:32.151,1.35705,1.35689,1,1
24.08.2021 00:59:40.769,1.3570700000000002,1.3569,1,1
24.08.2021 00:59:41.029,1.3570700000000002,1.3569,1,1.5
24.08.2021 00:59:44.756,1.35708,1.35689,1,1.62
24.08.2021 00:59:46.754,1.3570900000000001,1.3569200000000001,1,1
24.08.2021 00:59:53.625,1.3570700000000002,1.35691,1,1.5
24.08.2021 00:59:53.726,1.3570700000000002,1.35691,1,1.5
24.08.2021 00:59:53.872,1.3570700000000002,1.35691,1,1.5
24.08.2021 00:59:54.912,1.3570700000000002,1.35691,1,1.5
24.08.2021 01:00:00.090,1.35705,1.3569,1,1.5
24.08.2021 01:00:00.402,1.35705,1.35689,1,1
24.08.2021 01:00:00.605,1.35705,1.3569,1,1
24.08.2021 01:00:01.290,1.35703,1.3569,1,1
24.08.2021 01:00:02.058,1.35705,1.35688,1,1.5
24.08.2021 01:00:04.062,1.35705,1.35688,1,1
24.08.2021 01:00:04.264,1.35705,1.35688,1,1
24.08.2021 01:00:05.887,1.35703,1.35688,1,1
24.08.2021 01:00:10.231,1.3570200000000001,1.35688,1,1
24.08.2021 01:00:25.858,1.35703,1.35688,1,1
24.08.2021 01:00:26.078,1.35704,1.35688,1,1
24.08.2021 01:00:30.145,1.3570200000000001,1.35689,1,1
24.08.2021 01:00:30.322,1.3570200000000001,1.35689,1,1
24.08.2021 01:00:30.944,1.35701,1.35688,1,1
24.08.2021 01:00:31.045,1.357,1.35688,1,1
24.08.2021 01:00:33.998,1.35701,1.35683,1,2
24.08.2021 01:00:34.149,1.35698,1.35684,1,1.5
24.08.2021 01:00:42.497,1.35699,1.3568200000000001,1,1.5
24.08.2021 01:00:44.673,1.35699,1.35681,1,1.62
24.08.2021 01:00:45.200,1.3569700000000002,1.35679,1,2.75
24.08.2021 01:00:45.301,1.35694,1.3568,1,2
24.08.2021 01:00:46.233,1.35694,1.35683,1,1
24.08.2021 01:00:52.222,1.35694,1.3568200000000001,1,1
24.08.2021 01:00:59.202,1.35694,1.35683,1,1
24.08.2021 01:01:00.062,1.3569700000000002,1.3568200000000001,1,1
24.08.2021 01:01:00.163,1.35699,1.35683,1,1.62
24.08.2021 01:01:00.264,1.35701,1.35684,1.5,1.12
24.08.2021 01:01:00.430,1.357,1.3568500000000001,1,1.62
24.08.2021 01:01:00.539,1.357,1.3568500000000001,1,1.87
24.08.2021 01:01:00.640,1.35703,1.35688,1,1.87
24.08.2021 01:01:00.741,1.35704,1.3568700000000002,1,2
24.08.2021 01:01:00.842,1.35705,1.35688,1,1
24.08.2021 01:01:01.295,1.35704,1.35689,1,1.62
24.08.2021 01:01:01.396,1.35704,1.35689,1,2
24.08.2021 01:01:09.575,1.35703,1.35689,1,1
24.08.2021 01:01:09.676,1.35701,1.3569,1,1
24.08.2021 01:01:10.376,1.35701,1.3568600000000002,1,1.5
24.08.2021 01:01:10.478,1.35699,1.35684,1,1.62
24.08.2021 01:01:10.585,1.35699,1.3568500000000001,1,1
24.08.2021 01:01:11.376,1.357,1.35683,1,1.5
24.08.2021 01:01:11.849,1.35699,1.35684,1,1.5
24.08.2021 01:01:12.178,1.35699,1.35684,1,1.12
24.08.2021 01:01:16.628,1.35701,1.3568500000000001,1,1
24.08.2021 01:01:18.717,1.3570200000000001,1.3568600000000002,1,1
24.08.2021 01:01:19.677,1.357,1.3568600000000002,1,1
24.08.2021 01:01:22.613,1.35699,1.35683,1,1.5
24.08.2021 01:01:23.093,1.3569700000000002,1.35683,1,1
24.08.2021 01:01:44.331,1.3569700000000002,1.35681,1,1
24.08.2021 01:01:44.432,1.35695,1.35681,1,1
24.08.2021 01:01:47.720,1.35693,1.35679,1,1
24.08.2021 01:01:58.918,1.35693,1.35677,1,1
24.08.2021 01:01:59.032,1.3569,1.3567600000000002,1,1.62
24.08.2021 01:01:59.133,1.3569,1.3567600000000002,1,1.5
24.08.2021 01:02:10.098,1.35691,1.3567500000000001,1,1.5
24.08.2021 01:02:11.223,1.3569,1.3567600000000002,1,1.5
24.08.2021 01:02:24.227,1.3569,1.3567600000000002,1,1.12
24.08.2021 01:02:28.231,1.35691,1.3567500000000001,1,1.5
24.08.2021 01:02:32.333,1.35693,1.35677,1.5,1
24.08.2021 01:02:59.048,1.35693,1.35679,1,1
24.08.2021 01:02:59.098,1.3569600000000002,1.3568,1,1
24.08.2021 01:03:00.257,1.35698,1.35681,1,1
24.08.2021 01:03:00.358,1.35699,1.3568500000000001,1.5,1
24.08.2021 01:03:00.459,1.35699,1.3568500000000001,1,1.12
24.08.2021 01:03:00.589,1.35699,1.3568500000000001,1,1.5
24.08.2021 01:03:00.690,1.357,1.35684,1,1.12
24.08.2021 01:03:00.821,1.357,1.3568600000000002,1,1
24.08.2021 01:03:03.423,1.3570200000000001,1.3568600000000002,1,1
24.08.2021 01:03:05.065,1.35703,1.3568600000000002,1,1
24.08.2021 01:03:13.784,1.35701,1.3568600000000002,1,1.12
24.08.2021 01:03:13.885,1.35699,1.35683,1,1.62
24.08.2021 01:03:13.986,1.3569700000000002,1.35683,1,1
24.08.2021 01:03:30.376,1.35695,1.35681,1,1.5
24.08.2021 01:03:50.315,1.35693,1.35679,1,1
24.08.2021 01:03:50.465,1.3569200000000001,1.35677,1,1
24.08.2021 01:03:50.793,1.35691,1.35677,1,1.5
24.08.2021 01:04:02.843,1.3569,1.3567600000000002,1,1.5
24.08.2021 01:04:04.010,1.35691,1.35674,1,1.5
24.08.2021 01:04:10.168,1.35689,1.35674,1,1
24.08.2021 01:04:22.023,1.35689,1.35673,1,1.5
24.08.2021 01:04:22.507,1.35689,1.3567200000000001,1,1.12
24.08.2021 01:04:22.608,1.35688,1.35671,1,2.37
24.08.2021 01:04:22.709,1.3568600000000002,1.3567200000000001,1,2.45
24.08.2021 01:04:27.480,1.3568600000000002,1.3567200000000001,1,1
24.08.2021 01:04:27.581,1.35683,1.35667,1,1.62
24.08.2021 01:04:27.682,1.35681,1.35667,1,1
24.08.2021 01:04:27.783,1.35679,1.3566500000000001,1,1.12
24.08.2021 01:04:30.711,1.3568200000000001,1.3566600000000002,1,1
24.08.2021 01:04:30.813,1.35683,1.35667,1,1
24.08.2021 01:04:31.003,1.35684,1.3567,1,1
24.08.2021 01:04:46.562,1.35683,1.3566799999999999,1,1
24.08.2021 01:04:47.512,1.3568200000000001,1.3566799999999999,1,1.5
24.08.2021 01:04:53.202,1.3568200000000001,1.3566600000000002,1,1.12
24.08.2021 01:04:53.610,1.3568,1.3566600000000002,1,1
24.08.2021 01:04:55.729,1.35681,1.35667,1,1
24.08.2021 01:04:55.830,1.3568200000000001,1.3567,1,1
24.08.2021 01:04:55.943,1.35684,1.3567,1.62,1
24.08.2021 01:04:56.076,1.35684,1.3567,1,1
24.08.2021 01:04:58.536,1.35684,1.3566799999999999,1,1
24.08.2021 01:05:09.909,1.35681,1.35667,1,1
24.08.2021 01:05:10.354,1.3568,1.35664,1,1
24.08.2021 01:05:35.535,1.35683,1.35667,1,1
24.08.2021 01:05:35.993,1.3568600000000002,1.35667,2.85,1
24.08.2021 01:05:37.269,1.35684,1.3567,1,1
24.08.2021 01:05:37.371,1.3568500000000001,1.35669,1,1
24.08.2021 01:05:37.472,1.3568600000000002,1.3567,1.5,1
24.08.2021 01:05:37.765,1.3568600000000002,1.35671,1,1
24.08.2021 01:05:38.005,1.3568600000000002,1.3567200000000001,1.5,1
24.08.2021 01:05:38.324,1.3568600000000002,1.35671,1,1
24.08.2021 01:05:46.323,1.3568700000000002,1.35671,1,1
24.08.2021 01:05:46.428,1.3568500000000001,1.3567200000000001,1,1
24.08.2021 01:05:47.327,1.3568600000000002,1.3567200000000001,1,1
24.08.2021 01:05:48.478,1.3568600000000002,1.35671,1,1
24.08.2021 01:05:49.325,1.3568700000000002,1.35671,1,1
24.08.2021 01:05:54.695,1.3568600000000002,1.35673,1.5,1
24.08.2021 01:05:54.897,1.3568700000000002,1.35674,1,1
24.08.2021 01:05:55.250,1.3568700000000002,1.3567600000000002,1,1
24.08.2021 01:05:55.300,1.3569,1.35678,1,1
24.08.2021 01:05:55.351,1.35691,1.35679,1,1
24.08.2021 01:05:55.754,1.3569200000000001,1.3568,1,1
24.08.2021 01:05:56.382,1.35693,1.3568,1,1
24.08.2021 01:05:59.622,1.35695,1.35681,1,1
24.08.2021 01:05:59.724,1.35695,1.35684,1,1
24.08.2021 01:05:59.825,1.3569600000000002,1.3568500000000001,1,1
24.08.2021 01:05:59.876,1.357,1.3568600000000002,1.1,1
24.08.2021 01:06:03.851,1.35701,1.3568700000000002,1.1,1
24.08.2021 01:06:04.395,1.3570200000000001,1.3568600000000002,1,1
24.08.2021 01:06:04.522,1.35701,1.35688,1,1
24.08.2021 01:06:05.234,1.3570200000000001,1.3568700000000002,1.1,1
24.08.2021 01:06:08.877,1.35695,1.35678,1,2.85
24.08.2021 01:06:13.741,1.35698,1.35678,1,1.6
24.08.2021 01:06:13.842,1.35695,1.35678,1,2.85
24.08.2021 01:06:20.175,1.35699,1.35679,1,1.57
24.08.2021 01:06:20.276,1.35698,1.35681,1,1.1
24.08.2021 01:06:20.529,1.35698,1.35684,1,1.57
24.08.2021 01:06:21.607,1.35699,1.35681,1,3.79
24.08.2021 01:06:23.640,1.35698,1.35683,1,1.6
24.08.2021 01:06:27.617,1.35699,1.3568200000000001,1,1.7
24.08.2021 01:06:30.655,1.35699,1.3568500000000001,1,1
24.08.2021 01:06:32.647,1.35699,1.35683,1,1
24.08.2021 01:06:32.842,1.35698,1.35683,1,1.87
24.08.2021 01:06:42.694,1.35699,1.35684,1,1
24.08.2021 01:06:43.956,1.357,1.3568500000000001,1,1
24.08.2021 01:07:03.133,1.35701,1.35684,1,1.6
24.08.2021 01:07:03.234,1.3570200000000001,1.3568700000000002,1,1
24.08.2021 01:07:04.189,1.35703,1.3568600000000002,1,2
24.08.2021 01:07:30.257,1.35703,1.3568600000000002,1,1.12
24.08.2021 01:07:33.241,1.35703,1.3568600000000002,1,1.5
24.08.2021 01:07:33.545,1.35703,1.3568600000000002,1,1
24.08.2021 01:07:33.596,1.35699,1.35684,1,1.5
24.08.2021 01:07:33.697,1.35698,1.35683,1,1
24.08.2021 01:07:35.575,1.3569700000000002,1.35683,1,1
24.08.2021 01:08:06.155,1.3569700000000002,1.35681,1,1
24.08.2021 01:08:23.014,1.3569700000000002,1.35683,1,1
24.08.2021 01:09:06.390,1.3569600000000002,1.3568,1,1
24.08.2021 01:09:13.018,1.35698,1.3568200000000001,1,1
24.08.2021 01:09:16.673,1.3569700000000002,1.3568,1,1
24.08.2021 01:09:26.404,1.35695,1.35678,1,1
24.08.2021 01:09:29.681,1.3569200000000001,1.35678,1,1
24.08.2021 01:09:38.152,1.35691,1.3567600000000002,1,1
24.08.2021 01:09:42.135,1.35689,1.35674,1,1
24.08.2021 01:09:53.799,1.35689,1.35673,1,1
24.08.2021 01:10:00.828,1.3568700000000002,1.35671,1,1
24.08.2021 01:10:01.080,1.3568500000000001,1.35671,1,1
24.08.2021 01:10:02.947,1.35684,1.3566799999999999,1,1
24.08.2021 01:10:03.280,1.35683,1.35667,1,1
24.08.2021 01:10:39.814,1.35683,1.35667,1.5,1
24.08.2021 01:10:44.687,1.3568,1.3566600000000002,1,1
24.08.2021 01:10:45.835,1.35679,1.3566500000000001,1,1
24.08.2021 01:10:46.098,1.35678,1.35663,1,1.12
24.08.2021 01:10:46.249,1.35677,1.35663,1,1
24.08.2021 01:10:46.350,1.3567600000000002,1.3566200000000002,1,1
24.08.2021 01:10:46.451,1.3567500000000001,1.35659,1,2.37
24.08.2021 01:10:46.618,1.3567500000000001,1.35659,1,1.87
24.08.2021 01:10:47.134,1.35674,1.35658,1,3.12
24.08.2021 01:10:49.024,1.35673,1.35659,1,2.25
24.08.2021 01:11:21.876,1.35673,1.35658,1,2.62
24.08.2021 01:11:28.124,1.35673,1.35658,1,3.12
24.08.2021 01:11:28.225,1.3567600000000002,1.3566200000000002,1,1
24.08.2021 01:11:57.128,1.3568,1.3566500000000001,3.57,1
24.08.2021 01:11:57.871,1.3568,1.35664,3,1
24.08.2021 01:11:59.812,1.35678,1.3566500000000001,1,1
24.08.2021 01:12:10.974,1.35678,1.35663,1.5,1
24.08.2021 01:12:11.139,1.3567500000000001,1.35661,1,1
24.08.2021 01:12:51.829,1.35674,1.3566,1,1
24.08.2021 01:12:51.880,1.35673,1.35658,1,1
24.08.2021 01:12:52.283,1.35674,1.35657,2,1
24.08.2021 01:12:52.334,1.3567200000000001,1.3565500000000001,1,1
24.08.2021 01:12:52.485,1.3567,1.3565500000000001,1,1
24.08.2021 01:12:58.557,1.3567,1.35653,1,1
24.08.2021 01:12:58.607,1.3566799999999999,1.35651,1,1
24.08.2021 01:12:58.871,1.35669,1.35653,1.5,1
24.08.2021 01:12:58.972,1.35669,1.35654,2.32,1
24.08.2021 01:13:10.444,1.35669,1.35654,1.6,1
24.08.2021 01:13:10.545,1.3567,1.35653,1.57,1
24.08.2021 01:13:11.601,1.3567,1.35653,1.6,1
24.08.2021 01:13:11.702,1.3567,1.35653,1.57,1
24.08.2021 01:13:15.296,1.3567,1.35653,1.6,1
24.08.2021 01:13:15.397,1.35669,1.35654,1.57,1
24.08.2021 01:13:15.737,1.3567,1.35653,1.6,1
24.08.2021 01:13:15.888,1.3567,1.35653,1.57,1
24.08.2021 01:13:16.514,1.3567,1.35653,1.6,1
24.08.2021 01:13:16.615,1.3567,1.35653,1.57,1
24.08.2021 01:13:16.845,1.35669,1.35654,1.7,1
24.08.2021 01:13:18.101,1.35669,1.35654,1.7,1
24.08.2021 01:13:28.203,1.3566799999999999,1.35654,1,1
24.08.2021 01:13:32.102,1.35669,1.35654,2.07,1
24.08.2021 01:13:36.182,1.35669,1.35653,1,1
24.08.2021 01:13:46.038,1.35669,1.3565500000000001,3.5,1
24.08.2021 01:13:51.109,1.35669,1.3565200000000002,1.5,1
24.08.2021 01:13:51.260,1.3566799999999999,1.35653,1.5,1
24.08.2021 01:13:51.425,1.3566799999999999,1.35651,1,1
24.08.2021 01:13:51.576,1.3566600000000002,1.3565200000000002,1,1
24.08.2021 01:13:52.140,1.3566600000000002,1.35651,1.12,1
24.08.2021 01:13:52.291,1.3566600000000002,1.35651,1.5,1
24.08.2021 01:13:52.392,1.35664,1.35649,1,1
24.08.2021 01:13:52.959,1.35663,1.35648,1,1
24.08.2021 01:13:53.111,1.35663,1.35648,2.45,1
24.08.2021 01:13:53.212,1.35661,1.35646,1,1
24.08.2021 01:13:55.302,1.35661,1.35646,2.37,1
24.08.2021 01:14:00.796,1.3566,1.35644,1.5,1
24.08.2021 01:14:24.787,1.35658,1.35643,1,1
24.08.2021 01:14:30.063,1.35661,1.35643,1.2,1
24.08.2021 01:14:35.409,1.35661,1.3564500000000002,1.72,1
24.08.2021 01:14:47.006,1.3566,1.35644,1.2,1
24.08.2021 01:14:50.207,1.35659,1.35644,1,1
24.08.2021 01:14:53.177,1.35659,1.3564200000000002,1,1
24.08.2021 01:15:00.057,1.35659,1.35644,1,1
24.08.2021 01:15:00.158,1.3566200000000002,1.35648,1,1
24.08.2021 01:15:00.310,1.35664,1.3565,1.12,1
24.08.2021 01:15:05.062,1.3566200000000002,1.35648,1,1.5
24.08.2021 01:15:22.098,1.35661,1.35647,1,1
24.08.2021 01:15:29.548,1.3566200000000002,1.35648,1,1
24.08.2021 01:15:30.254,1.35661,1.3564500000000002,1,1
24.08.2021 01:16:02.957,1.35659,1.35643,1,1
24.08.2021 01:16:03.885,1.35657,1.3564100000000001,1,1
24.08.2021 01:16:09.219,1.35659,1.35643,1,1
24.08.2021 01:16:09.521,1.35661,1.3564500000000002,2.62,1
24.08.2021 01:16:09.673,1.35657,1.35646,1,1
24.08.2021 01:16:09.723,1.35661,1.35646,1,1
24.08.2021 01:16:09.824,1.35663,1.35648,1.5,1
24.08.2021 01:16:09.925,1.3566500000000001,1.35649,1,1
24.08.2021 01:16:18.162,1.3566600000000002,1.35651,1.12,1
24.08.2021 01:16:18.263,1.35669,1.3565200000000002,1.5,1
24.08.2021 01:16:18.364,1.35671,1.3565600000000002,1,1
24.08.2021 01:16:18.515,1.3567200000000001,1.35658,1.12,1
24.08.2021 01:16:19.069,1.3567500000000001,1.35658,2,1
24.08.2021 01:16:19.170,1.35674,1.35659,1.5,1
24.08.2021 01:16:19.221,1.3567500000000001,1.35661,1,1
24.08.2021 01:16:19.322,1.35677,1.3566,1.12,1
24.08.2021 01:16:22.071,1.35677,1.35663,1,1
24.08.2021 01:16:22.425,1.35679,1.35664,1.5,1
24.08.2021 01:16:22.637,1.35679,1.35664,1.12,1
24.08.2021 01:16:30.228,1.3568200000000001,1.3566600000000002,1.6,1
24.08.2021 01:16:30.329,1.35683,1.35667,1,1
24.08.2021 01:16:30.444,1.3568200000000001,1.3566799999999999,1,1
24.08.2021 01:16:31.377,1.35684,1.35667,1.5,1
24.08.2021 01:16:34.336,1.35684,1.35667,1.62,1
24.08.2021 01:16:35.571,1.35684,1.35667,1.62,1
24.08.2021 01:16:38.103,1.35683,1.3566600000000002,1.62,1
24.08.2021 01:16:39.556,1.35683,1.3566600000000002,1.5,1
24.08.2021 01:16:40.924,1.35684,1.35667,1.62,1
24.08.2021 01:16:43.087,1.3568500000000001,1.35669,1.5,1
24.08.2021 01:16:49.331,1.3568700000000002,1.3567,1.62,1
24.08.2021 01:16:49.483,1.3568600000000002,1.35671,1.12,1
24.08.2021 01:16:50.082,1.35688,1.35671,1.5,1
24.08.2021 01:16:51.418,1.3568700000000002,1.3567200000000001,1.12,1
24.08.2021 01:17:19.490,1.3568600000000002,1.35671,1,1
24.08.2021 01:17:32.688,1.35688,1.35673,1.12,1
24.08.2021 01:17:32.891,1.3569,1.35673,3.5,1
24.08.2021 01:17:32.992,1.35688,1.35673,1,1
24.08.2021 01:17:33.381,1.3568700000000002,1.3567600000000002,1,1
24.08.2021 01:17:33.532,1.35691,1.3567600000000002,1.62,1
24.08.2021 01:17:34.998,1.35693,1.3567600000000002,1.62,1
24.08.2021 01:17:36.536,1.35693,1.3567600000000002,1.62,1
24.08.2021 01:17:46.741,1.35695,1.35678,1,1
24.08.2021 01:17:46.842,1.3569600000000002,1.35678,1.12,1
24.08.2021 01:17:47.052,1.35698,1.3568,1.12,1
24.08.2021 01:17:48.440,1.3569700000000002,1.35679,1,1
24.08.2021 01:17:53.740,1.3569600000000002,1.35679,1,1
24.08.2021 01:17:53.891,1.3569600000000002,1.3568,1,1
24.08.2021 01:17:56.786,1.35694,1.35679,1,1
24.08.2021 01:17:56.938,1.3569200000000001,1.35678,1,1
24.08.2021 01:17:56.988,1.35691,1.3567600000000002,1,1
24.08.2021 01:17:57.090,1.35689,1.3567200000000001,1,1.12
24.08.2021 01:17:57.241,1.35691,1.3567500000000001,3.57,1
24.08.2021 01:17:57.536,1.35691,1.3567500000000001,2.07,1
24.08.2021 01:17:58.504,1.3569200000000001,1.35674,2,1
24.08.2021 01:18:02.300,1.35689,1.35674,1.5,1
24.08.2021 01:18:03.514,1.35689,1.35674,2,1
24.08.2021 01:18:06.036,1.35689,1.3567200000000001,1.12,1
24.08.2021 01:18:06.441,1.3568700000000002,1.3567,1,1
24.08.2021 01:18:06.542,1.35684,1.35669,1,1
24.08.2021 01:18:06.695,1.35683,1.3566799999999999,1,1
24.08.2021 01:18:06.942,1.35683,1.35667,1,1
24.08.2021 01:18:07.093,1.35683,1.3566600000000002,1,1
24.08.2021 01:18:14.089,1.35684,1.3566600000000002,1,1
24.08.2021 01:18:19.060,1.35681,1.3566600000000002,1,1
24.08.2021 01:18:27.313,1.3568,1.3566500000000001,1,1
24.08.2021 01:18:29.855,1.35681,1.3566600000000002,1,1
24.08.2021 01:18:29.916,1.35684,1.3566600000000002,1.57,1
24.08.2021 01:18:30.446,1.35684,1.35667,1,1
24.08.2021 01:18:30.737,1.3568500000000001,1.3566799999999999,1,1
24.08.2021 01:18:31.628,1.3568600000000002,1.3566799999999999,1.12,1
24.08.2021 01:18:31.779,1.3568700000000002,1.35669,1,1
24.08.2021 01:18:31.880,1.35688,1.35671,1,1
24.08.2021 01:18:35.006,1.35689,1.3567200000000001,1.12,1
24.08.2021 01:18:46.308,1.3568600000000002,1.35669,1,1.5
24.08.2021 01:18:46.492,1.3568500000000001,1.3566799999999999,1,1.1
24.08.2021 01:18:47.846,1.35684,1.3566799999999999,1,1.1
24.08.2021 01:18:53.366,1.35684,1.35667,1,1.1
24.08.2021 01:18:53.661,1.35683,1.35667,1,1.1
24.08.2021 01:19:01.940,1.35683,1.35667,1,1
24.08.2021 01:19:02.041,1.35681,1.3566500000000001,1,1.6
24.08.2021 01:19:02.142,1.3568200000000001,1.35664,1,1.5
24.08.2021 01:19:02.308,1.35684,1.35664,1,2.26
24.08.2021 01:19:02.460,1.35684,1.3566500000000001,1,1.5
24.08.2021 01:19:02.510,1.35684,1.3566799999999999,1,1
24.08.2021 01:19:03.172,1.3568200000000001,1.35669,1,1
24.08.2021 01:19:03.223,1.35684,1.35667,1,2.1
24.08.2021 01:19:03.324,1.3568500000000001,1.35669,1,1.12
24.08.2021 01:19:04.135,1.3568500000000001,1.35669,1,1.5
24.08.2021 01:19:09.927,1.3568500000000001,1.35667,1,1.6
24.08.2021 01:19:21.193,1.3568500000000001,1.3566799999999999,1,1.12
24.08.2021 01:19:23.271,1.35684,1.3567,1,1
24.08.2021 01:19:39.450,1.3568600000000002,1.3567,1,1
24.08.2021 01:20:06.704,1.3568500000000001,1.35669,1,1
24.08.2021 01:20:46.809,1.35684,1.3566799999999999,1,1
24.08.2021 01:20:46.859,1.35681,1.35667,1,1
24.08.2021 01:20:47.025,1.35684,1.35667,2.25,1
24.08.2021 01:20:57.483,1.35684,1.35669,1,1
24.08.2021 01:20:59.406,1.35684,1.35667,1,1
24.08.2021 01:21:02.085,1.3568200000000001,1.3566600000000002,1,1
24.08.2021 01:21:02.740,1.35681,1.3566500000000001,1,1
24.08.2021 01:21:04.824,1.35678,1.35664,1,1
24.08.2021 01:21:18.028,1.35677,1.35663,1,1
24.08.2021 01:21:43.823,1.35679,1.35663,1,1
24.08.2021 01:22:00.030,1.35678,1.3566200000000002,1,1
24.08.2021 01:22:14.179,1.3567500000000001,1.35661,1,1
24.08.2021 01:22:36.910,1.35674,1.3566,1,1.12
24.08.2021 01:24:00.504,1.35673,1.35659,1,1
24.08.2021 01:24:09.861,1.35674,1.3566,1,1
24.08.2021 01:24:49.310,1.35674,1.35658,1,1
24.08.2021 01:25:40.190,1.35673,1.35659,1.5,1.12
24.08.2021 01:25:41.478,1.35671,1.35657,1,1.12
24.08.2021 01:25:47.089,1.3567,1.35654,1,1.62
24.08.2021 01:25:47.292,1.35669,1.3565500000000001,1,1.62
24.08.2021 01:25:48.500,1.35669,1.35654,1,1
24.08.2021 01:25:48.652,1.3566500000000001,1.35648,1,2.37
24.08.2021 01:25:48.703,1.35663,1.35648,1,1.5
24.08.2021 01:25:48.804,1.35661,1.35647,1.12,1.12
24.08.2021 01:25:49.529,1.3566200000000002,1.3564500000000002,1,1.12
24.08.2021 01:25:55.223,1.3566,1.35643,1,1.62
24.08.2021 01:25:55.324,1.3566,1.35643,1,1.62
24.08.2021 01:26:01.289,1.35659,1.35644,1,1.62
24.08.2021 01:26:02.422,1.35659,1.35644,1,1.62
24.08.2021 01:26:04.489,1.35659,1.3564500000000002,1,1
24.08.2021 01:26:11.876,1.3566,1.35643,1,1.62
24.08.2021 01:26:14.867,1.35657,1.35644,1,1
24.08.2021 01:26:14.968,1.35657,1.35643,1,2.37
24.08.2021 01:26:38.973,1.35658,1.3564200000000002,1,2
24.08.2021 01:26:47.025,1.35658,1.3564200000000002,1,2.37
24.08.2021 01:26:51.026,1.35658,1.3564200000000002,1,2.37
24.08.2021 01:26:52.593,1.3566,1.35644,1,1.5
24.08.2021 01:26:53.200,1.35661,1.35646,1.12,1
24.08.2021 01:26:53.638,1.35661,1.3564500000000002,1,2.37
24.08.2021 01:27:00.117,1.35664,1.3565,1,1
24.08.2021 01:27:00.218,1.3566600000000002,1.3565,1,1
24.08.2021 01:27:00.369,1.3566500000000001,1.3565,1,1.5
24.08.2021 01:27:00.570,1.3566500000000001,1.3565,1,1
24.08.2021 01:27:00.890,1.3566500000000001,1.3565,1,1
24.08.2021 01:27:02.793,1.3566500000000001,1.35648,1,2.07
24.08.2021 01:27:09.144,1.35664,1.35649,1,2
24.08.2021 01:27:11.550,1.3566500000000001,1.35648,1,2
24.08.2021 01:27:11.939,1.35667,1.35651,1,1
24.08.2021 01:27:21.405,1.3566500000000001,1.35651,1,1
24.08.2021 01:27:31.384,1.35664,1.3565,1,1
24.08.2021 01:28:21.857,1.35663,1.35647,1,1.5
24.08.2021 01:28:31.765,1.35661,1.35646,1,1
24.08.2021 01:28:32.492,1.35661,1.3564500000000002,1,1.5
24.08.2021 01:28:32.593,1.35663,1.35647,1,1
24.08.2021 01:28:52.980,1.35661,1.35646,1,1
24.08.2021 01:28:53.281,1.35661,1.3564500000000002,1,1.87
24.08.2021 01:28:54.244,1.35661,1.3564500000000002,1,1.62
24.08.2021 01:28:55.132,1.3566200000000002,1.35648,1,1
24.08.2021 01:29:11.237,1.35664,1.35647,1,1.87
24.08.2021 01:29:11.338,1.35663,1.35649,1,2.7
24.08.2021 01:29:11.439,1.35663,1.3565200000000002,1,1
24.08.2021 01:29:11.490,1.35669,1.35654,1,1
24.08.2021 01:29:11.540,1.35669,1.35657,1,1
24.08.2021 01:29:11.591,1.35671,1.35657,1,1
24.08.2021 01:29:11.641,1.3567200000000001,1.3566200000000002,1,1
24.08.2021 01:29:11.692,1.35671,1.35657,1,1.2
24.08.2021 01:29:11.743,1.35671,1.35658,1,1
24.08.2021 01:29:11.894,1.3567,1.35659,1,1
24.08.2021 01:29:11.995,1.3567200000000001,1.35658,1,1
24.08.2021 01:29:17.961,1.35671,1.35659,1,1
24.08.2021 01:29:20.195,1.35671,1.3566,1,1
24.08.2021 01:29:20.339,1.3567200000000001,1.35659,1,1.1
24.08.2021 01:29:22.840,1.35673,1.35659,1,1.1
24.08.2021 01:29:22.941,1.35674,1.35659,1,1.72
24.08.2021 01:29:33.614,1.35674,1.35659,1,1.7
24.08.2021 01:29:34.509,1.3567200000000001,1.35658,1,2.1
24.08.2021 01:29:40.206,1.3567200000000001,1.35658,1,1.62
24.08.2021 01:29:40.408,1.3567,1.35658,1,1
24.08.2021 01:29:41.321,1.35673,1.3565600000000002,1,1.62
24.08.2021 01:29:45.787,1.3567200000000001,1.35657,1,1.12
24.08.2021 01:29:51.165,1.35673,1.3565600000000002,1,1.5
24.08.2021 01:29:56.569,1.3567200000000001,1.35657,1,1.5
24.08.2021 01:30:01.985,1.35673,1.3565600000000002,1,1.62
24.08.2021 01:30:02.790,1.35673,1.3565600000000002,1,1.62
24.08.2021 01:30:05.119,1.35673,1.3565600000000002,1,1.5
24.08.2021 01:30:06.168,1.3567200000000001,1.35657,1,1.62
24.08.2021 01:30:07.951,1.3567200000000001,1.35657,1,1.62
24.08.2021 01:30:08.493,1.3567,1.3565600000000002,1,1
24.08.2021 01:30:08.602,1.3567,1.3565600000000002,1,1
24.08.2021 01:30:13.236,1.35671,1.3565500000000001,1,1
24.08.2021 01:30:20.816,1.3567,1.3565600000000002,1,1
24.08.2021 01:30:24.721,1.35671,1.35654,1,1.62
24.08.2021 01:30:25.092,1.3566799999999999,1.3565500000000001,1,1
24.08.2021 01:30:25.193,1.35669,1.35654,1,1.85
24.08.2021 01:30:25.244,1.35674,1.35659,1.5,1.85
24.08.2021 01:30:25.646,1.35674,1.35659,1,1
24.08.2021 01:30:25.947,1.35671,1.3566,1,1
24.08.2021 01:30:26.048,1.3567200000000001,1.35659,1,1
24.08.2021 01:30:33.196,1.35673,1.35657,1,1.62
24.08.2021 01:30:33.624,1.35673,1.35657,1,1.5
24.08.2021 01:30:37.420,1.35674,1.3566,1,1
24.08.2021 01:30:50.239,1.3567500000000001,1.35661,1,1
24.08.2021 01:30:52.283,1.3567600000000002,1.3566500000000001,1,1
24.08.2021 01:30:52.434,1.35677,1.3566500000000001,1,1
24.08.2021 01:30:58.422,1.35677,1.35667,1,1
24.08.2021 01:31:06.212,1.35677,1.3566500000000001,1,1
24.08.2021 01:31:22.326,1.3567600000000002,1.35664,1,1
24.08.2021 01:31:24.478,1.35677,1.35661,1.5,1.62
24.08.2021 01:31:24.585,1.35677,1.35661,1.5,1.5
24.08.2021 01:31:25.481,1.3567500000000001,1.3566200000000002,1,1
24.08.2021 01:31:25.739,1.3567500000000001,1.35661,1,1.12
24.08.2021 01:31:32.140,1.3567500000000001,1.35661,1,1.5
24.08.2021 01:31:32.255,1.3567600000000002,1.35661,1,1.5
24.08.2021 01:31:35.588,1.3567600000000002,1.35663,1,1
24.08.2021 01:31:37.026,1.35678,1.35663,1,1.5
24.08.2021 01:31:37.077,1.3568200000000001,1.3566600000000002,1.12,1
24.08.2021 01:31:38.748,1.35684,1.3566799999999999,1.12,1
24.08.2021 01:31:57.142,1.35684,1.3567,1.5,1
24.08.2021 01:31:58.835,1.3568500000000001,1.35669,1.12,1
24.08.2021 01:32:05.268,1.35683,1.3566799999999999,1,1.62
24.08.2021 01:32:14.975,1.35684,1.3567,1.5,1
24.08.2021 01:32:15.888,1.3568500000000001,1.35669,1.12,1
24.08.2021 01:32:40.546,1.3568500000000001,1.35671,1,1.5
24.08.2021 01:32:40.597,1.3569,1.3567200000000001,1.12,1.87
24.08.2021 01:32:40.648,1.35691,1.3567600000000002,2.25,2
24.08.2021 01:32:40.749,1.35691,1.35678,1,2
24.08.2021 01:32:41.289,1.35691,1.35678,1,1.5
24.08.2021 01:32:42.567,1.35694,1.35677,1,1.5
24.08.2021 01:32:50.822,1.35691,1.3567600000000002,1,1.5
24.08.2021 01:32:51.357,1.35691,1.35674,1,1.62
24.08.2021 01:32:51.459,1.3569,1.3567500000000001,1,1.12
24.08.2021 01:32:51.574,1.35689,1.35673,1,1
24.08.2021 01:32:51.738,1.35689,1.3567200000000001,1,2.75
24.08.2021 01:32:52.759,1.3568700000000002,1.35671,1,1
24.08.2021 01:32:53.122,1.3568600000000002,1.35671,1,1.5
24.08.2021 01:32:53.223,1.3568500000000001,1.3567,1,2.25
24.08.2021 01:32:53.374,1.35683,1.3567,1,1.5
24.08.2021 01:32:53.476,1.3568500000000001,1.35671,1,1
24.08.2021 01:33:00.602,1.35683,1.35671,1,1
24.08.2021 01:33:07.189,1.35681,1.3567200000000001,1,1
24.08.2021 01:33:07.341,1.3568200000000001,1.3566600000000002,1,1.12
24.08.2021 01:33:27.763,1.35683,1.35669,1,1
24.08.2021 01:33:27.864,1.3568500000000001,1.35671,1,1
24.08.2021 01:33:44.540,1.35684,1.3566799999999999,1,1.5
24.08.2021 01:33:45.465,1.35684,1.3566799999999999,1,1.12
24.08.2021 01:34:08.009,1.3568200000000001,1.3566799999999999,1,1.5
24.08.2021 01:34:08.597,1.35683,1.35667,1,1.12
24.08.2021 01:34:09.599,1.35683,1.35667,1,1.5
24.08.2021 01:34:10.618,1.3568500000000001,1.35669,1,1
24.08.2021 01:34:35.855,1.3568200000000001,1.3566799999999999,1,1.5
24.08.2021 01:34:35.956,1.3568200000000001,1.3566799999999999,1,1
24.08.2021 01:34:43.154,1.3568200000000001,1.3566500000000001,1,2
24.08.2021 01:34:43.255,1.3567600000000002,1.35663,1,1
24.08.2021 01:34:43.356,1.35674,1.35659,1,1
24.08.2021 01:34:43.407,1.3567500000000001,1.35661,1,1.12
24.08.2021 01:34:43.558,1.3567600000000002,1.35659,1,1
24.08.2021 01:34:52.677,1.35673,1.35658,1,1.12
24.08.2021 01:34:54.705,1.35673,1.3566,1,1
24.08.2021 01:34:54.756,1.3567200000000001,1.35657,1,1.5
24.08.2021 01:34:55.517,1.3567,1.3565600000000002,1,1
24.08.2021 01:34:55.726,1.3567,1.3565600000000002,1,1
24.08.2021 01:34:57.395,1.35671,1.35654,1,1.5
24.08.2021 01:34:58.564,1.35671,1.35654,1,1.62
24.08.2021 01:35:00.600,1.3567,1.3565500000000001,1,1.62
24.08.2021 01:35:01.001,1.35669,1.35653,1,2.45
24.08.2021 01:35:01.102,1.35667,1.35651,1,1.1
24.08.2021 01:35:01.203,1.3566600000000002,1.3565200000000002,1,2.7
24.08.2021 01:35:03.456,1.35667,1.3565,1,1.95
24.08.2021 01:35:11.220,1.3566500000000001,1.35651,1,1
24.08.2021 01:35:12.202,1.3566600000000002,1.35648,1,2.45
24.08.2021 01:35:13.116,1.3566500000000001,1.35649,1,1
24.08.2021 01:35:44.279,1.35661,1.35649,1,1
24.08.2021 01:35:45.279,1.3566200000000002,1.35647,1,1.1
24.08.2021 01:35:47.940,1.35663,1.35647,1,1.1
24.08.2021 01:35:55.971,1.35661,1.35647,1,1.91
24.08.2021 01:35:56.072,1.3566,1.35647,1,1
24.08.2021 01:35:56.209,1.35661,1.35646,1,1
24.08.2021 01:35:56.735,1.3566,1.3564500000000002,1,1.7
24.08.2021 01:35:56.869,1.35661,1.35644,1,1.89
24.08.2021 01:35:57.402,1.35659,1.35646,1,1
24.08.2021 01:36:03.446,1.3566,1.35644,1,1
24.08.2021 01:36:07.060,1.35659,1.35643,1,1
24.08.2021 01:36:07.161,1.3565500000000001,1.3564200000000002,1,1.1
24.08.2021 01:36:07.262,1.35654,1.3564200000000002,1,1.1
24.08.2021 01:36:07.364,1.3565600000000002,1.3564100000000001,1,2.94
24.08.2021 01:36:10.297,1.35654,1.3564100000000001,1,1.31
24.08.2021 01:36:20.508,1.3565500000000001,1.3564,1,1.5
24.08.2021 01:36:22.009,1.35657,1.3564,1,4.16
24.08.2021 01:36:22.111,1.3566,1.3564200000000002,1,1
24.08.2021 01:36:22.363,1.35659,1.35644,1,1.72
24.08.2021 01:36:22.464,1.3566,1.35643,1,2.1
24.08.2021 01:36:22.514,1.3566200000000002,1.35643,1,2.85
24.08.2021 01:36:22.565,1.35663,1.35646,1,2.85
24.08.2021 01:36:22.616,1.35663,1.3565,1,1.5
24.08.2021 01:36:22.666,1.3566500000000001,1.35651,1,1.12
24.08.2021 01:36:22.767,1.3566600000000002,1.3565,1,1.5
24.08.2021 01:36:23.019,1.35667,1.35654,1,1
24.08.2021 01:36:23.120,1.35669,1.3566,1,1
24.08.2021 01:36:23.171,1.35669,1.35657,1,1.12
24.08.2021 01:36:23.221,1.35671,1.35659,1,1.12
24.08.2021 01:36:23.372,1.35671,1.3565500000000001,1,1.6
24.08.2021 01:36:23.473,1.3567200000000001,1.3565500000000001,1,2.1
24.08.2021 01:36:23.574,1.35671,1.35657,1,1.1
24.08.2021 01:36:23.675,1.35673,1.3565600000000002,1,1.1
24.08.2021 01:36:23.780,1.3567200000000001,1.3565600000000002,1,1.1
24.08.2021 01:36:26.782,1.3567,1.35657,1,1.1
24.08.2021 01:36:26.883,1.3567,1.35657,1,1.1
24.08.2021 01:36:33.878,1.35681,1.3566200000000002,1.1,1
24.08.2021 01:36:36.311,1.35683,1.3566200000000002,4.12,1
24.08.2021 01:36:36.715,1.35683,1.35664,2.25,1
24.08.2021 01:36:37.201,1.3568200000000001,1.35664,2.25,1
24.08.2021 01:36:39.687,1.3568200000000001,1.35664,2.5,1
24.08.2021 01:36:46.768,1.3568200000000001,1.35663,2.1,1
24.08.2021 01:36:48.580,1.3568,1.3566200000000002,1.97,1
24.08.2021 01:36:48.630,1.35678,1.3566,1,1
24.08.2021 01:36:48.732,1.35678,1.3566,1.5,1
24.08.2021 01:36:51.104,1.35677,1.35661,1.72,1
24.08.2021 01:36:55.479,1.35678,1.35659,1.6,1
24.08.2021 01:36:55.802,1.35674,1.35657,1,1
24.08.2021 01:36:59.540,1.3567500000000001,1.35658,1,1
24.08.2021 01:37:10.639,1.35677,1.3566,1.62,1
24.08.2021 01:37:10.764,1.35677,1.3566,1.12,1
24.08.2021 01:37:14.908,1.35678,1.3566,1.57,1
24.08.2021 01:37:15.650,1.35677,1.3566200000000002,1.5,1
24.08.2021 01:37:16.787,1.35679,1.35661,1,1
24.08.2021 01:37:19.106,1.35678,1.35663,1,1
24.08.2021 01:37:36.308,1.35677,1.3566200000000002,1,1
24.08.2021 01:37:36.997,1.3567600000000002,1.35659,1,1.5
24.08.2021 01:37:37.098,1.3567600000000002,1.35659,1,1.12
24.08.2021 01:37:37.350,1.3567500000000001,1.35658,1,1
24.08.2021 01:37:41.411,1.3567200000000001,1.35658,1,1
24.08.2021 01:37:54.135,1.35671,1.3565500000000001,1,1
24.08.2021 01:38:38.091,1.3567200000000001,1.35657,1,1
24.08.2021 01:38:47.680,1.3566799999999999,1.35654,1,1.12
24.08.2021 01:38:49.115,1.3567,1.35657,1,1
24.08.2021 01:38:49.216,1.35671,1.35659,1,1
24.08.2021 01:38:49.318,1.3567200000000001,1.35659,1,1
24.08.2021 01:38:49.419,1.35671,1.35661,1,1
24.08.2021 01:38:49.754,1.35677,1.35661,1,1
24.08.2021 01:38:54.199,1.35678,1.35663,1,1
24.08.2021 01:38:55.034,1.35679,1.35664,2.7,1
24.08.2021 01:38:55.517,1.35681,1.35663,2.25,1
24.08.2021 01:38:55.618,1.35681,1.35664,1.1,1.5
24.08.2021 01:38:55.962,1.3568200000000001,1.35664,1,1
24.08.2021 01:38:57.713,1.3568200000000001,1.35663,1,1
24.08.2021 01:38:57.814,1.3568,1.35664,1,1
24.08.2021 01:39:14.445,1.3568200000000001,1.3566500000000001,1,1
24.08.2021 01:39:14.696,1.3568200000000001,1.35667,1,1
24.08.2021 01:39:14.797,1.35684,1.35669,1,1
24.08.2021 01:39:14.898,1.35683,1.3566799999999999,1,1
24.08.2021 01:39:15.689,1.35684,1.35669,1,1
24.08.2021 01:39:38.494,1.3568600000000002,1.35669,1,1
24.08.2021 01:39:40.034,1.35689,1.35671,1.5,1
24.08.2021 01:39:40.084,1.35688,1.35674,1,1
24.08.2021 01:39:40.185,1.35689,1.35674,1,1
24.08.2021 01:39:50.675,1.35689,1.3567200000000001,1,1
24.08.2021 01:40:01.542,1.35689,1.3567500000000001,1,1
24.08.2021 01:40:03.112,1.3569,1.3567600000000002,1.5,1
24.08.2021 01:40:04.814,1.35691,1.35673,1,1
24.08.2021 01:40:04.930,1.3569200000000001,1.35674,1,1
24.08.2021 01:40:09.880,1.3569200000000001,1.3567600000000002,1.2,1
24.08.2021 01:40:16.829,1.35691,1.35674,1,1
24.08.2021 01:40:20.996,1.35691,1.3567500000000001,1,1
24.08.2021 01:40:21.097,1.3569200000000001,1.3567600000000002,1.5,1
24.08.2021 01:40:22.244,1.3569200000000001,1.3567500000000001,1,1
24.08.2021 01:40:23.106,1.3569200000000001,1.3567600000000002,2.25,1
24.08.2021 01:40:24.104,1.3569200000000001,1.3567600000000002,2.37,1
24.08.2021 01:40:24.875,1.3569,1.35674,1,1
24.08.2021 01:40:42.680,1.35689,1.3567200000000001,1,1
24.08.2021 01:40:44.925,1.35691,1.35673,2.25,1
24.08.2021 01:40:52.646,1.35691,1.35674,1,1
24.08.2021 01:40:52.775,1.35691,1.35673,1,1
24.08.2021 01:40:55.761,1.3569200000000001,1.35674,1,1
24.08.2021 01:41:01.248,1.3569200000000001,1.3567500000000001,1.5,1
24.08.2021 01:41:03.571,1.3569200000000001,1.35674,1,1
24.08.2021 01:41:06.648,1.35691,1.3567500000000001,1.5,1
24.08.2021 01:41:08.863,1.3569,1.35673,1,1
24.08.2021 01:41:16.883,1.3569200000000001,1.35674,1.5,1
24.08.2021 01:41:33.125,1.35693,1.35674,1.87,1
24.08.2021 01:41:33.548,1.35693,1.3567500000000001,1.12,1
24.08.2021 01:41:36.901,1.35694,1.3567500000000001,1.5,1
24.08.2021 01:41:41.740,1.3569,1.35673,1,1
24.08.2021 01:42:01.514,1.35689,1.35673,1,1
24.08.2021 01:42:16.027,1.35688,1.3567200000000001,1,1
24.08.2021 01:42:18.441,1.3568700000000002,1.3567600000000002,1,1
24.08.2021 01:42:18.554,1.3568700000000002,1.35673,1,1
24.08.2021 01:42:34.621,1.3568600000000002,1.3567,1,1
24.08.2021 01:43:44.342,1.3568500000000001,1.35669,1,1
24.08.2021 01:44:10.728,1.3568200000000001,1.3566799999999999,1,1
24.08.2021 01:44:24.318,1.35683,1.3567,1,1
24.08.2021 01:44:28.345,1.3568200000000001,1.3566799999999999,1,1
24.08.2021 01:44:32.132,1.3568200000000001,1.3566600000000002,1,1
24.08.2021 01:44:35.068,1.35681,1.35664,1,1
24.08.2021 01:44:36.796,1.35681,1.35664,1,1.5
24.08.2021 01:44:37.032,1.3568,1.3566500000000001,1,1.12
24.08.2021 01:44:38.542,1.35679,1.35664,1,1.5
24.08.2021 01:44:42.799,1.3568,1.35663,1,1.12
24.08.2021 01:44:46.628,1.35678,1.35663,1,1.6
24.08.2021 01:44:46.788,1.35678,1.35663,1,1.2
24.08.2021 01:44:57.093,1.35677,1.3566200000000002,1,1.5
24.08.2021 01:45:00.593,1.35678,1.35661,1,1.12
24.08.2021 01:45:00.804,1.35677,1.3566200000000002,1,1.5
24.08.2021 01:45:01.536,1.35678,1.3566200000000002,1,1.6
24.08.2021 01:45:02.270,1.3568,1.35663,1,1
24.08.2021 01:45:20.343,1.35678,1.3566200000000002,1,1
24.08.2021 01:45:27.276,1.3567500000000001,1.35661,1,1.12
24.08.2021 01:45:36.137,1.3567500000000001,1.35658,1,1.5
24.08.2021 01:45:36.238,1.35674,1.35659,1,1.12
24.08.2021 01:45:36.392,1.35674,1.35658,1,1.12
24.08.2021 01:45:36.655,1.3567200000000001,1.35657,1,1.5
24.08.2021 01:45:40.150,1.35673,1.35657,1,1.5
24.08.2021 01:45:43.320,1.35674,1.35659,1,1
24.08.2021 01:45:45.482,1.3567500000000001,1.35659,1,1
24.08.2021 01:45:48.814,1.3567500000000001,1.35659,1,1.22
24.08.2021 01:45:54.274,1.35674,1.3566,1,1.12
24.08.2021 01:45:57.461,1.3567600000000002,1.35659,1,1.12
24.08.2021 01:46:41.195,1.3567500000000001,1.3566500000000001,1,1
24.08.2021 01:46:44.421,1.3567600000000002,1.35659,1,1.12
24.08.2021 01:46:44.471,1.35677,1.35663,1,1
24.08.2021 01:46:58.871,1.35678,1.35664,1,1
24.08.2021 01:46:59.601,1.35681,1.3566500000000001,1,1
24.08.2021 01:46:59.703,1.35684,1.3567,1.12,1
24.08.2021 01:46:59.804,1.3568500000000001,1.35671,1,1
24.08.2021 01:46:59.855,1.35684,1.35669,1,1
24.08.2021 01:46:59.957,1.3568600000000002,1.35669,1,1
24.08.2021 01:47:00.209,1.3568600000000002,1.3567,1,1
24.08.2021 01:47:00.311,1.35688,1.35669,1,1
24.08.2021 01:47:01.121,1.35688,1.35671,1,1
24.08.2021 01:47:01.272,1.35688,1.35674,1,1
24.08.2021 01:47:01.374,1.3569,1.35674,1,1
24.08.2021 01:47:19.311,1.35691,1.35677,1,1
24.08.2021 01:47:24.133,1.35693,1.3568,1.12,1
24.08.2021 01:47:27.981,1.35693,1.35679,1,1
24.08.2021 01:47:30.272,1.35694,1.35679,3.82,1
24.08.2021 01:47:30.380,1.35695,1.35678,3.95,1
24.08.2021 01:47:34.124,1.35695,1.35678,3.37,1
24.08.2021 01:47:36.095,1.35695,1.35678,3.5,1
24.08.2021 01:47:38.101,1.35695,1.35678,3.37,1
24.08.2021 01:47:39.133,1.35695,1.35678,3.5,1
24.08.2021 01:47:39.328,1.35694,1.35679,1.5,1
24.08.2021 01:47:39.378,1.35695,1.3568,1,1
24.08.2021 01:47:43.536,1.35695,1.3568,1,1
24.08.2021 01:47:44.360,1.3569700000000002,1.35679,1.12,1
24.08.2021 01:47:44.411,1.3569700000000002,1.3568600000000002,1,1
24.08.2021 01:47:44.461,1.35701,1.3568700000000002,1,1
24.08.2021 01:47:44.562,1.35705,1.35688,2.45,1
24.08.2021 01:47:44.663,1.3570600000000002,1.35688,1.62,1
24.08.2021 01:47:44.765,1.35705,1.35689,1.12,1
24.08.2021 01:47:44.815,1.3570900000000001,1.3569,2.1,1
24.08.2021 01:47:44.916,1.3570900000000001,1.35691,1.5,1
24.08.2021 01:47:45.018,1.3571,1.35691,1,1
24.08.2021 01:47:45.220,1.35712,1.35691,2.62,1
24.08.2021 01:47:49.558,1.35713,1.35693,2.97,1
24.08.2021 01:47:49.703,1.35712,1.3569200000000001,2.97,1
24.08.2021 01:47:51.969,1.35711,1.3569200000000001,1.5,1
24.08.2021 01:47:58.604,1.35711,1.3569200000000001,2.1,1
24.08.2021 01:47:59.465,1.35712,1.35694,2.25,1
24.08.2021 01:47:59.566,1.35713,1.35695,2.1,1
24.08.2021 01:47:59.667,1.35713,1.35695,1.6,1
24.08.2021 01:48:00.332,1.3571600000000001,1.3569700000000002,2.1,1
24.08.2021 01:48:00.382,1.35715,1.3569700000000002,1.6,1
24.08.2021 01:48:03.262,1.3571600000000001,1.3569700000000002,2.07,1
24.08.2021 01:48:04.033,1.3571700000000002,1.35698,1.6,1
24.08.2021 01:48:04.143,1.3571600000000001,1.35699,1,1
24.08.2021 01:48:04.194,1.35718,1.35701,1.6,1
24.08.2021 01:48:04.295,1.3571900000000001,1.35701,1,1
24.08.2021 01:48:05.604,1.3572,1.35701,2.37,1
24.08.2021 01:48:06.160,1.3571900000000001,1.3570200000000001,1.87,1
24.08.2021 01:48:12.471,1.35718,1.35701,1.5,1
24.08.2021 01:48:12.573,1.3571600000000001,1.35699,1.5,1
24.08.2021 01:48:18.836,1.35715,1.35699,1.2,1
24.08.2021 01:48:18.938,1.35714,1.35698,1.1,1
24.08.2021 01:48:19.040,1.35713,1.35698,1.1,1
24.08.2021 01:48:19.141,1.35714,1.3569700000000002,1.6,1
24.08.2021 01:48:19.680,1.35712,1.3569600000000002,1.2,1
24.08.2021 01:48:21.249,1.35712,1.35695,1,1
24.08.2021 01:48:23.011,1.3571,1.35694,1,1
24.08.2021 01:48:25.606,1.35708,1.35693,1.5,1
24.08.2021 01:48:25.656,1.35708,1.35691,2.07,1
24.08.2021 01:48:25.707,1.35708,1.35691,3.6,1
24.08.2021 01:48:27.961,1.35705,1.35689,1.2,1
24.08.2021 01:48:28.062,1.35705,1.35689,2.35,1
24.08.2021 01:48:28.447,1.35703,1.3568600000000002,1,1
24.08.2021 01:48:28.923,1.3570200000000001,1.35684,1,1
24.08.2021 01:48:30.626,1.357,1.35683,1.5,1
24.08.2021 01:48:36.968,1.3569700000000002,1.3568200000000001,1,1
24.08.2021 01:48:53.090,1.3569700000000002,1.3568200000000001,2.07,1
24.08.2021 01:48:53.191,1.35694,1.35679,1,1
24.08.2021 01:48:53.687,1.3569600000000002,1.3568,1.12,1
24.08.2021 01:48:54.185,1.35694,1.35678,1,1
24.08.2021 01:48:54.598,1.35694,1.35677,1,1
24.08.2021 01:48:56.318,1.35693,1.35677,1,1
24.08.2021 01:49:05.918,1.35694,1.3567600000000002,1.6,1
24.08.2021 01:49:06.040,1.3569200000000001,1.3567500000000001,1,1
24.08.2021 01:49:06.141,1.35693,1.3567500000000001,1.5,1
24.08.2021 01:49:09.312,1.3569200000000001,1.3567600000000002,1.62,1
24.08.2021 01:49:10.929,1.35693,1.3567500000000001,1.5,1
24.08.2021 01:49:11.803,1.35693,1.3567600000000002,1,1
24.08.2021 01:49:11.904,1.3569600000000002,1.35678,2.47,1
24.08.2021 01:49:12.418,1.3569600000000002,1.35678,1.62,1
24.08.2021 01:49:16.049,1.3569600000000002,1.35678,1.62,1
24.08.2021 01:49:23.714,1.35694,1.3567600000000002,1.2,1
24.08.2021 01:49:23.765,1.35694,1.3567600000000002,1.85,1
24.08.2021 01:49:23.866,1.3569200000000001,1.3567500000000001,1.1,1
24.08.2021 01:49:28.666,1.3569200000000001,1.35677,1,1
24.08.2021 01:49:29.323,1.35693,1.35677,1.6,1
24.08.2021 01:49:30.325,1.35694,1.3567600000000002,1.12,1
24.08.2021 01:49:30.655,1.35693,1.35677,1,1
24.08.2021 01:49:31.243,1.35694,1.3567600000000002,1,1
24.08.2021 01:49:32.382,1.35693,1.35678,1,1
24.08.2021 01:49:41.848,1.35693,1.35678,1,1
24.08.2021 01:49:41.950,1.35693,1.35678,1.12,1
24.08.2021 01:49:42.051,1.3569200000000001,1.3567600000000002,1,1
24.08.2021 01:49:43.449,1.3569200000000001,1.35674,1.87,1
24.08.2021 01:49:44.242,1.3569200000000001,1.35674,2.37,1
24.08.2021 01:49:44.746,1.3569,1.35674,1,1
24.08.2021 01:49:47.717,1.35689,1.35674,1.12,1
24.08.2021 01:49:50.526,1.35689,1.3567200000000001,1,1
24.08.2021 01:49:50.627,1.3568700000000002,1.35673,1,1
24.08.2021 01:50:07.366,1.3568600000000002,1.35673,1,1
24.08.2021 01:50:08.488,1.3568600000000002,1.35671,1,1
24.08.2021 01:50:09.200,1.3568500000000001,1.35671,1,1
24.08.2021 01:50:09.525,1.3568500000000001,1.35669,1,1
24.08.2021 01:50:09.689,1.3568500000000001,1.35669,2,1
24.08.2021 01:50:09.790,1.35684,1.3566600000000002,1,1
24.08.2021 01:50:11.061,1.35683,1.3566799999999999,1.12,1
24.08.2021 01:50:12.929,1.3568600000000002,1.3566799999999999,2.25,1
24.08.2021 01:50:13.464,1.3568500000000001,1.3567,1,1
24.08.2021 01:50:25.908,1.35688,1.35671,1.5,1
24.08.2021 01:50:26.059,1.35689,1.3567200000000001,1.5,1
24.08.2021 01:50:26.210,1.3569,1.3567500000000001,1,1
24.08.2021 01:50:27.605,1.35691,1.3567500000000001,1.62,1
24.08.2021 01:50:34.613,1.35691,1.3567500000000001,1.5,1
24.08.2021 01:50:48.605,1.35691,1.3567500000000001,2,1
24.08.2021 01:50:49.544,1.35691,1.3567500000000001,1,1
24.08.2021 01:50:56.105,1.35691,1.3567600000000002,1.12,1
24.08.2021 01:52:02.911,1.3569200000000001,1.3567600000000002,1,1
24.08.2021 01:52:03.029,1.35693,1.3567600000000002,1,1
24.08.2021 01:52:11.995,1.35694,1.35678,1.5,1
24.08.2021 01:52:15.297,1.35694,1.3567600000000002,1.5,1
24.08.2021 01:52:17.277,1.35694,1.3567600000000002,1,1
24.08.2021 01:52:28.939,1.3569200000000001,1.3567600000000002,2,1
24.08.2021 01:52:35.110,1.35693,1.3567500000000001,2.62,1
24.08.2021 01:52:38.727,1.3569200000000001,1.3567500000000001,1,1
24.08.2021 01:53:03.607,1.3569200000000001,1.3567600000000002,3.12,1
24.08.2021 01:53:07.783,1.3569,1.3567500000000001,1.87,1
24.08.2021 01:53:10.760,1.3569,1.3567500000000001,1.5,1
24.08.2021 01:53:21.686,1.3569,1.35677,2,1
24.08.2021 01:53:22.076,1.35689,1.3567500000000001,1,1
24.08.2021 01:53:23.527,1.35689,1.35674,1,1
24.08.2021 01:53:24.962,1.35688,1.35674,1,1
24.08.2021 01:53:27.700,1.3569,1.35673,1,1
24.08.2021 01:53:28.970,1.3569200000000001,1.35674,1.12,1
24.08.2021 01:53:29.334,1.3569200000000001,1.3567500000000001,1.12,1
24.08.2021 01:53:32.109,1.35693,1.35677,1,1
24.08.2021 01:53:32.211,1.35694,1.35678,1.12,1
24.08.2021 01:53:32.312,1.35698,1.35681,1,1
24.08.2021 01:53:32.413,1.35699,1.35684,1.5,1
24.08.2021 01:53:32.514,1.35699,1.35684,1,1
24.08.2021 01:53:32.635,1.357,1.35684,1.5,1
24.08.2021 01:53:32.741,1.357,1.3568500000000001,1,1
24.08.2021 01:53:32.892,1.3570200000000001,1.3568500000000001,1,1
24.08.2021 01:53:33.213,1.35703,1.3568700000000002,2.25,1
24.08.2021 01:53:34.144,1.35705,1.35689,1.62,1
24.08.2021 01:53:34.862,1.35705,1.35689,1.12,1
24.08.2021 01:53:43.292,1.3570600000000002,1.35689,1,1
24.08.2021 01:54:07.296,1.3570600000000002,1.35689,1.5,1
24.08.2021 01:54:08.301,1.3570600000000002,1.35689,1.12,1
24.08.2021 01:54:31.369,1.3570600000000002,1.35691,1.12,1
24.08.2021 01:54:35.399,1.35705,1.3569,1.12,1
24.08.2021 01:54:43.069,1.3570700000000002,1.35691,1.5,1
24.08.2021 01:54:46.179,1.35708,1.35694,1.5,1
24.08.2021 01:54:46.280,1.35708,1.35691,2,1
24.08.2021 01:54:50.367,1.35705,1.3569,1.12,1
24.08.2021 01:54:51.997,1.35705,1.3569,1.5,1
24.08.2021 01:54:54.982,1.3570600000000002,1.35689,2,1
24.08.2021 01:54:56.988,1.3570600000000002,1.35689,2,1
24.08.2021 01:55:02.001,1.35705,1.35689,1.5,1
24.08.2021 01:55:02.720,1.35705,1.35688,2.75,1
24.08.2021 01:55:09.499,1.35703,1.35689,1.5,1
24.08.2021 01:55:11.912,1.35704,1.35688,1.12,1
24.08.2021 01:55:27.565,1.35705,1.35688,1.62,1
24.08.2021 01:55:28.555,1.35705,1.35688,1.62,1
24.08.2021 01:55:32.566,1.35703,1.35689,1.5,1
24.08.2021 01:55:34.573,1.35705,1.35688,2.37,1
24.08.2021 01:55:41.049,1.35705,1.35691,2,1
24.08.2021 01:55:45.077,1.35704,1.35689,2,1
24.08.2021 01:55:48.109,1.35708,1.35691,1.62,1.12
24.08.2021 01:55:48.211,1.3571700000000002,1.35701,2.25,2.19
24.08.2021 01:55:48.313,1.35721,1.3570700000000002,1.62,1
24.08.2021 01:55:48.364,1.35725,1.35708,1.5,1
24.08.2021 01:55:48.516,1.35728,1.35712,1.12,1.5
24.08.2021 01:55:48.567,1.3573000000000002,1.35714,1.5,1
24.08.2021 01:55:48.718,1.3573000000000002,1.35715,1.12,1.12
24.08.2021 01:55:48.769,1.35731,1.3571600000000001,1.12,1
24.08.2021 01:55:48.870,1.35731,1.3571700000000002,1,1
24.08.2021 01:55:48.971,1.35732,1.35718,1,1
24.08.2021 01:55:50.172,1.35732,1.3571900000000001,1.5,1
24.08.2021 01:55:51.372,1.35731,1.3571900000000001,1,1
24.08.2021 01:55:51.731,1.35734,1.3571900000000001,1.5,1.12
24.08.2021 01:55:51.782,1.3573700000000002,1.3572,1.87,1
24.08.2021 01:55:51.833,1.35739,1.35721,1.12,1.12
24.08.2021 01:55:51.934,1.3574000000000002,1.35724,1,1.12
24.08.2021 01:55:52.035,1.3574000000000002,1.35724,1,1.5
24.08.2021 01:55:52.240,1.35741,1.35723,1,1.5
24.08.2021 01:55:52.344,1.35741,1.35724,1.5,1.5
24.08.2021 01:55:56.935,1.35741,1.35724,1.5,1.5
24.08.2021 01:55:56.985,1.35744,1.3572600000000001,4.5,1.12
24.08.2021 01:55:57.036,1.35744,1.35728,2,1
24.08.2021 01:55:57.238,1.35743,1.35729,1.5,1
24.08.2021 01:55:58.282,1.35743,1.35728,1,1.12
24.08.2021 01:55:58.383,1.35742,1.3573000000000002,1,1.12
24.08.2021 01:55:59.630,1.35742,1.35729,1,1.12
24.08.2021 01:56:00.163,1.35744,1.35729,1,1
24.08.2021 01:56:00.541,1.35743,1.3573000000000002,1,1.5
24.08.2021 01:56:01.092,1.35745,1.35729,1.5,1.5
24.08.2021 01:56:01.213,1.35745,1.35729,1,1.12
24.08.2021 01:56:03.541,1.35745,1.3573000000000002,1.5,1.12
24.08.2021 01:56:04.373,1.35746,1.3573000000000002,1,1.12
24.08.2021 01:56:06.269,1.35746,1.35731,1.87,1.12
24.08.2021 01:56:12.425,1.35748,1.35733,1.1,1
24.08.2021 01:56:12.476,1.35749,1.35733,2.1,1
24.08.2021 01:56:12.526,1.35751,1.35735,2.47,1
24.08.2021 01:56:12.627,1.35752,1.35735,1.7,1
24.08.2021 01:56:12.728,1.35752,1.35735,1,1
24.08.2021 01:56:12.829,1.35752,1.3573700000000002,1,1
24.08.2021 01:56:19.110,1.35751,1.3573600000000001,1.5,1
24.08.2021 01:56:19.418,1.3575000000000002,1.35734,1,1.5
24.08.2021 01:56:21.239,1.35749,1.35735,1,1
24.08.2021 01:56:32.448,1.3575000000000002,1.35734,1,1.5
24.08.2021 01:56:32.498,1.35752,1.3573600000000001,1,1
24.08.2021 01:57:13.840,1.35749,1.35735,1,1.5
24.08.2021 01:57:13.946,1.3574700000000002,1.35734,1,1.87
24.08.2021 01:57:39.917,1.35749,1.35734,1,1
24.08.2021 01:57:40.018,1.35749,1.35735,1,1
24.08.2021 01:57:40.119,1.3575000000000002,1.35733,1,1
24.08.2021 01:57:40.339,1.35749,1.35733,1,1
24.08.2021 01:57:43.673,1.35749,1.35731,1,1
24.08.2021 01:57:43.774,1.35748,1.3573000000000002,1,1
24.08.2021 01:57:51.760,1.3574700000000002,1.35732,1,1
24.08.2021 01:57:54.716,1.35748,1.35733,1,1.5
24.08.2021 01:57:55.215,1.35751,1.35734,1,1
24.08.2021 01:57:56.570,1.35753,1.3573600000000001,1,1
24.08.2021 01:57:56.721,1.35752,1.35734,1,1
24.08.2021 01:57:56.917,1.35752,1.3573700000000002,1,1.12
24.08.2021 01:57:57.069,1.35754,1.3573700000000002,1,1
24.08.2021 01:57:57.325,1.35755,1.3574000000000002,1,1.5
24.08.2021 01:58:00.342,1.35756,1.35741,1,1
24.08.2021 01:58:03.876,1.35758,1.35742,1,1
24.08.2021 01:58:42.340,1.35759,1.35744,1,1
24.08.2021 01:58:43.800,1.3575700000000002,1.35742,1,1.87
24.08.2021 01:58:44.448,1.3575700000000002,1.35742,1,2.07
24.08.2021 01:59:00.786,1.35759,1.35744,1,1
24.08.2021 01:59:03.269,1.35758,1.3574000000000002,1,5.07
24.08.2021 01:59:03.473,1.35756,1.35741,1,2.07
24.08.2021 01:59:04.515,1.3575700000000002,1.3574000000000002,1,1.5
24.08.2021 01:59:07.643,1.35756,1.35741,1,2
24.08.2021 01:59:12.055,1.35758,1.35741,1,1.12
24.08.2021 01:59:20.538,1.3575700000000002,1.3574000000000002,1,2.62
24.08.2021 01:59:23.996,1.35759,1.35744,1,1
24.08.2021 01:59:26.873,1.3576000000000001,1.35744,1,1
24.08.2021 01:59:34.019,1.3576100000000002,1.35745,1,1
24.08.2021 01:59:34.170,1.35762,1.35748,1.5,1
24.08.2021 01:59:35.148,1.35763,1.3574700000000002,1,1
24.08.2021 01:59:35.272,1.3576100000000002,1.35745,1,1
24.08.2021 01:59:42.072,1.35762,1.35745,1,1
24.08.2021 01:59:51.105,1.35764,1.3574700000000002,1,1
24.08.2021 01:59:54.207,1.3576100000000002,1.35746,1,1.87
24.08.2021 01:59:55.651,1.3576000000000001,1.35745,1,2
24.08.2021 01:59:55.802,1.35759,1.35743,1,1.5
24.08.2021 02:00:00.468,1.3575700000000002,1.35743,1,1
24.08.2021 02:00:00.569,1.35756,1.35742,1,1
24.08.2021 02:00:03.731,1.35756,1.35741,1,1
24.08.2021 02:00:05.173,1.35756,1.3574000000000002,1,1.5
24.08.2021 02:00:05.245,1.35755,1.35739,1,1
24.08.2021 02:00:09.247,1.35756,1.35741,1.1,1
24.08.2021 02:00:09.824,1.35756,1.35741,1.1,1
24.08.2021 02:00:10.108,1.35756,1.35741,1,1
24.08.2021 02:00:10.214,1.35759,1.35742,1.12,1
24.08.2021 02:00:11.173,1.35758,1.35743,1.1,1
24.08.2021 02:00:12.274,1.35758,1.35743,1,1
24.08.2021 02:00:13.373,1.35758,1.35743,1.1,1
24.08.2021 02:00:14.101,1.3575700000000002,1.3574000000000002,1.1,1
24.08.2021 02:00:14.473,1.35756,1.35741,1,1
24.08.2021 02:00:15.574,1.35756,1.35741,1.1,1
24.08.2021 02:00:16.673,1.35756,1.35741,1,1
24.08.2021 02:00:24.784,1.35758,1.35742,1,1
24.08.2021 02:00:25.389,1.3576000000000001,1.35743,1.12,1
24.08.2021 02:00:25.490,1.3576100000000002,1.35744,3.12,1
24.08.2021 02:00:25.651,1.3576100000000002,1.35744,2.62,1
24.08.2021 02:00:29.605,1.3576000000000001,1.35746,1,1
24.08.2021 02:00:29.810,1.35762,1.35746,1.5,1
24.08.2021 02:00:29.911,1.35762,1.3574700000000002,1,1
24.08.2021 02:00:30.545,1.35763,1.3574700000000002,1.1,1
24.08.2021 02:00:30.897,1.35765,1.35748,2.45,1
24.08.2021 02:00:31.099,1.35765,1.35748,1.87,1
24.08.2021 02:00:35.504,1.35765,1.35748,2.07,1
24.08.2021 02:00:36.491,1.35764,1.35749,1.95,1
24.08.2021 02:00:37.726,1.35765,1.35748,2.07,1
24.08.2021 02:00:41.773,1.35765,1.35748,1.87,1
24.08.2021 02:00:46.725,1.35765,1.35748,1.5,1
24.08.2021 02:00:47.096,1.35764,1.35746,1.2,1
24.08.2021 02:00:47.247,1.35762,1.35745,1,1
24.08.2021 02:00:47.398,1.3576100000000002,1.35744,1,1
24.08.2021 02:00:47.943,1.35759,1.35743,1,1
24.08.2021 02:00:48.218,1.35758,1.35743,1,1
24.08.2021 02:00:49.200,1.35754,1.35744,1,1
24.08.2021 02:00:49.301,1.35756,1.35744,1,1
24.08.2021 02:00:49.402,1.35756,1.35741,1,1
24.08.2021 02:00:50.356,1.3575700000000002,1.35742,1,1
24.08.2021 02:00:51.661,1.35759,1.35744,1.12,1
24.08.2021 02:01:00.917,1.3576000000000001,1.35744,1.57,1
24.08.2021 02:01:01.018,1.35762,1.3574700000000002,2.37,1
24.08.2021 02:01:01.069,1.35763,1.35748,1.12,1
24.08.2021 02:01:01.170,1.35766,1.35748,3.07,1
24.08.2021 02:01:01.907,1.35764,1.35749,1.57,1
24.08.2021 02:01:01.958,1.3576000000000001,1.3574700000000002,1,1
24.08.2021 02:01:02.008,1.35762,1.3574700000000002,1.5,1
24.08.2021 02:01:02.451,1.35762,1.35746,1,1
24.08.2021 02:01:02.552,1.35762,1.35745,1.5,1
24.08.2021 02:01:03.047,1.35762,1.35744,1.5,1
24.08.2021 02:01:03.149,1.3576000000000001,1.35745,1,1
24.08.2021 02:01:03.520,1.3576000000000001,1.35744,1,1
24.08.2021 02:01:04.396,1.3575700000000002,1.35742,1,1
24.08.2021 02:01:05.472,1.35758,1.35743,1,1.5
24.08.2021 02:01:05.523,1.3576100000000002,1.35745,1.5,1
24.08.2021 02:01:05.624,1.35762,1.35746,1,1
24.08.2021 02:01:12.453,1.3576000000000001,1.35746,1,1.12
24.08.2021 02:01:14.060,1.3576100000000002,1.3574700000000002,1,1
24.08.2021 02:01:20.764,1.3576100000000002,1.3574700000000002,1,1.5
24.08.2021 02:01:23.385,1.3576100000000002,1.3574700000000002,1,1.5
24.08.2021 02:02:01.144,1.35762,1.35748,1.12,2
24.08.2021 02:02:02.552,1.35762,1.35748,1,2.75
24.08.2021 02:02:13.431,1.35763,1.3574700000000002,1,2.75
24.08.2021 02:02:13.482,1.35765,1.35751,1,1
24.08.2021 02:02:13.533,1.35766,1.35753,1.5,1
24.08.2021 02:02:13.634,1.3576700000000002,1.35753,1.12,1
24.08.2021 02:02:14.564,1.35769,1.35753,1,1
24.08.2021 02:02:15.034,1.3577100000000002,1.35755,1,1.12
24.08.2021 02:02:15.135,1.35772,1.35756,1.5,1
24.08.2021 02:02:28.902,1.3577100000000002,1.3575700000000002,1.5,1.5
24.08.2021 02:02:29.486,1.3577000000000001,1.35756,1,1
24.08.2021 02:02:29.537,1.35769,1.35754,1,1.87
24.08.2021 02:02:31.486,1.35769,1.35753,1,1
24.08.2021 02:02:36.413,1.3576700000000002,1.35753,1,1
24.08.2021 02:02:36.725,1.35765,1.35753,1,1
24.08.2021 02:02:36.775,1.35764,1.3575000000000002,1,1.5
24.08.2021 02:02:37.658,1.35764,1.35749,1,1.5
24.08.2021 02:02:39.539,1.35763,1.35748,1,1.62
24.08.2021 02:02:42.028,1.35764,1.35748,1,1
24.08.2021 02:02:45.296,1.35763,1.35748,1,1.62
24.08.2021 02:02:45.397,1.35764,1.3575000000000002,1,1
24.08.2021 02:02:50.827,1.35766,1.3575000000000002,1,1
24.08.2021 02:02:50.940,1.35765,1.35749,1,1
24.08.2021 02:02:52.565,1.35766,1.35752,1.5,1
24.08.2021 02:03:13.203,1.35764,1.3575000000000002,1,1.12
24.08.2021 02:03:26.204,1.35766,1.35753,1,1
24.08.2021 02:03:26.361,1.3576700000000002,1.35754,1,1
24.08.2021 02:03:26.462,1.35766,1.3575700000000002,1,1
24.08.2021 02:03:26.562,1.35772,1.35756,1.12,1
24.08.2021 02:03:47.285,1.3577000000000001,1.35756,1,1
24.08.2021 02:03:53.227,1.35772,1.35756,1,1.12
24.08.2021 02:03:53.328,1.35772,1.35758,1.12,1
24.08.2021 02:04:02.849,1.3577000000000001,1.35754,1,1.12
24.08.2021 02:04:02.950,1.3577000000000001,1.35753,1,1
24.08.2021 02:04:03.307,1.35768,1.35752,1,1.12
24.08.2021 02:04:03.533,1.35766,1.35751,1,3.5
24.08.2021 02:04:03.634,1.35766,1.35751,1,3
24.08.2021 02:04:03.918,1.35765,1.3575000000000002,1,1.87
24.08.2021 02:04:04.688,1.35763,1.35749,1,1.5
24.08.2021 02:04:05.712,1.35763,1.35749,1,1.12
24.08.2021 02:04:14.320,1.35768,1.35753,2.1,1
24.08.2021 02:04:14.521,1.35769,1.35753,1.6,1
24.08.2021 02:04:14.813,1.35768,1.35752,1.1,1
24.08.2021 02:04:19.644,1.35769,1.35753,1.5,1
24.08.2021 02:04:19.745,1.3577000000000001,1.35753,1.5,1
24.08.2021 02:04:20.124,1.3577100000000002,1.35753,3.45,1
24.08.2021 02:04:20.225,1.35772,1.3575700000000002,2.37,1
24.08.2021 02:04:20.327,1.3577100000000002,1.35758,1.12,1
24.08.2021 02:04:20.654,1.3577100000000002,1.35759,1.12,1
24.08.2021 02:04:37.128,1.3577000000000001,1.35759,1,1
24.08.2021 02:04:39.287,1.35772,1.35758,1,1
24.08.2021 02:04:39.408,1.35772,1.35759,1.5,1
24.08.2021 02:04:42.024,1.3577100000000002,1.35759,1,1
24.08.2021 02:04:44.315,1.35772,1.35759,1.5,1
24.08.2021 02:04:54.561,1.35772,1.35758,1,1
24.08.2021 02:04:55.003,1.35772,1.35755,1.5,1.12
24.08.2021 02:04:55.157,1.3577000000000001,1.35755,1,1.12
24.08.2021 02:04:58.354,1.3577100000000002,1.3575700000000002,1,1
24.08.2021 02:05:00.456,1.35769,1.35753,1,1.12
24.08.2021 02:05:02.284,1.35772,1.35755,1.12,1
24.08.2021 02:05:04.041,1.3577299999999999,1.35758,1.5,1
24.08.2021 02:05:04.142,1.3577299999999999,1.35759,1.12,1
24.08.2021 02:05:04.354,1.3577700000000001,1.3576100000000002,3.87,1
24.08.2021 02:05:04.455,1.3577700000000001,1.35763,1,1
24.08.2021 02:05:04.557,1.35779,1.35764,1,1
24.08.2021 02:05:04.658,1.3578000000000001,1.3576100000000002,1,1.12
24.08.2021 02:05:04.961,1.3578100000000002,1.35764,1,1
24.08.2021 02:05:05.191,1.35783,1.35766,2.35,1
24.08.2021 02:05:05.346,1.35783,1.35766,2.32,1
24.08.2021 02:05:05.447,1.35782,1.35765,1.62,1
24.08.2021 02:05:05.548,1.35779,1.35762,1.5,1
24.08.2021 02:05:06.344,1.35778,1.35763,3.87,1
24.08.2021 02:05:07.588,1.35776,1.35763,1,1
24.08.2021 02:05:07.689,1.3577700000000001,1.3576100000000002,1,1
24.08.2021 02:05:09.595,1.35776,1.3576100000000002,1,1
24.08.2021 02:05:12.745,1.3577700000000001,1.35762,2.51,1
24.08.2021 02:05:12.795,1.35776,1.35759,1,1
24.08.2021 02:05:17.672,1.35775,1.35759,1,1
24.08.2021 02:05:17.773,1.35775,1.35758,1.57,1
24.08.2021 02:05:18.726,1.3577299999999999,1.35758,1.69,1
24.08.2021 02:05:18.782,1.3577299999999999,1.35756,2.44,1
24.08.2021 02:05:18.991,1.3577100000000002,1.3575700000000002,1,1
24.08.2021 02:05:19.617,1.3577000000000001,1.3575700000000002,1,1
24.08.2021 02:05:19.718,1.3577100000000002,1.35755,1,1
24.08.2021 02:05:20.337,1.3577000000000001,1.35754,1.5,1.12
24.08.2021 02:05:20.589,1.3577000000000001,1.35753,1,1
24.08.2021 02:05:21.949,1.3577000000000001,1.35754,1,1
24.08.2021 02:05:26.781,1.35768,1.35753,1,1
24.08.2021 02:05:33.418,1.3577000000000001,1.35756,1.5,1
24.08.2021 02:05:33.523,1.3577100000000002,1.35755,1.5,1
24.08.2021 02:05:33.738,1.3577000000000001,1.35756,1,1
24.08.2021 02:05:34.288,1.35772,1.35755,1.12,1
24.08.2021 02:05:38.306,1.35772,1.35756,1.12,1
24.08.2021 02:05:38.969,1.35772,1.35756,1.5,1
24.08.2021 02:05:45.090,1.35772,1.35756,1.12,1
24.08.2021 02:05:46.452,1.35772,1.35756,1.5,1
24.08.2021 02:05:47.481,1.3577299999999999,1.35756,1.12,1
24.08.2021 02:05:47.582,1.35774,1.3575700000000002,1.12,1
24.08.2021 02:05:47.993,1.35775,1.3575700000000002,1.12,1
24.08.2021 02:05:53.104,1.3577700000000001,1.35759,1.62,1
24.08.2021 02:05:53.205,1.3577700000000001,1.3576100000000002,1,1
24.08.2021 02:05:54.380,1.3577700000000001,1.3576100000000002,1,1
24.08.2021 02:06:00.314,1.3577299999999999,1.35758,1,1.12
24.08.2021 02:06:10.133,1.3577299999999999,1.35758,1,2
24.08.2021 02:06:23.094,1.3577299999999999,1.3575700000000002,1,1.5
24.08.2021 02:06:23.195,1.35772,1.35758,1,1.12
24.08.2021 02:06:24.214,1.3577299999999999,1.3575700000000002,1,1.5
24.08.2021 02:06:25.188,1.3577299999999999,1.3575700000000002,1,1.12
24.08.2021 02:06:31.577,1.35769,1.35755,1,1
24.08.2021 02:06:31.628,1.3576700000000002,1.35752,1,1
24.08.2021 02:06:31.729,1.35765,1.35751,1,1.5
24.08.2021 02:06:31.830,1.35764,1.35748,1,1.87
24.08.2021 02:06:31.880,1.3576100000000002,1.35749,1,1.12
24.08.2021 02:06:32.391,1.35762,1.35746,1,1
24.08.2021 02:06:32.586,1.35763,1.3574700000000002,1,1
24.08.2021 02:06:32.637,1.35765,1.35749,1,1
24.08.2021 02:07:30.411,1.35764,1.35748,1,1
24.08.2021 02:07:40.593,1.35762,1.35746,1,1
24.08.2021 02:07:40.694,1.35758,1.35744,1,1
24.08.2021 02:07:41.047,1.35756,1.35742,1,1
24.08.2021 02:07:44.922,1.35755,1.3574000000000002,1,1
24.08.2021 02:07:46.602,1.35753,1.35739,1,1
24.08.2021 02:07:46.829,1.35753,1.35738,1,1.12
24.08.2021 02:07:53.049,1.35755,1.35738,1,1
24.08.2021 02:07:53.572,1.35755,1.3574000000000002,1,1
24.08.2021 02:07:54.059,1.35756,1.35742,1,1
24.08.2021 02:08:38.126,1.35759,1.35743,1,1
24.08.2021 02:09:06.973,1.3575700000000002,1.35741,1,1.12
24.08.2021 02:09:07.317,1.3575700000000002,1.3574000000000002,1,1.12
24.08.2021 02:09:12.859,1.35756,1.35739,1,1.5
24.08.2021 02:09:13.161,1.35753,1.35738,1,1.5
24.08.2021 02:09:13.533,1.35754,1.3573700000000002,1,1.12
24.08.2021 02:09:14.544,1.35753,1.3573600000000001,1,1.12
24.08.2021 02:09:16.858,1.35751,1.3573600000000001,1,1
24.08.2021 02:09:17.113,1.35748,1.35734,2.25,1
24.08.2021 02:09:17.214,1.3574700000000002,1.35732,1,2.62
24.08.2021 02:09:20.884,1.35749,1.35732,1,1
24.08.2021 02:09:56.926,1.35746,1.35732,1,1
24.08.2021 02:10:07.916,1.35748,1.35734,1,1
24.08.2021 02:10:10.880,1.35749,1.35735,1,1
24.08.2021 02:10:13.428,1.35751,1.3573700000000002,1,1
24.08.2021 02:10:13.529,1.35753,1.35739,1,1
24.08.2021 02:10:31.254,1.35754,1.3574000000000002,1,1
24.08.2021 02:10:32.305,1.3575700000000002,1.3574000000000002,1,1
24.08.2021 02:10:32.361,1.3575700000000002,1.35743,1,1
24.08.2021 02:10:51.676,1.35758,1.35742,1,1.5
24.08.2021 02:10:51.726,1.3576100000000002,1.3574700000000002,1.5,1
24.08.2021 02:10:51.827,1.35762,1.35746,1,1
24.08.2021 02:10:58.473,1.35759,1.35745,1,1
24.08.2021 02:11:23.856,1.35762,1.3574700000000002,1.12,1
24.08.2021 02:11:23.957,1.35762,1.35746,1,1
24.08.2021 02:11:24.422,1.3576100000000002,1.35745,1,1
24.08.2021 02:12:05.427,1.35759,1.35744,1,1
24.08.2021 02:12:05.628,1.3575700000000002,1.35742,1,1
24.08.2021 02:12:08.543,1.35758,1.3574000000000002,1,1
24.08.2021 02:12:28.597,1.35758,1.35741,1,1
24.08.2021 02:12:29.132,1.35756,1.35741,1,1
24.08.2021 02:12:29.234,1.35756,1.35739,1,1
24.08.2021 02:12:31.572,1.35753,1.35738,1,1
24.08.2021 02:12:31.727,1.35753,1.3573700000000002,1,1
24.08.2021 02:12:31.828,1.35752,1.3573700000000002,1,1
24.08.2021 02:12:32.774,1.35752,1.35738,1,1
24.08.2021 02:12:33.543,1.35752,1.3573600000000001,1,1
24.08.2021 02:12:33.773,1.35751,1.35735,1,1
24.08.2021 02:13:13.393,1.35749,1.35735,1,1
24.08.2021 02:13:19.327,1.3574700000000002,1.35733,1,1
24.08.2021 02:13:19.533,1.35751,1.35738,1.5,1
24.08.2021 02:13:19.584,1.35749,1.35734,1,1
24.08.2021 02:13:26.028,1.35751,1.3573600000000001,1,1
24.08.2021 02:13:26.528,1.35753,1.3573600000000001,1,1
24.08.2021 02:13:27.029,1.35753,1.35738,1,1
24.08.2021 02:13:33.304,1.35754,1.3573600000000001,1,1.5
24.08.2021 02:13:40.665,1.35754,1.35739,1,1
24.08.2021 02:14:52.772,1.35756,1.35741,1.5,1
24.08.2021 02:14:53.274,1.35755,1.35738,1,1
24.08.2021 02:15:09.723,1.35753,1.3573700000000002,1,1
24.08.2021 02:15:09.824,1.35751,1.35735,1,1
24.08.2021 02:15:11.054,1.3575000000000002,1.35734,1,1
24.08.2021 02:15:38.291,1.35749,1.35734,1,1
24.08.2021 02:15:38.817,1.3575000000000002,1.35734,2.25,1
24.08.2021 02:15:40.742,1.35749,1.35734,1,1
24.08.2021 02:15:45.712,1.3574700000000002,1.35733,1,1
24.08.2021 02:15:47.463,1.35745,1.35731,1,1.12
24.08.2021 02:15:57.159,1.35742,1.35728,1,1.5
24.08.2021 02:15:57.318,1.35742,1.35728,1,1
24.08.2021 02:16:00.201,1.35741,1.35728,1,1
24.08.2021 02:16:03.379,1.35744,1.3572700000000002,1,1.87
24.08.2021 02:16:03.711,1.35744,1.35728,1,1
24.08.2021 02:16:03.877,1.35744,1.35729,1,1.62
24.08.2021 02:16:03.982,1.35746,1.35729,1,1.5
24.08.2021 02:16:04.133,1.35745,1.35734,1,1
24.08.2021 02:16:04.811,1.3574700000000002,1.35734,1,1
24.08.2021 02:16:19.936,1.3574700000000002,1.35733,1,1
24.08.2021 02:16:31.590,1.3574700000000002,1.35731,1,1
24.08.2021 02:17:16.908,1.3574700000000002,1.35733,1,1
24.08.2021 02:17:19.972,1.3574700000000002,1.35731,1,1
24.08.2021 02:17:23.202,1.35744,1.3573000000000002,1,1
24.08.2021 02:17:24.050,1.35743,1.3572700000000002,1,1.5
24.08.2021 02:17:25.041,1.35742,1.35728,1,1
24.08.2021 02:17:32.973,1.35745,1.35729,1,1
24.08.2021 02:17:38.906,1.35742,1.3572700000000002,1,1.5
24.08.2021 02:17:39.114,1.35742,1.3572700000000002,1,1.12
24.08.2021 02:17:43.015,1.35741,1.35724,1,1.7
24.08.2021 02:17:43.125,1.3574000000000002,1.35725,1,1.7
24.08.2021 02:17:55.837,1.35739,1.35724,1,1.1
24.08.2021 02:17:55.887,1.35738,1.35721,1,1.7
24.08.2021 02:17:55.988,1.35735,1.35718,1,1.12
24.08.2021 02:17:56.039,1.35729,1.35715,1,1.95
24.08.2021 02:17:56.140,1.35729,1.35712,1,1
24.08.2021 02:17:56.241,1.35728,1.35712,1,1.5
24.08.2021 02:17:56.291,1.3572700000000002,1.35711,1,1.5
24.08.2021 02:17:57.149,1.3572600000000001,1.35711,1,1
24.08.2021 02:18:03.153,1.3572700000000002,1.35708,1,1.7
24.08.2021 02:18:08.162,1.3572700000000002,1.3570900000000001,1,1.1
24.08.2021 02:18:10.759,1.35728,1.35711,1,1.12
24.08.2021 02:18:11.697,1.35728,1.35712,1,1.5
24.08.2021 02:18:11.798,1.35731,1.35713,1,1
24.08.2021 02:18:11.901,1.35732,1.3571700000000002,1,1.6
24.08.2021 02:18:12.052,1.35733,1.35718,1,1
24.08.2021 02:18:13.882,1.35733,1.35718,1,1.1
24.08.2021 02:18:20.205,1.35734,1.3571700000000002,1,1
24.08.2021 02:18:23.107,1.35734,1.35715,1,2.62
24.08.2021 02:18:25.573,1.35733,1.35721,1,1
24.08.2021 02:18:28.855,1.35733,1.3571600000000001,1,1.12
24.08.2021 02:18:28.905,1.35734,1.35718,1,1
24.08.2021 02:19:00.997,1.3573600000000001,1.3571900000000001,1,1
24.08.2021 02:19:05.545,1.35735,1.35718,1,1
24.08.2021 02:19:06.440,1.35735,1.3572,1,1
24.08.2021 02:19:37.584,1.35735,1.35721,1,1
24.08.2021 02:19:40.869,1.3573600000000001,1.3571900000000001,1,1
24.08.2021 02:19:40.920,1.35738,1.35722,1,1
24.08.2021 02:19:41.403,1.3573600000000001,1.3572,1,1
24.08.2021 02:19:41.554,1.35735,1.3572,1,1
24.08.2021 02:19:45.895,1.35735,1.3572,1,1.1
24.08.2021 02:19:48.058,1.35735,1.3572,1,1.1
24.08.2021 02:19:51.060,1.35735,1.3572,1,1.1
24.08.2021 02:19:53.061,1.3573600000000001,1.3571900000000001,1,1.1
24.08.2021 02:19:55.061,1.3573600000000001,1.3571900000000001,1,1.1
24.08.2021 02:20:01.053,1.3573700000000002,1.35723,1,1
24.08.2021 02:20:04.322,1.3573700000000002,1.3572,1,1
24.08.2021 02:20:50.408,1.3573600000000001,1.35721,1,1.62
24.08.2021 02:20:53.710,1.3573600000000001,1.35721,1,1
24.08.2021 02:21:01.549,1.35735,1.3571900000000001,1,1
24.08.2021 02:21:06.217,1.35733,1.35718,1,1
24.08.2021 02:21:06.698,1.35732,1.3571700000000002,1,1
24.08.2021 02:21:07.248,1.35733,1.35715,1,1
24.08.2021 02:21:07.299,1.35732,1.35713,1,1.2
24.08.2021 02:21:07.400,1.3573000000000002,1.35714,1,1.2
24.08.2021 02:21:08.264,1.35731,1.35712,1,1
24.08.2021 02:21:16.493,1.35729,1.35712,1,1
24.08.2021 02:21:16.543,1.3572600000000001,1.3571,1,2.7
24.08.2021 02:21:17.002,1.3572600000000001,1.3570900000000001,1,1.12
24.08.2021 02:21:17.154,1.35724,1.3570700000000002,1,1
24.08.2021 02:21:17.255,1.35724,1.3570600000000002,1,1
24.08.2021 02:21:17.357,1.35721,1.35705,1,1.2
24.08.2021 02:21:23.314,1.35721,1.35704,1,1.2
24.08.2021 02:21:26.986,1.35722,1.35703,1.5,1.57
24.08.2021 02:21:27.087,1.3571600000000001,1.35699,1,1.12
