Gmt time,Ask,Bid,AskVolume,BidVolume
19.08.2021 00:00:04.828,1.36152,1.36138,1,1
19.08.2021 00:00:05.147,1.36155,1.36138,1,1
19.08.2021 00:00:19.104,1.36156,1.3614000000000002,1,1
19.08.2021 00:00:20.545,1.3615700000000002,1.36141,1,1
19.08.2021 00:00:20.965,1.36158,1.36144,1,1
19.08.2021 00:00:21.450,1.3616000000000001,1.36144,1,1
19.08.2021 00:00:21.551,1.36162,1.3614600000000001,1,1
19.08.2021 00:00:38.267,1.36164,1.36148,1,1
19.08.2021 00:00:38.519,1.36165,1.36149,1,1
19.08.2021 00:00:47.990,1.36164,1.36148,1,1
19.08.2021 00:00:57.889,1.36162,1.3614600000000001,1,1
19.08.2021 00:01:00.540,1.3616100000000002,1.36145,1,1
19.08.2021 00:01:03.296,1.3616000000000001,1.36144,1,1
19.08.2021 00:01:13.533,1.36158,1.36143,1,1
19.08.2021 00:01:13.583,1.3615700000000002,1.36139,1,2.45
19.08.2021 00:01:16.555,1.36156,1.36139,1,1.1
19.08.2021 00:01:16.857,1.36154,1.36141,1,1
19.08.2021 00:01:17.210,1.36154,1.3613600000000001,1,1.5
19.08.2021 00:01:17.834,1.36152,1.3613700000000002,1,2
19.08.2021 00:01:22.691,1.36153,1.36135,1,4.25
19.08.2021 00:01:22.742,1.36155,1.36141,1,1
19.08.2021 00:01:27.379,1.36153,1.36139,1,1.5
19.08.2021 00:01:28.281,1.36152,1.3613600000000001,1,1.5
19.08.2021 00:01:31.581,1.36152,1.36135,1,1.12
19.08.2021 00:01:36.615,1.36152,1.36135,1,1.5
19.08.2021 00:01:37.578,1.36151,1.3613600000000001,1,1.12
19.08.2021 00:01:39.773,1.36151,1.36134,1,1
19.08.2021 00:01:47.425,1.3615000000000002,1.36133,1,1.5
19.08.2021 00:01:50.639,1.36149,1.36134,1,1.5
19.08.2021 00:01:56.669,1.36149,1.36133,1,4.62
19.08.2021 00:01:57.597,1.36148,1.36132,1,2.07
19.08.2021 00:01:57.648,1.3614600000000001,1.36131,1,1
19.08.2021 00:01:57.749,1.36145,1.3612900000000001,1,1.5
19.08.2021 00:01:57.901,1.36144,1.3612700000000002,1,2.1
19.08.2021 00:01:57.951,1.36143,1.3612600000000001,1,1.6
19.08.2021 00:02:00.404,1.36142,1.36124,1,3.07
19.08.2021 00:02:00.455,1.36139,1.36125,1,3.07
19.08.2021 00:02:00.657,1.3614000000000002,1.36123,1,1
19.08.2021 00:02:00.758,1.3613600000000001,1.36121,1,2.07
19.08.2021 00:02:00.909,1.36139,1.36121,1,1
19.08.2021 00:02:01.729,1.3613600000000001,1.36121,1,1
19.08.2021 00:02:01.830,1.3613600000000001,1.3611900000000001,1,1.12
19.08.2021 00:02:07.744,1.3613600000000001,1.36118,1,1
19.08.2021 00:02:11.771,1.36134,1.3611700000000002,1,1
19.08.2021 00:02:21.585,1.36134,1.3611600000000001,1,1.5
19.08.2021 00:02:24.606,1.36132,1.3611700000000002,1,1.5
19.08.2021 00:02:30.340,1.36133,1.36115,1,1.5
19.08.2021 00:02:38.945,1.36131,1.36115,1,1.5
19.08.2021 00:02:46.053,1.36131,1.3611600000000001,1,1
19.08.2021 00:02:46.259,1.36133,1.36115,1,1
19.08.2021 00:02:54.363,1.36133,1.36118,1,1
19.08.2021 00:03:00.939,1.36133,1.36115,1,1.5
19.08.2021 00:03:19.712,1.36132,1.36115,1,1.5
19.08.2021 00:03:35.760,1.36133,1.36114,1,2.45
19.08.2021 00:03:39.942,1.36131,1.36114,1,1.7
19.08.2021 00:03:40.044,1.3613,1.36113,1,2.82
19.08.2021 00:03:40.094,1.3612600000000001,1.36113,1,2
19.08.2021 00:03:40.195,1.3612700000000002,1.3611,1,1
19.08.2021 00:03:40.347,1.3612600000000001,1.36108,1,1.6
19.08.2021 00:03:40.448,1.36125,1.3610900000000001,1,1.97
19.08.2021 00:03:40.599,1.3612700000000002,1.3610900000000001,1,1.1
19.08.2021 00:03:41.541,1.3612700000000002,1.3610900000000001,1,1.6
19.08.2021 00:03:43.190,1.3612700000000002,1.3610900000000001,1,2.85
19.08.2021 00:03:55.441,1.3612700000000002,1.3610900000000001,1,1.12
19.08.2021 00:03:55.792,1.36124,1.36108,1,2.75
19.08.2021 00:03:56.265,1.36123,1.3610600000000002,1,2.45
19.08.2021 00:03:58.863,1.36123,1.36105,1,1.6
19.08.2021 00:03:59.645,1.36121,1.36105,1,5.07
19.08.2021 00:04:00.042,1.36123,1.36104,1,2.82
19.08.2021 00:04:06.690,1.36122,1.36105,1,2.82
19.08.2021 00:04:14.622,1.36122,1.3610600000000002,1,2.72
19.08.2021 00:04:14.773,1.36122,1.3610600000000002,1,2.85
19.08.2021 00:04:16.201,1.36122,1.3610900000000001,1,1
19.08.2021 00:04:28.208,1.36122,1.36108,1,1
19.08.2021 00:04:28.758,1.36121,1.3610600000000002,1,1.87
19.08.2021 00:04:49.006,1.36122,1.3610600000000002,1,1.5
19.08.2021 00:05:01.971,1.36122,1.3610600000000002,1,3.47
19.08.2021 00:05:03.883,1.36124,1.3610600000000002,1,1.2
19.08.2021 00:05:03.992,1.36124,1.3610700000000002,1,1
19.08.2021 00:05:04.095,1.36124,1.36108,1,1
19.08.2021 00:05:08.868,1.36125,1.3610900000000001,1,1
19.08.2021 00:05:14.567,1.3612600000000001,1.36112,1,1
19.08.2021 00:05:14.834,1.3612700000000002,1.36113,1,1
19.08.2021 00:05:15.835,1.3612900000000001,1.36114,1,1
19.08.2021 00:05:15.936,1.3613,1.36114,1,1
19.08.2021 00:05:16.188,1.36132,1.3611600000000001,1,1
19.08.2021 00:05:32.685,1.36131,1.36114,1,1
19.08.2021 00:05:48.444,1.3612900000000001,1.36114,1,1
19.08.2021 00:05:48.646,1.3612900000000001,1.36112,1,1
19.08.2021 00:05:49.295,1.3612700000000002,1.3611,1,1.5
19.08.2021 00:05:49.447,1.3612600000000001,1.36111,1,1
19.08.2021 00:05:49.824,1.36125,1.3611,1,1
19.08.2021 00:05:50.320,1.36125,1.36108,1,2.07
19.08.2021 00:05:50.482,1.36124,1.3610900000000001,1,1
19.08.2021 00:05:50.633,1.36124,1.3610700000000002,1,1.12
19.08.2021 00:05:55.870,1.36123,1.3610700000000002,1,1.12
19.08.2021 00:06:00.270,1.36123,1.3610700000000002,1,1
19.08.2021 00:06:00.371,1.36121,1.36105,1,1.2
19.08.2021 00:06:00.893,1.3611900000000001,1.3610200000000001,1,1.1
19.08.2021 00:06:01.044,1.36118,1.361,1,1.2
19.08.2021 00:06:01.145,1.36114,1.36099,1,3.12
19.08.2021 00:06:01.296,1.36114,1.361,1,2.62
19.08.2021 00:06:04.442,1.36115,1.36101,1,1
19.08.2021 00:06:12.208,1.3611600000000001,1.3610200000000001,1,1
19.08.2021 00:06:13.857,1.3611600000000001,1.361,1,1
19.08.2021 00:06:26.236,1.36113,1.36099,1,1
19.08.2021 00:07:00.266,1.36113,1.3609700000000002,1,1
19.08.2021 00:07:00.620,1.36111,1.3609700000000002,1,1
19.08.2021 00:07:20.672,1.36112,1.36098,1,1
19.08.2021 00:07:20.779,1.36114,1.36098,1,1
19.08.2021 00:07:21.771,1.36115,1.36101,1,1
19.08.2021 00:07:22.211,1.3611700000000002,1.36101,1,1
19.08.2021 00:07:23.989,1.3611900000000001,1.3610200000000001,2.25,1
19.08.2021 00:07:24.744,1.3612,1.36104,1.5,1
19.08.2021 00:07:24.996,1.36121,1.3610700000000002,1,1
19.08.2021 00:07:25.730,1.36124,1.36108,1.5,1
19.08.2021 00:07:51.508,1.36124,1.3611,1,1
19.08.2021 00:08:13.790,1.3612600000000001,1.3611,1,1
19.08.2021 00:08:31.934,1.36128,1.36112,1,1
19.08.2021 00:09:01.406,1.3612600000000001,1.3611,1,1
19.08.2021 00:09:02.111,1.36128,1.36114,1,1
19.08.2021 00:09:03.772,1.3612900000000001,1.36115,1,1
19.08.2021 00:09:16.329,1.36133,1.3611700000000002,1,1
19.08.2021 00:09:16.864,1.36134,1.3612,1.5,1
19.08.2021 00:09:18.833,1.36135,1.36121,1,1
19.08.2021 00:09:18.984,1.36138,1.36122,1,1
19.08.2021 00:09:19.135,1.36139,1.36123,1,1
19.08.2021 00:09:52.913,1.36138,1.36122,1,1
19.08.2021 00:11:00.538,1.3613700000000002,1.3611900000000001,1.5,1
19.08.2021 00:11:00.639,1.3613600000000001,1.36121,1.5,1
19.08.2021 00:11:06.248,1.3613700000000002,1.36121,1.5,1
19.08.2021 00:11:06.508,1.3613700000000002,1.36121,1,1
19.08.2021 00:11:06.559,1.36141,1.3612600000000001,1,1
19.08.2021 00:11:06.610,1.36142,1.3612700000000002,1.12,1
19.08.2021 00:11:06.811,1.36144,1.3613,1,1
19.08.2021 00:11:06.912,1.3614700000000002,1.36131,1.5,1
19.08.2021 00:11:07.013,1.36148,1.36132,1,1
19.08.2021 00:11:12.509,1.36148,1.36134,1,1
19.08.2021 00:11:30.419,1.36152,1.3613600000000001,1,1
19.08.2021 00:11:30.520,1.36153,1.3613600000000001,1,1
19.08.2021 00:11:30.621,1.36156,1.3613700000000002,2.75,1
19.08.2021 00:11:30.772,1.36156,1.36139,1,1
19.08.2021 00:11:31.010,1.3615700000000002,1.36139,1,1
19.08.2021 00:11:32.323,1.3615700000000002,1.3614000000000002,1,1
19.08.2021 00:11:32.425,1.36156,1.36139,1,1
19.08.2021 00:11:32.476,1.36159,1.36142,1.6,1
19.08.2021 00:11:32.941,1.36159,1.36143,1.62,1
19.08.2021 00:11:33.093,1.3616000000000001,1.36142,1,1
19.08.2021 00:11:33.314,1.3616100000000002,1.36144,1.12,1
19.08.2021 00:11:36.842,1.3616100000000002,1.3614600000000001,1.62,1
19.08.2021 00:11:39.313,1.36162,1.36145,1.12,1
19.08.2021 00:11:40.817,1.36162,1.3614700000000002,1.5,1
19.08.2021 00:11:40.945,1.36162,1.3614700000000002,1.62,1
19.08.2021 00:11:41.046,1.36162,1.3614700000000002,1.5,1
19.08.2021 00:11:42.787,1.36165,1.36148,1,1
19.08.2021 00:11:42.889,1.3616700000000002,1.36148,1.5,1
19.08.2021 00:11:43.040,1.3616700000000002,1.36148,1.5,1
19.08.2021 00:11:43.141,1.36166,1.36149,1.5,1
19.08.2021 00:11:43.242,1.36166,1.36149,1.12,1
19.08.2021 00:11:48.040,1.3616700000000002,1.36149,1,1
19.08.2021 00:11:53.766,1.36169,1.36152,2.25,1
19.08.2021 00:11:57.587,1.3617000000000001,1.36153,1.5,1
19.08.2021 00:11:58.033,1.36172,1.36154,1,1
19.08.2021 00:11:58.184,1.3617100000000002,1.36154,1,1
19.08.2021 00:11:58.300,1.3617100000000002,1.36155,1,1
19.08.2021 00:12:12.026,1.36172,1.3615700000000002,1,1
19.08.2021 00:12:12.278,1.36174,1.3615700000000002,3,1
19.08.2021 00:12:12.379,1.3617299999999999,1.3616100000000002,1.87,1
19.08.2021 00:12:13.409,1.36174,1.3616100000000002,1.5,1
19.08.2021 00:12:13.510,1.36175,1.3616100000000002,1.12,1
19.08.2021 00:12:13.816,1.36176,1.36159,1.12,1
19.08.2021 00:12:15.652,1.36176,1.3616000000000001,1.12,1
19.08.2021 00:12:16.538,1.3617299999999999,1.3616000000000001,1,1
19.08.2021 00:12:21.024,1.36178,1.3616000000000001,3.12,1
19.08.2021 00:12:32.296,1.36176,1.3616000000000001,1.12,1
19.08.2021 00:12:38.451,1.36175,1.3616000000000001,1,1
19.08.2021 00:12:39.377,1.36174,1.3616000000000001,1,1
19.08.2021 00:12:40.432,1.3617299999999999,1.36158,1,1
19.08.2021 00:12:41.636,1.3617299999999999,1.3615700000000002,1,1
19.08.2021 00:12:45.913,1.3617299999999999,1.36158,1.87,1
19.08.2021 00:12:49.607,1.3617299999999999,1.3616000000000001,1,1
19.08.2021 00:12:50.532,1.36176,1.36159,1.5,1
19.08.2021 00:12:51.530,1.36176,1.36159,1.12,1
19.08.2021 00:12:52.312,1.36176,1.36158,1.12,1
19.08.2021 00:12:53.578,1.36176,1.36158,1.5,1
19.08.2021 00:12:54.440,1.3617299999999999,1.36156,1,1
19.08.2021 00:13:00.112,1.3617100000000002,1.36156,1,1
19.08.2021 00:13:12.363,1.3617000000000001,1.36155,1,1
19.08.2021 00:13:15.930,1.36172,1.36155,1,1
19.08.2021 00:13:16.131,1.36172,1.3615700000000002,1.12,1
19.08.2021 00:13:16.792,1.36174,1.36159,1.5,1
19.08.2021 00:13:16.842,1.36174,1.36159,1,1
19.08.2021 00:13:17.521,1.36175,1.3616000000000001,1.12,1
19.08.2021 00:13:17.816,1.36176,1.36159,1.5,1
19.08.2021 00:13:20.919,1.36176,1.36159,1.12,1
19.08.2021 00:13:26.186,1.3617299999999999,1.36158,1,1
19.08.2021 00:13:27.028,1.36172,1.3615700000000002,1,1
19.08.2021 00:13:28.814,1.3617100000000002,1.36154,1,1
19.08.2021 00:13:32.320,1.3616700000000002,1.36153,1,1
19.08.2021 00:13:46.605,1.36169,1.36155,1,1
19.08.2021 00:13:52.431,1.36168,1.36153,1,1
19.08.2021 00:13:56.414,1.3617000000000001,1.36154,1,1
19.08.2021 00:13:56.731,1.3617000000000001,1.36156,1,1
19.08.2021 00:13:58.808,1.36172,1.36156,1,1
19.08.2021 00:13:58.891,1.36174,1.36158,2.75,1
19.08.2021 00:13:59.042,1.3617299999999999,1.36159,1.12,1
19.08.2021 00:14:02.734,1.36175,1.36159,1.12,1
19.08.2021 00:14:03.043,1.3617700000000001,1.3616000000000001,1.12,1
19.08.2021 00:14:03.094,1.36178,1.36164,1.12,1
19.08.2021 00:14:03.195,1.3618100000000002,1.36164,1.5,1
19.08.2021 00:14:03.296,1.3618000000000001,1.36165,1,1
19.08.2021 00:14:03.510,1.36182,1.36166,1,1
19.08.2021 00:14:03.611,1.36183,1.36168,1.62,1
19.08.2021 00:14:03.863,1.36183,1.36168,1,1
19.08.2021 00:14:05.177,1.36184,1.36169,1,1
19.08.2021 00:14:05.228,1.36186,1.3617100000000002,1.12,1
19.08.2021 00:14:05.832,1.36185,1.3617000000000001,1,1
19.08.2021 00:14:06.334,1.3618700000000001,1.36172,3,1
19.08.2021 00:14:06.766,1.36189,1.36172,1.5,1
19.08.2021 00:14:10.711,1.3619100000000002,1.3617299999999999,1.57,1
19.08.2021 00:14:20.189,1.3619,1.36176,1,1
19.08.2021 00:14:30.398,1.36189,1.36175,1,1
19.08.2021 00:14:32.855,1.36189,1.3617299999999999,1,1
19.08.2021 00:14:37.529,1.36186,1.36172,1,1
19.08.2021 00:14:42.613,1.36186,1.3617000000000001,1,1
19.08.2021 00:14:42.714,1.36184,1.36168,1,1
19.08.2021 00:14:43.061,1.36183,1.3616700000000002,1,1
19.08.2021 00:14:43.213,1.3618100000000002,1.36165,1,1
19.08.2021 00:14:43.856,1.36179,1.36163,1,1
19.08.2021 00:14:48.504,1.36179,1.36165,1,1
19.08.2021 00:14:51.354,1.36182,1.36166,1.12,1
19.08.2021 00:14:52.845,1.36182,1.36168,1.12,1
19.08.2021 00:15:06.400,1.3618100000000002,1.36166,1,1
19.08.2021 00:15:06.752,1.3618100000000002,1.36165,1,1
19.08.2021 00:15:07.400,1.36179,1.36163,1,1
19.08.2021 00:15:07.906,1.36178,1.3616100000000002,1,1
19.08.2021 00:15:08.007,1.3617700000000001,1.3616000000000001,1,1
19.08.2021 00:15:14.332,1.3617700000000001,1.36162,1,1
19.08.2021 00:15:14.970,1.3618000000000001,1.36163,1.87,1
19.08.2021 00:15:20.909,1.3618000000000001,1.36165,1,1
19.08.2021 00:15:21.953,1.36182,1.36165,1.12,1
19.08.2021 00:15:22.370,1.36184,1.3616700000000002,2,1
19.08.2021 00:15:23.198,1.36184,1.3616700000000002,1.87,1
19.08.2021 00:15:32.131,1.36182,1.3616700000000002,1,1
19.08.2021 00:15:33.121,1.3618100000000002,1.36165,1,1
19.08.2021 00:15:52.317,1.36178,1.36164,1,1.5
19.08.2021 00:16:04.812,1.3618100000000002,1.36165,1,1
19.08.2021 00:16:06.593,1.3618100000000002,1.36166,1.12,1
19.08.2021 00:16:08.232,1.36182,1.36166,1.12,1
19.08.2021 00:16:11.330,1.36182,1.3616700000000002,1.5,1
19.08.2021 00:16:11.432,1.36184,1.36166,1.5,1
19.08.2021 00:16:11.585,1.36183,1.36166,1,1
19.08.2021 00:16:11.844,1.36182,1.36169,1,1
19.08.2021 00:16:12.728,1.36184,1.36169,1.5,1
19.08.2021 00:16:13.725,1.36186,1.36168,1,1
19.08.2021 00:16:14.006,1.36186,1.36168,1.12,1
19.08.2021 00:16:14.409,1.36185,1.36169,1,1
19.08.2021 00:16:14.510,1.3618700000000001,1.3617000000000001,1,1
19.08.2021 00:16:14.611,1.3619100000000002,1.36174,1.62,1
19.08.2021 00:16:14.712,1.36188,1.36174,1,1
19.08.2021 00:16:14.813,1.36188,1.36175,1,1
19.08.2021 00:16:14.864,1.36193,1.3617700000000001,1,1
19.08.2021 00:16:14.996,1.36194,1.36178,1.1,1
19.08.2021 00:16:18.572,1.36194,1.36178,1.72,1
19.08.2021 00:16:18.938,1.36194,1.3617700000000001,1.72,1
19.08.2021 00:16:32.080,1.36193,1.3617700000000001,1.1,1
19.08.2021 00:16:34.904,1.36194,1.3617700000000001,1.1,1
19.08.2021 00:16:37.412,1.36193,1.36176,1,1
19.08.2021 00:16:43.191,1.36194,1.36176,1.1,1
19.08.2021 00:16:53.730,1.36193,1.3617700000000001,1.1,1
19.08.2021 00:16:53.831,1.36193,1.3617700000000001,1.1,1
19.08.2021 00:17:01.673,1.36193,1.3617700000000001,1.7,1
19.08.2021 00:17:03.465,1.36194,1.36176,1.1,1
19.08.2021 00:17:05.929,1.36193,1.36176,1.5,1
19.08.2021 00:17:12.180,1.36193,1.3617700000000001,1.1,1
19.08.2021 00:17:13.909,1.36193,1.36178,1,1
19.08.2021 00:17:14.061,1.36196,1.36178,2.1,1
19.08.2021 00:17:14.161,1.36196,1.36179,1.87,1
19.08.2021 00:17:14.373,1.36195,1.36182,1.5,1
19.08.2021 00:17:14.575,1.36196,1.36183,1.5,1
19.08.2021 00:17:14.625,1.3619700000000001,1.36184,1.5,1
19.08.2021 00:17:14.726,1.36199,1.36186,1,1
19.08.2021 00:17:15.131,1.3620200000000002,1.3618700000000001,1.5,1
19.08.2021 00:17:21.367,1.36203,1.36186,1,1
19.08.2021 00:17:54.826,1.3620200000000002,1.36188,1,1
19.08.2021 00:18:00.398,1.3620200000000002,1.3618700000000001,1,1
19.08.2021 00:18:08.539,1.36203,1.3618700000000001,1.5,1
19.08.2021 00:18:09.632,1.3620100000000002,1.36188,1,1
19.08.2021 00:18:11.523,1.36203,1.3618700000000001,1,1
19.08.2021 00:18:14.584,1.3620200000000002,1.3619,1,1
19.08.2021 00:18:16.242,1.36203,1.3619,1,1
19.08.2021 00:18:16.343,1.3620400000000001,1.3619,1.87,1
19.08.2021 00:18:16.729,1.36206,1.36189,2.25,1
19.08.2021 00:18:18.076,1.36205,1.3619100000000002,1,1
19.08.2021 00:18:26.308,1.36205,1.36189,1,1
19.08.2021 00:18:57.592,1.36206,1.3619,1.89,1
19.08.2021 00:18:58.643,1.36206,1.3619100000000002,1,1
19.08.2021 00:18:59.617,1.36206,1.3619100000000002,1,1
19.08.2021 00:19:07.678,1.3620700000000001,1.3619100000000002,1.5,1
19.08.2021 00:19:08.947,1.36208,1.3619100000000002,1,1
19.08.2021 00:19:08.998,1.3621100000000002,1.36196,1.5,1
19.08.2021 00:19:09.100,1.3621200000000002,1.3619700000000001,1.5,1
19.08.2021 00:19:09.201,1.3621400000000001,1.36196,1.7,1
19.08.2021 00:19:09.302,1.3621400000000001,1.36198,1,1
19.08.2021 00:19:10.147,1.3621,1.36199,1,1
19.08.2021 00:19:13.503,1.36216,1.36198,1.5,1
19.08.2021 00:19:20.494,1.36213,1.36199,1,1
19.08.2021 00:19:25.900,1.3621400000000001,1.36199,2.62,1
19.08.2021 00:19:27.338,1.36216,1.36198,3,1
19.08.2021 00:19:33.207,1.36215,1.36198,1,1
19.08.2021 00:19:33.754,1.3621400000000001,1.36199,1.6,1
19.08.2021 00:19:34.091,1.36213,1.36198,1,1
19.08.2021 00:19:38.102,1.3621200000000002,1.3620100000000002,1,1
19.08.2021 00:19:45.366,1.3621400000000001,1.362,1.12,1
19.08.2021 00:19:45.835,1.36213,1.36199,1,1
19.08.2021 00:19:58.454,1.3621400000000001,1.362,1,1
19.08.2021 00:19:58.505,1.36216,1.3620100000000002,1.1,1
19.08.2021 00:19:58.606,1.36218,1.362,2.32,1
19.08.2021 00:20:02.550,1.36216,1.362,2.45,1
19.08.2021 00:20:05.213,1.36216,1.36199,1.1,1
19.08.2021 00:20:06.238,1.36216,1.36199,1.1,1
19.08.2021 00:20:10.542,1.36215,1.362,1.62,1
19.08.2021 00:20:11.544,1.36215,1.362,1.57,1
19.08.2021 00:20:12.548,1.36217,1.36199,3,1
19.08.2021 00:20:13.552,1.36217,1.36199,3.2,1
19.08.2021 00:20:15.478,1.36215,1.36198,1,1
19.08.2021 00:20:28.077,1.36217,1.36199,1,1
19.08.2021 00:20:32.082,1.3621400000000001,1.36199,1,1
19.08.2021 00:20:35.536,1.36213,1.36196,1,1
19.08.2021 00:20:45.973,1.36216,1.36198,1.87,1
19.08.2021 00:20:46.124,1.36216,1.36199,1,1
19.08.2021 00:21:02.356,1.3621400000000001,1.36199,1,1
19.08.2021 00:21:18.581,1.3621200000000002,1.3619700000000001,1,1
19.08.2021 00:21:18.682,1.3621100000000002,1.36194,1,1.12
19.08.2021 00:21:37.010,1.3621200000000002,1.36195,1,1
19.08.2021 00:21:49.661,1.3621,1.36195,1,1
19.08.2021 00:22:00.537,1.3621100000000002,1.36196,1,1
19.08.2021 00:22:01.057,1.3621200000000002,1.3619700000000001,1,1
19.08.2021 00:22:01.158,1.36215,1.36199,1.5,1
19.08.2021 00:22:01.259,1.36215,1.362,1.5,1
19.08.2021 00:22:12.827,1.36216,1.3620100000000002,1,1
19.08.2021 00:22:13.032,1.36219,1.3620700000000001,1.5,1
19.08.2021 00:22:13.083,1.3622100000000001,1.3620700000000001,1.31,1
19.08.2021 00:22:13.184,1.3622400000000001,1.3620700000000001,1,1
19.08.2021 00:22:13.285,1.3622400000000001,1.36209,1.5,1
19.08.2021 00:22:14.253,1.3622200000000002,1.3620700000000001,1,1
19.08.2021 00:22:37.697,1.3622200000000002,1.36205,1,1
19.08.2021 00:22:37.798,1.36219,1.3620400000000001,1,1
19.08.2021 00:22:42.447,1.3622100000000001,1.36203,1.12,1
19.08.2021 00:22:42.566,1.3622,1.36203,1,1
19.08.2021 00:22:43.213,1.3622,1.3620400000000001,1.12,1
19.08.2021 00:22:45.121,1.3622100000000001,1.36206,1,1
19.08.2021 00:22:52.975,1.36223,1.36206,1,1
19.08.2021 00:22:53.383,1.36225,1.36208,1.12,1
19.08.2021 00:22:53.534,1.36229,1.3621100000000002,2.82,1
19.08.2021 00:22:53.584,1.36228,1.3621200000000002,1.1,1
19.08.2021 00:22:53.813,1.3623,1.36213,1.87,1
19.08.2021 00:22:53.863,1.3623100000000001,1.36215,3.07,1
19.08.2021 00:23:21.426,1.3623200000000002,1.36217,1,1
19.08.2021 00:23:32.173,1.36236,1.36218,3.87,1
19.08.2021 00:23:36.692,1.36234,1.36219,1.5,1
19.08.2021 00:23:40.731,1.36234,1.3622,1.5,1
19.08.2021 00:23:40.832,1.36238,1.3622100000000001,1.5,1
19.08.2021 00:23:40.933,1.36239,1.3622400000000001,1.12,1
19.08.2021 00:23:46.037,1.36239,1.3622200000000002,1.5,1
19.08.2021 00:23:52.368,1.36239,1.3622100000000001,2.75,1
19.08.2021 00:23:57.488,1.3624,1.3622100000000001,2.82,1
19.08.2021 00:23:57.589,1.3624,1.3622200000000002,2,1
19.08.2021 00:24:00.323,1.3624,1.36223,2.07,1
19.08.2021 00:24:14.422,1.3624,1.3622400000000001,1.12,1
19.08.2021 00:24:15.185,1.3624200000000002,1.36225,2,1
19.08.2021 00:24:15.699,1.3624100000000001,1.36226,1.5,1
19.08.2021 00:24:20.034,1.3624,1.36223,1,1
19.08.2021 00:24:49.600,1.36239,1.3622200000000002,1,1.5
19.08.2021 00:24:53.706,1.36238,1.36223,1.5,1.5
19.08.2021 00:24:57.251,1.36239,1.3622200000000002,1.5,1.5
19.08.2021 00:25:00.347,1.36237,1.3622200000000002,1.5,1
19.08.2021 00:25:00.448,1.36237,1.3622200000000002,1.5,1
19.08.2021 00:25:00.549,1.36236,1.36219,1.5,1
19.08.2021 00:25:00.851,1.3623500000000002,1.36219,1.5,1
19.08.2021 00:25:01.564,1.3623500000000002,1.36219,1.5,1
19.08.2021 00:25:01.666,1.3623500000000002,1.3622,1.5,1
19.08.2021 00:25:01.716,1.36236,1.36219,1.5,1
19.08.2021 00:25:01.991,1.36238,1.3622100000000001,1.5,1
19.08.2021 00:25:02.142,1.36238,1.3622100000000001,1.5,1
19.08.2021 00:25:02.460,1.36238,1.3622400000000001,1.62,1
19.08.2021 00:25:02.664,1.36238,1.3622400000000001,1.62,1
19.08.2021 00:25:03.204,1.36238,1.3622400000000001,1.5,1
19.08.2021 00:25:04.666,1.36239,1.36223,1.5,1
19.08.2021 00:25:04.767,1.36239,1.3622400000000001,1.6,1
19.08.2021 00:25:04.895,1.36239,1.3622400000000001,1.6,1
19.08.2021 00:25:05.090,1.3624,1.36223,1.6,1
19.08.2021 00:25:05.191,1.36239,1.3622400000000001,1.6,1
19.08.2021 00:25:05.760,1.36239,1.3622400000000001,1.6,1
19.08.2021 00:25:06.317,1.36238,1.3622400000000001,1.5,1
19.08.2021 00:25:06.493,1.36239,1.3622400000000001,1.5,1
19.08.2021 00:25:06.594,1.3624,1.36225,2.37,1
19.08.2021 00:25:07.291,1.3624,1.36226,1.62,1
19.08.2021 00:25:07.409,1.3624100000000001,1.36225,1.62,1
19.08.2021 00:25:07.510,1.36239,1.36226,1.5,1
19.08.2021 00:25:07.661,1.3624100000000001,1.36225,1,1
19.08.2021 00:25:07.780,1.3624100000000001,1.36225,1,1
19.08.2021 00:25:08.175,1.3624100000000001,1.36225,1,1
19.08.2021 00:25:08.436,1.3624200000000002,1.36227,1,1
19.08.2021 00:25:11.146,1.3624200000000002,1.36228,1,1
19.08.2021 00:25:11.532,1.36243,1.36227,1,1
19.08.2021 00:25:12.300,1.36244,1.36227,1.62,1
19.08.2021 00:25:12.679,1.36243,1.36228,1.62,1
19.08.2021 00:25:12.989,1.36243,1.36228,1.62,1
19.08.2021 00:25:19.058,1.3624200000000002,1.36229,1,1
19.08.2021 00:25:26.817,1.3624200000000002,1.3623,1,1
19.08.2021 00:25:29.246,1.36244,1.36229,1,1
19.08.2021 00:25:29.408,1.3624500000000002,1.36228,1,1
19.08.2021 00:25:30.918,1.3624500000000002,1.3623,3.12,1
19.08.2021 00:25:31.070,1.3624500000000002,1.3623,3,1
19.08.2021 00:25:31.238,1.36246,1.36229,3.12,1
19.08.2021 00:25:31.584,1.36244,1.36229,1.5,1
19.08.2021 00:25:32.328,1.3624500000000002,1.36228,1.62,1
19.08.2021 00:25:32.565,1.36244,1.36229,1.12,1
19.08.2021 00:25:32.990,1.3624500000000002,1.36228,1.5,1
19.08.2021 00:25:33.424,1.36244,1.36229,1.12,1
19.08.2021 00:25:34.815,1.3624500000000002,1.3623,3.12,1
19.08.2021 00:25:35.819,1.36246,1.3623100000000001,2.37,1
19.08.2021 00:25:36.841,1.36246,1.3623,2.37,1
19.08.2021 00:25:36.942,1.36244,1.3623100000000001,1,1
19.08.2021 00:25:37.048,1.3624500000000002,1.3623,1,1
19.08.2021 00:25:37.489,1.36246,1.3623,2.25,1
19.08.2021 00:25:38.534,1.36246,1.3623,2.37,1
19.08.2021 00:25:38.641,1.3624500000000002,1.3623100000000001,2.25,1
19.08.2021 00:25:38.750,1.36248,1.3623100000000001,1.5,1
19.08.2021 00:25:38.852,1.36249,1.36236,1,1
19.08.2021 00:25:39.003,1.36253,1.3624200000000002,1,1
19.08.2021 00:25:39.104,1.3625500000000001,1.36243,1,1
19.08.2021 00:25:39.154,1.3625500000000001,1.3624500000000002,1,1
19.08.2021 00:25:39.356,1.36257,1.36243,1,1
19.08.2021 00:25:39.457,1.36258,1.3624500000000002,1.5,1
19.08.2021 00:25:40.302,1.36258,1.3624500000000002,1.5,1
19.08.2021 00:25:41.901,1.36259,1.3624200000000002,3.5,1
19.08.2021 00:25:42.002,1.36256,1.3624200000000002,1.2,1
19.08.2021 00:25:42.104,1.36256,1.3624200000000002,1,1
19.08.2021 00:25:42.205,1.36257,1.3624100000000001,1,1
19.08.2021 00:25:42.526,1.3625500000000001,1.3624200000000002,1,1
19.08.2021 00:25:43.041,1.36257,1.3624100000000001,1.87,1
19.08.2021 00:25:43.551,1.36257,1.3624200000000002,2.25,1
19.08.2021 00:25:43.652,1.36257,1.36243,1,1
19.08.2021 00:25:43.954,1.36258,1.36244,1,1
19.08.2021 00:25:44.301,1.36258,1.3624200000000002,1,1
19.08.2021 00:25:44.402,1.36258,1.36243,2.25,1
19.08.2021 00:25:44.603,1.36259,1.3624500000000002,1.5,1
19.08.2021 00:25:48.163,1.36259,1.36244,1.5,1
19.08.2021 00:25:48.377,1.36259,1.36244,1.5,1
19.08.2021 00:25:48.528,1.36258,1.36243,2.25,1
19.08.2021 00:25:49.541,1.36258,1.36243,2,1
19.08.2021 00:25:50.330,1.36259,1.3624200000000002,2.25,1
19.08.2021 00:25:51.069,1.36258,1.36243,3.5,1
19.08.2021 00:25:51.689,1.36258,1.3624200000000002,1.5,1
19.08.2021 00:25:51.789,1.36256,1.3624100000000001,1.12,1
19.08.2021 00:25:51.890,1.36256,1.36239,1,1
19.08.2021 00:25:52.142,1.3625500000000001,1.36239,1,1
19.08.2021 00:25:52.519,1.36253,1.3624,1,1
19.08.2021 00:25:53.620,1.36251,1.3624,1,1
19.08.2021 00:25:54.214,1.36253,1.36239,1.5,1
19.08.2021 00:25:56.259,1.3625200000000002,1.36236,1,1
19.08.2021 00:25:56.921,1.3625200000000002,1.36238,1.5,1
19.08.2021 00:25:57.480,1.36253,1.36239,1.12,1
19.08.2021 00:25:57.531,1.3625500000000001,1.3624100000000001,1.62,1
19.08.2021 00:25:57.909,1.36256,1.3624100000000001,1.5,1
19.08.2021 00:25:58.317,1.36257,1.3624100000000001,1.12,1
19.08.2021 00:25:58.367,1.36259,1.36243,1.87,1
19.08.2021 00:25:58.469,1.36261,1.36247,1.5,1
19.08.2021 00:25:58.571,1.36264,1.3625,1.62,1
19.08.2021 00:25:58.621,1.3626500000000001,1.36249,1.12,1
19.08.2021 00:25:59.213,1.36268,1.3625200000000002,1,1
19.08.2021 00:25:59.314,1.36269,1.36253,1,1
19.08.2021 00:25:59.414,1.36269,1.36251,1,1
19.08.2021 00:25:59.568,1.36269,1.36254,1,1
19.08.2021 00:25:59.820,1.36269,1.36256,1,1
19.08.2021 00:25:59.921,1.3627200000000002,1.36256,1.5,1
19.08.2021 00:26:00.022,1.36273,1.36257,1.5,1
19.08.2021 00:26:00.123,1.36273,1.36257,1.5,1
19.08.2021 00:26:00.274,1.3627200000000002,1.36258,1.5,1
19.08.2021 00:26:00.970,1.36273,1.36254,1.1,1
19.08.2021 00:26:01.071,1.36271,1.3625500000000001,2,1
19.08.2021 00:26:01.439,1.36271,1.36254,3.6,1
19.08.2021 00:26:01.719,1.36269,1.36254,1.1,1
19.08.2021 00:26:02.162,1.3627,1.36253,1,1
19.08.2021 00:26:02.263,1.3627,1.36253,1,1
19.08.2021 00:26:02.997,1.36269,1.36254,1,1
19.08.2021 00:26:03.180,1.3627,1.36253,1,1
19.08.2021 00:26:05.666,1.36271,1.36253,1,1
19.08.2021 00:26:05.767,1.36271,1.36253,1,1
19.08.2021 00:26:05.868,1.3627,1.36254,1,1
19.08.2021 00:26:06.433,1.36271,1.36256,1,1
19.08.2021 00:26:06.534,1.36271,1.36254,1,1
19.08.2021 00:26:06.685,1.36271,1.36254,1,1
19.08.2021 00:26:06.998,1.3627200000000002,1.36258,1.5,1
19.08.2021 00:26:07.099,1.3627200000000002,1.36258,1.5,1
19.08.2021 00:26:07.200,1.36273,1.36257,1.5,1
19.08.2021 00:26:09.999,1.36273,1.36257,1,1
19.08.2021 00:26:10.100,1.3627200000000002,1.36257,1,1
19.08.2021 00:26:11.439,1.3627200000000002,1.36254,1.1,1
19.08.2021 00:26:11.540,1.36271,1.3625,3,1
19.08.2021 00:26:11.644,1.36269,1.3625,1.57,1
19.08.2021 00:26:11.745,1.36268,1.36251,2.07,1
19.08.2021 00:26:11.846,1.36269,1.3625,2.07,1
19.08.2021 00:26:12.018,1.36269,1.3625,2.07,1
19.08.2021 00:26:13.579,1.36269,1.3625,2.45,1
19.08.2021 00:26:13.649,1.36268,1.36251,2.45,1
19.08.2021 00:26:14.865,1.3627,1.3625,3.95,1
19.08.2021 00:26:15.029,1.36269,1.36251,1.7,1
19.08.2021 00:26:15.130,1.3627,1.36251,1,1
19.08.2021 00:26:15.231,1.3627,1.3625200000000002,1,1
19.08.2021 00:26:15.332,1.3627,1.36253,1,1
19.08.2021 00:26:20.581,1.36269,1.3625500000000001,1.87,1
19.08.2021 00:26:20.692,1.36271,1.36254,1.5,1
19.08.2021 00:26:20.793,1.36271,1.36254,2,1
19.08.2021 00:26:21.191,1.36271,1.36254,2,1
19.08.2021 00:26:21.292,1.36271,1.36254,2,1
19.08.2021 00:26:24.536,1.36271,1.3625500000000001,1.5,1
19.08.2021 00:26:24.591,1.3627,1.3625500000000001,1.5,1
19.08.2021 00:26:24.713,1.3627,1.3625500000000001,1.5,1
19.08.2021 00:26:25.032,1.3627,1.3625500000000001,1.5,1
19.08.2021 00:26:25.133,1.36271,1.36254,1.5,1
19.08.2021 00:26:31.325,1.3627,1.36257,1.5,1
19.08.2021 00:26:34.777,1.3627200000000002,1.36257,1,1
19.08.2021 00:26:34.878,1.36273,1.36258,1.1,1
19.08.2021 00:26:41.485,1.3627500000000001,1.36257,1.6,1
19.08.2021 00:26:41.586,1.3627500000000001,1.36257,1.6,1
19.08.2021 00:26:41.687,1.36273,1.36258,1,1
19.08.2021 00:26:41.788,1.36273,1.36259,1,1
19.08.2021 00:26:41.989,1.36273,1.36259,1,1
19.08.2021 00:26:42.095,1.36278,1.3626,2.37,1
19.08.2021 00:26:42.196,1.36277,1.3626200000000002,1,1
19.08.2021 00:26:42.347,1.36278,1.3626200000000002,1,1
19.08.2021 00:26:42.506,1.36278,1.3626200000000002,1,1
19.08.2021 00:26:42.700,1.36277,1.3626200000000002,1,1
19.08.2021 00:26:43.391,1.36278,1.36263,1.5,1
19.08.2021 00:26:46.586,1.36278,1.3626,1.62,1
19.08.2021 00:26:46.687,1.36278,1.3626,1.91,1
19.08.2021 00:26:46.737,1.36278,1.36261,1,1.5
19.08.2021 00:26:46.788,1.36278,1.3626200000000002,1,1
19.08.2021 00:26:46.838,1.36278,1.3626500000000001,1,1
19.08.2021 00:26:46.939,1.36281,1.36261,1.62,1
19.08.2021 00:26:47.040,1.3628,1.36263,1,1
19.08.2021 00:26:47.484,1.3628,1.36263,1.12,1
19.08.2021 00:26:48.511,1.3628,1.3626200000000002,1,1
19.08.2021 00:26:51.136,1.3628,1.3626600000000002,1,1
19.08.2021 00:26:51.236,1.36279,1.3626500000000001,1,1
19.08.2021 00:26:53.715,1.36278,1.3626500000000001,1,1
19.08.2021 00:26:54.317,1.36279,1.3626200000000002,1,1
19.08.2021 00:26:54.368,1.36278,1.36261,1,1
19.08.2021 00:26:54.469,1.36278,1.3626,1,1
19.08.2021 00:26:55.060,1.36277,1.3626,1,1
19.08.2021 00:26:56.712,1.36278,1.3626,1,1
19.08.2021 00:26:56.813,1.36278,1.3626,1.6,1
19.08.2021 00:26:56.914,1.3627500000000001,1.36259,1,1
19.08.2021 00:26:57.065,1.36273,1.36258,1.12,1
19.08.2021 00:26:57.317,1.36273,1.36258,1.5,1
19.08.2021 00:26:57.548,1.3627200000000002,1.36256,1.5,1
19.08.2021 00:26:58.166,1.36273,1.3625500000000001,1.12,1
19.08.2021 00:26:58.629,1.3627200000000002,1.36256,1.5,1
19.08.2021 00:27:00.075,1.36271,1.36254,1,1
19.08.2021 00:27:00.125,1.36268,1.3625200000000002,1,1
19.08.2021 00:27:14.172,1.3626600000000002,1.3625,1,1
19.08.2021 00:27:14.274,1.3626200000000002,1.36248,1,1.12
19.08.2021 00:27:14.425,1.36261,1.36247,1,1
19.08.2021 00:27:15.013,1.3626,1.36244,1,2.25
19.08.2021 00:27:15.176,1.3625500000000001,1.3624100000000001,1,1.5
19.08.2021 00:27:26.241,1.3625,1.3624,1,1
19.08.2021 00:27:26.292,1.36249,1.36233,1,1
19.08.2021 00:27:28.839,1.36247,1.36233,1,1
19.08.2021 00:27:30.678,1.36246,1.3623,1,1.5
19.08.2021 00:27:38.977,1.36247,1.3623100000000001,1,1
19.08.2021 00:27:39.078,1.36249,1.36233,1,1
19.08.2021 00:27:39.279,1.36249,1.3623500000000002,1,1
19.08.2021 00:27:40.170,1.36251,1.36237,1,1
19.08.2021 00:27:42.041,1.3625,1.36236,1,1
19.08.2021 00:27:44.498,1.36248,1.36234,1,1.5
19.08.2021 00:27:44.649,1.36248,1.3623200000000002,1,1.5
19.08.2021 00:27:45.151,1.36248,1.3623200000000002,1,1
19.08.2021 00:28:11.503,1.36243,1.3623,1,1.12
19.08.2021 00:28:11.754,1.36244,1.36228,1,1
19.08.2021 00:28:11.878,1.3624200000000002,1.36228,1,1
19.08.2021 00:28:18.269,1.3624,1.36227,1,1
19.08.2021 00:28:18.320,1.36237,1.36223,1,1
19.08.2021 00:28:18.371,1.36236,1.3622100000000001,1,1.12
19.08.2021 00:28:18.530,1.36236,1.3622,1,1
19.08.2021 00:28:24.107,1.36237,1.3622100000000001,1,1.5
19.08.2021 00:28:24.158,1.36239,1.36223,1,1
19.08.2021 00:28:24.652,1.36239,1.36225,1,1
19.08.2021 00:28:24.753,1.36238,1.3622400000000001,1,1
19.08.2021 00:28:24.905,1.3624100000000001,1.36227,1,1
19.08.2021 00:28:32.294,1.36243,1.36227,1,1
19.08.2021 00:28:57.248,1.3624200000000002,1.36226,1,1
19.08.2021 00:29:41.524,1.3624200000000002,1.36228,1,2
19.08.2021 00:29:41.574,1.3624500000000002,1.36229,1,1
19.08.2021 00:29:41.826,1.36246,1.3623200000000002,1,1
19.08.2021 00:29:56.922,1.36247,1.36233,1.12,1
19.08.2021 00:30:00.710,1.3625,1.36234,1.12,1
19.08.2021 00:30:05.630,1.3625200000000002,1.36236,1.5,1
19.08.2021 00:30:19.925,1.36249,1.3623500000000002,1,1
19.08.2021 00:30:48.973,1.36249,1.36233,1.12,1
19.08.2021 00:30:49.074,1.36248,1.36234,1.6,1
19.08.2021 00:30:50.297,1.36248,1.36234,1.2,1
19.08.2021 00:30:50.402,1.36247,1.3623100000000001,1,1
19.08.2021 00:30:57.659,1.3624500000000002,1.3623100000000001,1,1
19.08.2021 00:30:57.862,1.36246,1.3623,1.5,1
19.08.2021 00:30:59.934,1.36243,1.36227,1,1.5
19.08.2021 00:31:00.482,1.3624100000000001,1.36227,1,1
19.08.2021 00:31:01.188,1.3624100000000001,1.36227,1.5,1
19.08.2021 00:31:06.405,1.3624100000000001,1.36225,1.12,1
19.08.2021 00:31:06.708,1.3624100000000001,1.36225,1.5,1
19.08.2021 00:31:10.623,1.36239,1.36223,1,1
19.08.2021 00:31:11.850,1.36238,1.3622200000000002,1,1
19.08.2021 00:31:15.507,1.36237,1.3622100000000001,1,1
19.08.2021 00:31:15.608,1.3623200000000002,1.36218,1,1
19.08.2021 00:31:17.628,1.3623,1.36216,1,1
19.08.2021 00:31:21.562,1.3623,1.3621400000000001,1,1
19.08.2021 00:31:27.835,1.3623200000000002,1.3621400000000001,1.5,1
19.08.2021 00:31:28.597,1.3623,1.36216,1,1
19.08.2021 00:31:28.698,1.3623200000000002,1.36215,1.12,1
19.08.2021 00:31:44.497,1.3623200000000002,1.36218,1.12,1
19.08.2021 00:31:48.128,1.3623500000000002,1.36219,1,1
19.08.2021 00:31:48.279,1.3623500000000002,1.36219,1,1.5
19.08.2021 00:31:49.165,1.36236,1.3622200000000002,1.5,1
19.08.2021 00:31:54.043,1.36239,1.36223,1,1
19.08.2021 00:31:58.773,1.36239,1.36225,1,1
19.08.2021 00:31:58.880,1.3624100000000001,1.36227,1.5,1
19.08.2021 00:31:59.746,1.3624200000000002,1.36226,1.12,1
19.08.2021 00:32:20.267,1.36239,1.36225,1,1
19.08.2021 00:32:28.304,1.3624,1.36226,1,1
19.08.2021 00:32:32.000,1.3624200000000002,1.36227,1,1
19.08.2021 00:32:32.514,1.36243,1.36227,1,1
19.08.2021 00:32:53.637,1.36244,1.3623,1,1
19.08.2021 00:32:53.738,1.3624500000000002,1.3623100000000001,1,1
19.08.2021 00:32:53.839,1.36248,1.3623200000000002,1,1
19.08.2021 00:32:55.443,1.36248,1.36234,1,1
19.08.2021 00:33:01.218,1.36248,1.3623200000000002,1,1
19.08.2021 00:33:22.581,1.36249,1.3623500000000002,1.5,1
19.08.2021 00:33:23.656,1.36251,1.3623500000000002,1,1
19.08.2021 00:33:26.067,1.36254,1.36238,1.12,1
19.08.2021 00:33:37.226,1.3625200000000002,1.36236,1,1
19.08.2021 00:33:39.727,1.36251,1.3623500000000002,1,1
19.08.2021 00:33:52.858,1.3625200000000002,1.36238,1.5,1
19.08.2021 00:33:54.414,1.3625200000000002,1.36238,1.12,1
19.08.2021 00:34:04.132,1.36254,1.36238,1.12,1
19.08.2021 00:34:12.003,1.36254,1.36238,1.5,1
19.08.2021 00:34:12.997,1.36254,1.36238,1.12,1
19.08.2021 00:34:26.499,1.36253,1.36237,1,1.12
19.08.2021 00:34:26.600,1.36248,1.36236,1.5,1
19.08.2021 00:34:26.651,1.36246,1.36233,1,1
19.08.2021 00:34:26.702,1.36244,1.3623,1,2
19.08.2021 00:34:26.803,1.36244,1.3623,1,1
19.08.2021 00:34:29.013,1.36244,1.36228,1,1
19.08.2021 00:34:29.114,1.3624100000000001,1.36227,1,1
19.08.2021 00:34:29.215,1.36239,1.36223,1,1
19.08.2021 00:34:38.085,1.36239,1.36226,1,1
19.08.2021 00:34:38.186,1.3624200000000002,1.36226,1,1
19.08.2021 00:34:42.232,1.36243,1.36227,1,1
19.08.2021 00:34:51.823,1.36237,1.36228,1,1
19.08.2021 00:34:51.874,1.36236,1.3622100000000001,1,1
19.08.2021 00:34:51.974,1.3623500000000002,1.3622100000000001,1.5,1.5
19.08.2021 00:34:52.025,1.3623500000000002,1.3622100000000001,1,1
19.08.2021 00:35:00.862,1.36238,1.3622200000000002,1,1
19.08.2021 00:35:03.464,1.36238,1.3622400000000001,1,1
19.08.2021 00:35:04.761,1.3624100000000001,1.36225,1.5,1
19.08.2021 00:35:06.379,1.3624,1.3622400000000001,1,1
19.08.2021 00:35:18.409,1.3624100000000001,1.36227,1,1
19.08.2021 00:35:21.380,1.36243,1.36227,1,1
19.08.2021 00:35:21.481,1.3624500000000002,1.36229,1,1
19.08.2021 00:35:28.229,1.3624500000000002,1.3623100000000001,1,1
19.08.2021 00:35:30.750,1.36247,1.3623100000000001,1,1
19.08.2021 00:35:32.040,1.36249,1.36233,1,1
19.08.2021 00:35:33.791,1.3625,1.36236,1,1
19.08.2021 00:35:45.927,1.36249,1.36233,1,1
19.08.2021 00:35:46.028,1.36246,1.3623200000000002,1,1
19.08.2021 00:35:46.280,1.36246,1.3623,1,1
19.08.2021 00:35:48.905,1.36244,1.36228,1,1.12
19.08.2021 00:35:51.619,1.3624200000000002,1.36226,1,1.12
19.08.2021 00:35:56.599,1.3624,1.36226,1,1.12
19.08.2021 00:35:56.884,1.36239,1.36223,1,2
19.08.2021 00:35:57.666,1.36239,1.36223,1,2
19.08.2021 00:36:08.810,1.3624100000000001,1.36225,1,1
19.08.2021 00:36:08.911,1.3624,1.3622400000000001,1,1.12
19.08.2021 00:36:16.284,1.36236,1.3622100000000001,1,1.12
19.08.2021 00:36:16.335,1.3623500000000002,1.36219,1,1
19.08.2021 00:36:16.756,1.36234,1.36218,1,1
19.08.2021 00:36:17.370,1.36233,1.36217,1,1.12
19.08.2021 00:36:17.706,1.3623200000000002,1.36216,1,1.12
19.08.2021 00:36:17.857,1.3623200000000002,1.36215,1,1
19.08.2021 00:36:17.959,1.3623,1.36213,1,1.12
19.08.2021 00:36:18.110,1.3623,1.36215,1,1
19.08.2021 00:36:21.623,1.3623100000000001,1.36217,1,1
19.08.2021 00:36:22.624,1.36233,1.36218,1,1
19.08.2021 00:36:25.502,1.3623500000000002,1.36217,1.5,1
19.08.2021 00:36:25.653,1.36234,1.3622,1,1
19.08.2021 00:36:30.376,1.36237,1.3622,1,1
19.08.2021 00:36:40.589,1.3623500000000002,1.36219,1,1
19.08.2021 00:36:41.216,1.36234,1.36218,1,1.12
19.08.2021 00:37:13.569,1.3623200000000002,1.36216,1,1
19.08.2021 00:37:13.670,1.3623,1.36216,1,1.5
19.08.2021 00:37:13.771,1.36229,1.36215,1,1.5
19.08.2021 00:37:13.821,1.36229,1.36213,1,1.12
19.08.2021 00:37:23.241,1.36228,1.3621400000000001,1.5,1
19.08.2021 00:37:47.680,1.36228,1.3621400000000001,1.12,1
19.08.2021 00:37:49.475,1.36227,1.3621400000000001,1,1
19.08.2021 00:38:28.443,1.36228,1.3621400000000001,1,1
19.08.2021 00:38:28.814,1.3623200000000002,1.36215,1.12,1.57
19.08.2021 00:38:28.864,1.3623200000000002,1.36217,1,1
19.08.2021 00:38:29.066,1.36233,1.36217,1,1
19.08.2021 00:38:30.345,1.36234,1.36219,1.12,1
19.08.2021 00:38:31.014,1.3623500000000002,1.3622,1.12,1
19.08.2021 00:38:33.240,1.3623500000000002,1.36218,1,1
19.08.2021 00:38:33.290,1.36233,1.36216,1,2.25
19.08.2021 00:38:38.001,1.3623100000000001,1.36216,1,1
19.08.2021 00:38:40.059,1.3623,1.36213,1,1.12
19.08.2021 00:38:40.844,1.3623100000000001,1.36215,1.12,1
19.08.2021 00:38:57.828,1.3623200000000002,1.36218,1.5,1
19.08.2021 00:38:57.929,1.3623500000000002,1.3622,1.5,1
19.08.2021 00:38:58.085,1.3623500000000002,1.3622,1,1
19.08.2021 00:38:58.329,1.36237,1.3622,1.5,1
19.08.2021 00:38:58.955,1.36238,1.3622200000000002,1.62,1
19.08.2021 00:39:02.420,1.36237,1.36223,1.5,1
19.08.2021 00:39:03.812,1.3623500000000002,1.3622100000000001,1.5,1
19.08.2021 00:39:14.682,1.36238,1.3622100000000001,1.5,1
19.08.2021 00:39:14.884,1.36238,1.3622100000000001,1.5,1
19.08.2021 00:39:18.248,1.36233,1.3622,1,1
19.08.2021 00:39:18.461,1.36233,1.36219,1,1
19.08.2021 00:39:18.562,1.36236,1.3622200000000002,1.5,1
19.08.2021 00:39:18.664,1.36236,1.3622200000000002,1.5,1
19.08.2021 00:39:18.815,1.36236,1.36223,1.5,1
19.08.2021 00:39:20.927,1.36237,1.36223,1.5,1
19.08.2021 00:39:22.465,1.36237,1.3622400000000001,1.5,1
19.08.2021 00:39:23.182,1.36237,1.36225,1.5,1
19.08.2021 00:39:25.983,1.36237,1.36226,1.5,1
19.08.2021 00:39:30.202,1.36236,1.36229,1.5,1
19.08.2021 00:39:30.252,1.36243,1.36229,1.5,1
19.08.2021 00:39:30.303,1.36243,1.36229,1.5,1
19.08.2021 00:39:30.454,1.36243,1.36229,1.12,1
19.08.2021 00:39:30.505,1.36243,1.3623100000000001,1.12,1
19.08.2021 00:39:31.095,1.36247,1.3623,1.62,1
19.08.2021 00:39:31.656,1.36249,1.3623200000000002,2.45,1
19.08.2021 00:39:32.585,1.36249,1.3623200000000002,1.5,1
19.08.2021 00:39:33.245,1.36249,1.3623500000000002,3.57,1
19.08.2021 00:39:33.346,1.3625,1.3623500000000002,1,1
19.08.2021 00:39:33.397,1.36249,1.36236,1,1
19.08.2021 00:39:33.525,1.3625,1.36236,1.12,1
19.08.2021 00:39:36.062,1.36253,1.36237,1.5,1
19.08.2021 00:39:36.545,1.36253,1.36236,1.5,1
19.08.2021 00:39:39.712,1.36254,1.36237,1.5,1
19.08.2021 00:39:42.506,1.3625200000000002,1.36237,1,1
19.08.2021 00:39:43.477,1.36251,1.36237,1.5,1
19.08.2021 00:39:50.450,1.36251,1.3623500000000002,1,1.5
19.08.2021 00:39:50.697,1.36248,1.36234,1,1.5
19.08.2021 00:39:50.905,1.36249,1.36233,1,1
19.08.2021 00:39:50.956,1.36247,1.3623100000000001,1,1.12
19.08.2021 00:39:51.335,1.36246,1.3623,1,1.5
19.08.2021 00:39:51.486,1.36246,1.3623,1,1
19.08.2021 00:39:55.116,1.36243,1.36229,1,1.5
19.08.2021 00:40:08.040,1.3624200000000002,1.36227,1,1
19.08.2021 00:40:08.142,1.36234,1.3622200000000002,1,1.5
19.08.2021 00:40:08.243,1.3623500000000002,1.3622100000000001,1,1
19.08.2021 00:40:08.294,1.3623200000000002,1.36216,1,1
19.08.2021 00:40:08.395,1.3623100000000001,1.36215,1,1
19.08.2021 00:40:11.300,1.3623100000000001,1.3621400000000001,1,1
19.08.2021 00:40:12.235,1.3623200000000002,1.36215,1.12,1
19.08.2021 00:40:17.063,1.3623200000000002,1.36217,1.12,1
19.08.2021 00:40:21.336,1.3623,1.36213,1,1
19.08.2021 00:40:21.437,1.3623100000000001,1.3621400000000001,1,1
19.08.2021 00:40:21.538,1.3623100000000001,1.3621400000000001,1.5,1
19.08.2021 00:40:21.639,1.3623100000000001,1.3621400000000001,1.12,1
19.08.2021 00:40:21.772,1.36229,1.3621400000000001,1,1
19.08.2021 00:40:22.248,1.3623100000000001,1.36213,1.12,1
19.08.2021 00:40:22.399,1.3623,1.3621400000000001,1.5,1
19.08.2021 00:40:24.040,1.3623100000000001,1.36213,1.5,1
19.08.2021 00:40:28.349,1.3623100000000001,1.36213,3.87,1
19.08.2021 00:40:31.445,1.3623100000000001,1.36213,2.62,1
19.08.2021 00:40:31.615,1.3623100000000001,1.36215,2.62,1
19.08.2021 00:40:32.936,1.3623100000000001,1.3621400000000001,2.62,1
19.08.2021 00:40:35.198,1.3623,1.36216,1.87,1
19.08.2021 00:40:46.518,1.36229,1.3621400000000001,1,1
19.08.2021 00:40:52.429,1.36229,1.3621200000000002,1,1
19.08.2021 00:40:58.112,1.36226,1.3621200000000002,1,1
19.08.2021 00:40:58.330,1.36226,1.3621,1,1
19.08.2021 00:40:58.431,1.36226,1.3621200000000002,1,1
19.08.2021 00:40:58.532,1.36226,1.3621,1,1
19.08.2021 00:41:00.165,1.36226,1.36209,1,1
19.08.2021 00:41:02.481,1.36223,1.36209,1,1
19.08.2021 00:41:12.297,1.36223,1.36208,1,1
19.08.2021 00:41:12.764,1.36223,1.3620700000000001,1,1
19.08.2021 00:41:12.865,1.3622100000000001,1.3620400000000001,1,1.5
19.08.2021 00:41:13.443,1.3622100000000001,1.3620400000000001,1,1.5
19.08.2021 00:41:16.318,1.3622200000000002,1.36205,1,1.12
19.08.2021 00:41:16.570,1.3622100000000001,1.36206,1,2.37
19.08.2021 00:41:18.147,1.3622400000000001,1.3620700000000001,1,1
19.08.2021 00:41:22.498,1.36223,1.36206,1,1.12
19.08.2021 00:41:36.125,1.3622,1.36205,1,1.12
19.08.2021 00:41:38.268,1.36219,1.36203,1,1.12
19.08.2021 00:41:38.318,1.36216,1.3620100000000002,1,1.87
19.08.2021 00:41:38.419,1.36215,1.36198,1,1.6
19.08.2021 00:41:38.521,1.36215,1.36198,1,1.1
19.08.2021 00:41:39.351,1.36215,1.36196,1,1.1
19.08.2021 00:41:40.807,1.36215,1.36195,1,4.35
19.08.2021 00:41:51.572,1.3621400000000001,1.36199,1,1
19.08.2021 00:41:51.826,1.36215,1.36199,1,1
19.08.2021 00:41:51.927,1.36216,1.36196,1,1.7
19.08.2021 00:41:52.478,1.36217,1.3619700000000001,1,1.7
19.08.2021 00:41:56.693,1.36216,1.36199,1,1
19.08.2021 00:41:58.227,1.36216,1.362,1,1
19.08.2021 00:41:58.603,1.36216,1.362,1,2
19.08.2021 00:41:59.571,1.36216,1.3620100000000002,1,2
19.08.2021 00:41:59.856,1.3622,1.3620100000000002,1,1
19.08.2021 00:42:00.549,1.36219,1.3620200000000002,1,1
19.08.2021 00:42:01.550,1.36219,1.3620200000000002,1,1.57
19.08.2021 00:42:05.132,1.3622,1.3620200000000002,1,1
19.08.2021 00:42:05.182,1.36218,1.3620200000000002,1,1
19.08.2021 00:42:06.121,1.36218,1.3620100000000002,1,1
19.08.2021 00:42:06.226,1.36216,1.3620100000000002,1,1
19.08.2021 00:42:07.990,1.36215,1.362,1,1
19.08.2021 00:42:14.082,1.36216,1.3620100000000002,1,1
19.08.2021 00:42:15.129,1.36216,1.3620200000000002,1,1
19.08.2021 00:42:20.956,1.36218,1.3620200000000002,1,1
19.08.2021 00:42:21.905,1.36218,1.3620200000000002,1,1
19.08.2021 00:42:27.042,1.36217,1.36203,1,1
19.08.2021 00:42:37.581,1.36216,1.3620200000000002,1,1
19.08.2021 00:42:37.964,1.36216,1.36199,1,3.57
19.08.2021 00:42:43.194,1.36217,1.36198,1,2.32
19.08.2021 00:42:44.227,1.36216,1.36198,1,1.57
19.08.2021 00:42:51.343,1.36215,1.362,1,1
19.08.2021 00:42:53.512,1.36215,1.36199,1,1
19.08.2021 00:43:04.546,1.36216,1.36199,1,1.12
19.08.2021 00:43:05.015,1.36216,1.362,1,1
19.08.2021 00:43:05.169,1.36216,1.362,1,1.62
19.08.2021 00:43:05.554,1.36217,1.3620100000000002,1,2.37
19.08.2021 00:43:18.791,1.36218,1.3620100000000002,1,1.62
19.08.2021 00:43:20.489,1.36219,1.3620400000000001,1,1
19.08.2021 00:43:35.562,1.3622,1.36206,1,1
19.08.2021 00:44:31.043,1.3622,1.36205,1,1.12
19.08.2021 00:44:31.144,1.36216,1.3620100000000002,1,1
19.08.2021 00:44:31.346,1.3621400000000001,1.36199,1,1.5
19.08.2021 00:44:31.448,1.3621200000000002,1.3619700000000001,1,1.12
19.08.2021 00:44:31.549,1.36217,1.362,1.5,1
19.08.2021 00:44:31.650,1.36217,1.36203,1.12,1
19.08.2021 00:44:33.653,1.3622100000000001,1.36205,1.5,1
19.08.2021 00:44:33.804,1.36223,1.3620700000000001,1,1
19.08.2021 00:44:33.905,1.36227,1.36213,1.62,1
19.08.2021 00:44:33.956,1.36227,1.36213,1.12,1
19.08.2021 00:44:34.057,1.36228,1.3621400000000001,1,1
19.08.2021 00:44:34.158,1.3623,1.3621400000000001,1,1
19.08.2021 00:44:34.321,1.3623,1.36216,1,1
19.08.2021 00:44:35.000,1.36234,1.3622,1.87,1
19.08.2021 00:44:57.713,1.36234,1.36217,1,1.5
19.08.2021 00:45:00.676,1.3623500000000002,1.36219,1,1
19.08.2021 00:45:02.597,1.36236,1.36219,1,1
19.08.2021 00:45:02.647,1.36237,1.3622100000000001,1,1
19.08.2021 00:45:13.445,1.36238,1.3622200000000002,1,1
19.08.2021 00:45:15.728,1.36239,1.3622400000000001,1,1
19.08.2021 00:45:18.245,1.3624200000000002,1.36225,1,1
19.08.2021 00:45:18.598,1.3624200000000002,1.36227,1,1
19.08.2021 00:45:21.405,1.36243,1.36228,1,1
19.08.2021 00:45:24.250,1.36243,1.36226,1,1
19.08.2021 00:45:24.351,1.36238,1.36223,1,1.87
19.08.2021 00:45:24.402,1.3623500000000002,1.3622,1,2
19.08.2021 00:45:24.503,1.36234,1.36219,1,1
19.08.2021 00:45:24.604,1.36233,1.36218,1,1
19.08.2021 00:45:26.173,1.3623500000000002,1.36218,1,1
19.08.2021 00:45:29.453,1.3623500000000002,1.36219,1,1
19.08.2021 00:45:44.138,1.36234,1.36219,1,1
19.08.2021 00:45:44.914,1.36234,1.36218,1,1
19.08.2021 00:45:51.613,1.36233,1.36217,1,1
19.08.2021 00:45:51.814,1.36228,1.3621400000000001,1,1.5
19.08.2021 00:45:54.569,1.3623200000000002,1.36217,1,1
19.08.2021 00:45:54.821,1.36234,1.36218,1.12,1
19.08.2021 00:45:55.350,1.3623500000000002,1.36218,1,1
19.08.2021 00:45:55.602,1.3623500000000002,1.36219,1,1
19.08.2021 00:45:57.839,1.36229,1.36215,1.5,1
19.08.2021 00:45:57.940,1.36227,1.3621200000000002,1,2
19.08.2021 00:45:57.991,1.3623,1.36215,1.5,1
19.08.2021 00:45:58.093,1.3623200000000002,1.36215,1,1
19.08.2021 00:45:58.194,1.36233,1.36216,1,1
19.08.2021 00:45:58.396,1.36234,1.36217,1,1
19.08.2021 00:45:59.803,1.3623500000000002,1.36218,1,1
19.08.2021 00:46:05.881,1.36234,1.36217,1,1.5
19.08.2021 00:46:05.982,1.3623200000000002,1.36215,1,1
19.08.2021 00:46:06.083,1.3623200000000002,1.36217,1,1
19.08.2021 00:46:18.972,1.36229,1.36213,1,1
19.08.2021 00:46:19.962,1.36228,1.3621400000000001,1,1.5
19.08.2021 00:46:20.952,1.36229,1.36213,1,1.5
19.08.2021 00:46:24.402,1.3623,1.36215,1,1.5
19.08.2021 00:46:24.553,1.3623200000000002,1.36215,1.12,1.5
19.08.2021 00:46:25.158,1.3623200000000002,1.36216,1,1.5
19.08.2021 00:46:25.995,1.3623200000000002,1.36216,1,1.12
19.08.2021 00:46:28.003,1.36233,1.36215,1,1.5
19.08.2021 00:46:28.477,1.36233,1.36217,1,1
19.08.2021 00:46:31.016,1.36233,1.36216,1,1.12
19.08.2021 00:46:36.038,1.3623200000000002,1.36217,1,2
19.08.2021 00:46:40.098,1.36233,1.36217,1,2.37
19.08.2021 00:46:40.199,1.36234,1.36219,1.12,1
19.08.2021 00:46:41.649,1.3623500000000002,1.36219,1.12,1
19.08.2021 00:46:43.103,1.36234,1.3622,1.5,1
19.08.2021 00:46:46.753,1.36234,1.3622200000000002,1,1.5
19.08.2021 00:46:46.854,1.3624100000000001,1.36226,1,1
19.08.2021 00:46:47.005,1.3624100000000001,1.36227,1,1.12
19.08.2021 00:46:47.156,1.3624100000000001,1.36225,1,3.22
19.08.2021 00:46:47.207,1.36243,1.36226,1,1.12
19.08.2021 00:46:47.358,1.36243,1.36225,1,1.87
19.08.2021 00:46:47.459,1.3624200000000002,1.36227,1,1.57
19.08.2021 00:46:47.560,1.3624500000000002,1.36228,1,1
19.08.2021 00:46:47.874,1.3624500000000002,1.3623100000000001,1,1.62
19.08.2021 00:46:47.975,1.36247,1.3623,1,1.62
19.08.2021 00:46:48.076,1.36244,1.3623100000000001,1,1
19.08.2021 00:46:48.126,1.3624500000000002,1.36228,1,1.5
19.08.2021 00:46:52.914,1.36243,1.36227,1,2.62
19.08.2021 00:46:54.514,1.3624100000000001,1.3622400000000001,1,4.32
19.08.2021 00:46:54.615,1.3624100000000001,1.3622400000000001,1,2.25
19.08.2021 00:46:55.780,1.3624,1.36225,1,1.5
19.08.2021 00:46:56.132,1.3624100000000001,1.3622400000000001,1,1
19.08.2021 00:46:56.233,1.36239,1.3622400000000001,1,1
19.08.2021 00:46:58.913,1.3624,1.36223,1,1.6
19.08.2021 00:46:59.014,1.3624,1.36225,1,2.32
19.08.2021 00:46:59.165,1.3624200000000002,1.36225,1,1
19.08.2021 00:46:59.780,1.3624,1.3622400000000001,1,1.1
19.08.2021 00:46:59.831,1.3624100000000001,1.36226,1,1
19.08.2021 00:47:03.429,1.3624200000000002,1.36226,1,1
19.08.2021 00:47:03.682,1.3624100000000001,1.36225,1,1
19.08.2021 00:47:03.783,1.3624100000000001,1.3622400000000001,1,1.12
19.08.2021 00:47:03.884,1.36239,1.3622400000000001,1,1
19.08.2021 00:47:15.251,1.3624100000000001,1.36225,1,1
19.08.2021 00:47:15.976,1.36243,1.3622400000000001,1,1
19.08.2021 00:47:16.510,1.3624200000000002,1.36225,1,2
19.08.2021 00:47:21.583,1.3624200000000002,1.36225,1,1
19.08.2021 00:47:21.684,1.3624100000000001,1.3622400000000001,1,1.12
19.08.2021 00:47:54.643,1.36243,1.36225,1,1
19.08.2021 00:47:55.245,1.36243,1.36225,1,1.97
19.08.2021 00:47:55.346,1.36244,1.36226,1,1.6
19.08.2021 00:47:55.951,1.3624500000000002,1.36227,1,1.1
19.08.2021 00:48:00.694,1.36243,1.36228,1,1
19.08.2021 00:48:00.745,1.3624100000000001,1.36223,1,1.12
19.08.2021 00:48:00.946,1.36239,1.3622200000000002,1,2.07
19.08.2021 00:48:01.047,1.36237,1.3622100000000001,1,1.2
19.08.2021 00:48:02.288,1.36237,1.36223,1,1
19.08.2021 00:48:02.339,1.36238,1.36223,1,1.22
19.08.2021 00:48:02.628,1.36238,1.3622400000000001,1,1.1
19.08.2021 00:48:02.780,1.36238,1.3622200000000002,1,1.95
19.08.2021 00:48:17.825,1.3624,1.3622100000000001,1,1.57
19.08.2021 00:48:18.629,1.36239,1.3622200000000002,1,1.12
19.08.2021 00:48:18.838,1.3624,1.3622200000000002,1,1.87
19.08.2021 00:48:33.015,1.36239,1.3622400000000001,1,1
19.08.2021 00:48:33.116,1.3624100000000001,1.36223,1,2
19.08.2021 00:48:33.217,1.36243,1.3622400000000001,1,1.12
19.08.2021 00:48:33.267,1.3624200000000002,1.36225,1,1.5
19.08.2021 00:48:34.219,1.3624200000000002,1.36225,1,1.5
19.08.2021 00:48:36.678,1.3624200000000002,1.3622200000000002,1,2.07
19.08.2021 00:48:36.780,1.36239,1.3622200000000002,1,1.6
19.08.2021 00:48:36.881,1.36238,1.36223,1,1.12
19.08.2021 00:48:39.957,1.3624100000000001,1.3622200000000002,1,1.12
19.08.2021 00:48:40.478,1.3624100000000001,1.36223,1,1
19.08.2021 00:48:40.579,1.3624,1.36223,1,1.87
19.08.2021 00:48:40.680,1.3624,1.3622400000000001,1,1
19.08.2021 00:48:49.321,1.3624,1.36223,1,1
19.08.2021 00:48:49.473,1.36236,1.3622100000000001,1,1.5
19.08.2021 00:48:49.524,1.36237,1.36219,1,1.5
19.08.2021 00:48:49.575,1.36234,1.3622,1,1.5
19.08.2021 00:48:49.727,1.36234,1.36218,1,1.87
19.08.2021 00:48:53.273,1.36233,1.36215,1,3.12
19.08.2021 00:48:53.323,1.36233,1.36215,1,1.87
19.08.2021 00:48:54.563,1.3623100000000001,1.36215,1,1.12
19.08.2021 00:48:54.614,1.36229,1.36215,1,1.12
19.08.2021 00:48:55.136,1.36229,1.3621200000000002,1,1
19.08.2021 00:48:55.237,1.3623,1.3621,1,2
19.08.2021 00:48:56.376,1.36228,1.36209,1,2.75
19.08.2021 00:48:56.477,1.36225,1.3621,1,1.87
19.08.2021 00:48:56.578,1.36226,1.3621,1,1.87
19.08.2021 00:49:05.710,1.36227,1.36208,1,3.57
19.08.2021 00:49:06.062,1.36226,1.36208,1,1.87
19.08.2021 00:49:13.195,1.36226,1.36206,1,2.82
19.08.2021 00:49:18.080,1.3622400000000001,1.36206,1,2
19.08.2021 00:49:18.919,1.36223,1.36206,1,2
19.08.2021 00:49:21.195,1.36223,1.36205,1,2.75
19.08.2021 00:49:42.509,1.3622100000000001,1.36206,1,1.5
19.08.2021 00:49:42.610,1.3622,1.3620200000000002,1,1.5
19.08.2021 00:49:42.761,1.3622100000000001,1.3620200000000002,1,1.5
19.08.2021 00:49:44.271,1.3622,1.36203,1,2
19.08.2021 00:49:45.402,1.3622100000000001,1.36203,1,3.5
19.08.2021 00:50:00.194,1.3622100000000001,1.36203,1,2
19.08.2021 00:50:05.418,1.3622100000000001,1.3620200000000002,1,1.87
19.08.2021 00:50:05.646,1.3622,1.3620100000000002,1,1.12
19.08.2021 00:50:07.695,1.36219,1.3620100000000002,1,2.07
19.08.2021 00:50:11.949,1.36218,1.362,1,2
19.08.2021 00:50:15.710,1.36217,1.362,1,3.65
19.08.2021 00:50:16.915,1.36218,1.3620100000000002,1,2.07
19.08.2021 00:50:19.615,1.36219,1.36203,1,1.5
19.08.2021 00:50:22.568,1.36219,1.3620200000000002,1,1.12
19.08.2021 00:50:23.609,1.36219,1.362,1,2.07
19.08.2021 00:50:23.660,1.36216,1.3620100000000002,1,1.5
19.08.2021 00:50:23.710,1.36218,1.3620100000000002,1,1
19.08.2021 00:50:23.845,1.36219,1.36199,1,3.52
19.08.2021 00:50:27.214,1.36218,1.362,1,3.47
19.08.2021 00:50:27.415,1.36218,1.3620100000000002,1,1.6
19.08.2021 00:50:27.716,1.36219,1.3620200000000002,1,1.5
19.08.2021 00:50:31.311,1.3622,1.3620100000000002,1,2
19.08.2021 00:50:31.507,1.36218,1.3620200000000002,1,2
19.08.2021 00:50:31.608,1.3622,1.3620100000000002,1,1.5
19.08.2021 00:50:35.741,1.3622100000000001,1.3620400000000001,1,1.12
19.08.2021 00:50:38.786,1.3622,1.36203,1,1.5
19.08.2021 00:50:38.889,1.3622100000000001,1.3620200000000002,1,1
19.08.2021 00:50:39.158,1.3622,1.3620400000000001,1,1.5
19.08.2021 00:50:44.058,1.3622100000000001,1.36203,1,2
19.08.2021 00:50:51.588,1.36225,1.3621100000000002,1,1.5
19.08.2021 00:50:51.639,1.36227,1.3621200000000002,1,1
19.08.2021 00:50:51.739,1.36228,1.36213,1,2.62
19.08.2021 00:50:51.910,1.36229,1.3621400000000001,1,1.5
19.08.2021 00:50:52.079,1.36229,1.3621400000000001,1,2.07
19.08.2021 00:50:53.146,1.3623200000000002,1.36215,1,1
19.08.2021 00:50:53.196,1.36234,1.36217,1,1
19.08.2021 00:50:55.208,1.36234,1.36218,1,1
19.08.2021 00:51:02.317,1.36234,1.36216,1,1.12
19.08.2021 00:51:02.418,1.3623100000000001,1.36216,1,1.62
19.08.2021 00:51:03.423,1.3623200000000002,1.36215,1,1
19.08.2021 00:51:13.703,1.36233,1.36217,1,1
19.08.2021 00:51:14.494,1.36233,1.36216,1,1
19.08.2021 00:51:19.395,1.3623100000000001,1.3621400000000001,1,1.5
19.08.2021 00:51:39.051,1.3623100000000001,1.36216,1,1.12
19.08.2021 00:51:58.668,1.3623200000000002,1.36215,1,1.5
19.08.2021 00:51:59.478,1.36233,1.36218,1,1
19.08.2021 00:52:13.595,1.3623500000000002,1.36218,1,1
19.08.2021 00:52:18.053,1.36233,1.36216,1,2
19.08.2021 00:52:18.759,1.36233,1.36218,1,1.12
19.08.2021 00:52:30.303,1.36234,1.36218,1,1
19.08.2021 00:52:30.824,1.3623500000000002,1.3622,1,1
19.08.2021 00:52:32.396,1.36236,1.3622200000000002,1,1
19.08.2021 00:52:33.603,1.36236,1.3622,1,1
19.08.2021 00:52:34.568,1.36236,1.3622100000000001,1,1.5
19.08.2021 00:52:38.746,1.36237,1.3622100000000001,1,1
19.08.2021 00:52:42.014,1.36237,1.3622,1,2.62
19.08.2021 00:52:44.530,1.36236,1.3622200000000002,1,1
19.08.2021 00:52:46.196,1.36237,1.3622,1,2.25
19.08.2021 00:53:07.479,1.3623500000000002,1.36219,1,3
19.08.2021 00:53:09.116,1.36237,1.3622,1,1
19.08.2021 00:53:09.374,1.36236,1.3622200000000002,1,1
19.08.2021 00:53:13.990,1.36236,1.36223,1,1
19.08.2021 00:53:17.217,1.36237,1.36223,1,1
19.08.2021 00:53:24.377,1.36236,1.36223,1,1
19.08.2021 00:53:27.073,1.36237,1.36223,1,1
19.08.2021 00:53:27.175,1.3624,1.36225,1,1
19.08.2021 00:53:29.354,1.3624100000000001,1.3622400000000001,1.5,1.5
19.08.2021 00:53:34.454,1.3624200000000002,1.36225,1,1.12
19.08.2021 00:53:41.817,1.3624100000000001,1.36226,1,1.5
19.08.2021 00:53:43.419,1.3624200000000002,1.36225,1,1.12
19.08.2021 00:53:45.862,1.3624200000000002,1.36225,1,1.5
19.08.2021 00:54:06.889,1.3624100000000001,1.36226,1,1.12
19.08.2021 00:54:07.880,1.3624200000000002,1.36225,1,1.5
19.08.2021 00:54:20.893,1.3624200000000002,1.36226,1,2
19.08.2021 00:54:21.903,1.3624200000000002,1.36226,1,1.87
19.08.2021 00:54:25.922,1.3624200000000002,1.36226,1,2
19.08.2021 00:54:26.306,1.36243,1.36228,1,1.12
19.08.2021 00:54:28.231,1.36244,1.36228,1,1
19.08.2021 00:54:31.797,1.36244,1.36229,1,1
19.08.2021 00:54:32.862,1.36244,1.3623,1.12,1
19.08.2021 00:54:32.963,1.36244,1.36229,1.12,2.25
19.08.2021 00:54:33.126,1.3624500000000002,1.36233,1,1
19.08.2021 00:54:33.177,1.36249,1.36234,1,1.12
19.08.2021 00:54:33.278,1.36254,1.36237,1.87,1
19.08.2021 00:54:33.379,1.36253,1.36239,1.12,1.12
19.08.2021 00:54:33.530,1.3625500000000001,1.3624,1,1
19.08.2021 00:54:34.040,1.36258,1.3624100000000001,1,1
19.08.2021 00:54:35.019,1.36259,1.3624200000000002,1,1
19.08.2021 00:54:44.200,1.36258,1.3624200000000002,1,1
19.08.2021 00:54:47.450,1.36256,1.3624,1,1.12
19.08.2021 00:54:50.318,1.36256,1.36237,1,2.25
19.08.2021 00:54:51.369,1.3625500000000001,1.36237,1,1.12
19.08.2021 00:54:54.060,1.3625500000000001,1.36239,1,1
19.08.2021 00:54:57.361,1.36256,1.3624100000000001,1,1.5
19.08.2021 00:54:57.462,1.36256,1.36238,1,1
19.08.2021 00:54:57.937,1.3625500000000001,1.36237,1,1.5
19.08.2021 00:54:58.038,1.36256,1.36238,1,1
19.08.2021 00:54:59.774,1.36251,1.36236,1,1.5
19.08.2021 00:55:00.076,1.3625200000000002,1.3623500000000002,1,1.12
19.08.2021 00:55:00.577,1.36251,1.36234,1,1.5
19.08.2021 00:55:00.729,1.3625200000000002,1.36234,1,1.5
19.08.2021 00:55:02.130,1.36251,1.36234,1,1.5
19.08.2021 00:55:02.941,1.36248,1.36233,1,1
19.08.2021 00:55:03.042,1.36248,1.36234,1,1
19.08.2021 00:55:04.005,1.36249,1.36233,1,1
19.08.2021 00:55:11.218,1.36247,1.3623200000000002,1,1.12
19.08.2021 00:55:11.269,1.36243,1.3623,1,1
19.08.2021 00:55:11.320,1.3624200000000002,1.3623,1,1
19.08.2021 00:55:11.371,1.36243,1.36227,1,1
19.08.2021 00:55:11.572,1.36243,1.3622400000000001,1,1.5
19.08.2021 00:55:12.261,1.36243,1.3622400000000001,1,1.12
19.08.2021 00:55:13.352,1.36243,1.36225,1,1
19.08.2021 00:55:15.409,1.3624100000000001,1.36225,1,1.12
19.08.2021 00:55:15.561,1.3624200000000002,1.36225,1,1.12
19.08.2021 00:55:19.428,1.36243,1.36227,1,1
19.08.2021 00:55:26.841,1.36243,1.36225,1,1.12
19.08.2021 00:55:26.891,1.3624100000000001,1.3622400000000001,1,1.12
19.08.2021 00:55:26.992,1.3624,1.3622200000000002,1,5
19.08.2021 00:55:27.093,1.3624100000000001,1.3622100000000001,1,2.62
19.08.2021 00:55:27.195,1.36239,1.3622100000000001,1,2.62
19.08.2021 00:55:27.723,1.36239,1.3622,1,1
19.08.2021 00:55:34.794,1.36238,1.3622,1,1
19.08.2021 00:55:36.775,1.36237,1.3622,1,1.12
19.08.2021 00:55:44.501,1.36238,1.3622200000000002,1,1
19.08.2021 00:55:45.460,1.3624,1.3622200000000002,1,1
19.08.2021 00:55:46.418,1.36239,1.3622100000000001,1,1.12
19.08.2021 00:55:46.522,1.3624,1.3622200000000002,1,1
19.08.2021 00:55:47.616,1.36239,1.3622100000000001,1,1.12
19.08.2021 00:55:50.483,1.3624100000000001,1.36223,1,1
19.08.2021 00:55:51.536,1.3624200000000002,1.3622400000000001,1,1
19.08.2021 00:55:52.231,1.36243,1.3622400000000001,1,1
19.08.2021 00:55:53.971,1.3624100000000001,1.3622400000000001,1,1
19.08.2021 00:55:54.250,1.3624100000000001,1.3622400000000001,1,1.5
19.08.2021 00:55:54.431,1.36243,1.36225,1,1
19.08.2021 00:56:00.457,1.36243,1.36227,1,1
19.08.2021 00:56:01.859,1.3624500000000002,1.36229,1,1
19.08.2021 00:56:02.204,1.36247,1.36229,1,1
19.08.2021 00:56:02.646,1.36247,1.3623,1,1
19.08.2021 00:56:03.144,1.36246,1.36228,1,1
19.08.2021 00:56:03.195,1.36247,1.3623,1,1
19.08.2021 00:56:03.321,1.3624500000000002,1.36229,1,1
19.08.2021 00:56:03.422,1.36247,1.36229,1,1
19.08.2021 00:56:03.573,1.36248,1.36229,1,1
19.08.2021 00:56:10.028,1.36247,1.36228,1,1
19.08.2021 00:56:17.126,1.36247,1.36229,1,1
19.08.2021 00:56:17.227,1.36244,1.36229,1,1
19.08.2021 00:56:17.379,1.36243,1.36226,1,2.45
19.08.2021 00:56:18.450,1.36243,1.36226,1,1.5
19.08.2021 00:56:26.475,1.3624200000000002,1.36227,1,3.12
19.08.2021 00:56:27.521,1.36243,1.36226,1,2.62
19.08.2021 00:56:30.809,1.3624200000000002,1.36226,1,1.12
19.08.2021 00:56:32.068,1.3624200000000002,1.36225,1,1
19.08.2021 00:56:33.177,1.3624100000000001,1.36226,1,1.5
19.08.2021 00:56:34.168,1.3624200000000002,1.36225,1,1.87
19.08.2021 00:56:46.340,1.3624200000000002,1.36225,1,2
19.08.2021 00:56:47.337,1.3624200000000002,1.36225,1,1.87
19.08.2021 00:57:13.659,1.36238,1.3622200000000002,1,1.87
19.08.2021 00:57:13.760,1.36234,1.36219,1,1.5
19.08.2021 00:57:13.861,1.36234,1.36218,1,1
19.08.2021 00:57:13.963,1.36233,1.36217,1,1
19.08.2021 00:57:14.116,1.36233,1.3621400000000001,1,1
19.08.2021 00:57:14.167,1.36228,1.36213,1,1.5
19.08.2021 00:57:14.318,1.36228,1.3621200000000002,1,1.5
19.08.2021 00:57:15.055,1.36225,1.3621100000000002,1,1
19.08.2021 00:57:15.907,1.36228,1.3621200000000002,1,1
19.08.2021 00:57:17.233,1.3623,1.3621100000000002,1,1
19.08.2021 00:57:17.797,1.36229,1.3621400000000001,1,1
19.08.2021 00:57:20.123,1.3623100000000001,1.36216,1,1
19.08.2021 00:57:21.658,1.36233,1.36216,1,1
19.08.2021 00:57:24.651,1.3623200000000002,1.36215,1,1
19.08.2021 00:57:24.763,1.36233,1.36216,1,1
19.08.2021 00:57:26.022,1.3623200000000002,1.36216,1,1
19.08.2021 00:57:27.102,1.3623200000000002,1.36215,1,1
19.08.2021 00:57:30.042,1.36229,1.36215,1,1
19.08.2021 00:57:30.092,1.3623,1.3621400000000001,1.5,1
19.08.2021 00:57:30.143,1.36227,1.3621,1,1.5
19.08.2021 00:57:30.194,1.36226,1.36209,1,1.87
19.08.2021 00:57:30.497,1.36226,1.3621100000000002,1,1
19.08.2021 00:57:30.598,1.36228,1.3621100000000002,1,1
19.08.2021 00:57:31.148,1.3623,1.36213,1,1
19.08.2021 00:57:34.761,1.3623100000000001,1.3621400000000001,1,1
19.08.2021 00:57:37.618,1.3623200000000002,1.3621400000000001,1.5,1
19.08.2021 00:57:45.338,1.3623100000000001,1.3621400000000001,1,1
19.08.2021 00:57:45.440,1.3623,1.36213,1,1
19.08.2021 00:57:45.710,1.3623100000000001,1.3621400000000001,1,1
19.08.2021 00:57:53.488,1.3623,1.36215,2.37,1
19.08.2021 00:57:53.538,1.36226,1.3621100000000002,1,1.5
19.08.2021 00:57:53.589,1.3623,1.36213,1.12,1
19.08.2021 00:57:54.575,1.3623,1.36215,1.12,1
19.08.2021 00:58:01.114,1.36234,1.36218,1.12,1
19.08.2021 00:58:01.215,1.36234,1.3622,1,1.12
19.08.2021 00:58:01.316,1.3623500000000002,1.3622100000000001,1,1
19.08.2021 00:58:01.417,1.36237,1.36223,1,1
19.08.2021 00:58:01.518,1.3624,1.36223,1,1
19.08.2021 00:58:01.569,1.3624100000000001,1.36226,1,1
19.08.2021 00:58:01.831,1.3624200000000002,1.36227,1,1
19.08.2021 00:58:02.032,1.36244,1.36227,1,1
19.08.2021 00:58:07.882,1.36246,1.36229,1,1
19.08.2021 00:58:08.084,1.36247,1.3623,1,1
19.08.2021 00:58:08.506,1.36243,1.36229,1,1
19.08.2021 00:58:08.607,1.3624100000000001,1.36227,1,1
19.08.2021 00:58:21.896,1.3624,1.36225,1,1.5
19.08.2021 00:58:30.384,1.3624,1.36225,1,2
19.08.2021 00:58:30.485,1.3624200000000002,1.36225,1,1.12
19.08.2021 00:58:31.415,1.3624100000000001,1.36226,1,1.5
19.08.2021 00:58:32.538,1.3624100000000001,1.3622400000000001,1,2.07
19.08.2021 00:58:42.437,1.3624,1.36225,1,2.07
19.08.2021 00:58:48.494,1.3624100000000001,1.3622400000000001,1,1.6
19.08.2021 00:58:51.551,1.3624,1.36226,1,1.5
19.08.2021 00:59:01.175,1.3624100000000001,1.36226,1,2
19.08.2021 00:59:03.493,1.3624200000000002,1.3623100000000001,1,1.5
19.08.2021 00:59:03.543,1.36246,1.36233,1,1
19.08.2021 00:59:03.644,1.36249,1.3623200000000002,1,2
19.08.2021 00:59:18.974,1.36248,1.36234,1,1.5
19.08.2021 00:59:19.539,1.36249,1.36233,1,1.5
19.08.2021 00:59:28.933,1.36247,1.36233,1.5,1
19.08.2021 00:59:28.984,1.3624200000000002,1.3623,1,1.87
19.08.2021 00:59:29.085,1.3624100000000001,1.36226,1,1.5
19.08.2021 00:59:29.240,1.3624100000000001,1.36226,1,1
19.08.2021 00:59:29.814,1.36239,1.36225,1,1
19.08.2021 00:59:29.864,1.36238,1.3622100000000001,1,1.5
19.08.2021 00:59:30.013,1.36237,1.3622200000000002,1,1.5
19.08.2021 00:59:30.114,1.36237,1.3622,1,1
19.08.2021 00:59:30.446,1.36234,1.36219,1,2.25
19.08.2021 00:59:30.699,1.3623500000000002,1.36219,1,1
19.08.2021 00:59:32.725,1.3623500000000002,1.36218,1,1
19.08.2021 00:59:32.848,1.36233,1.36218,1,1
19.08.2021 00:59:35.091,1.36234,1.36219,1,1
19.08.2021 00:59:40.120,1.36237,1.3622200000000002,1,1
19.08.2021 00:59:40.226,1.36237,1.36223,1,1
19.08.2021 00:59:41.623,1.36238,1.3622400000000001,1,1
19.08.2021 00:59:42.306,1.3624,1.36226,1,1
19.08.2021 00:59:42.407,1.3624100000000001,1.36227,1,1
19.08.2021 00:59:43.214,1.36244,1.36228,1,1
19.08.2021 00:59:44.198,1.36239,1.36226,1.5,1
19.08.2021 00:59:44.249,1.36239,1.36223,1,1
19.08.2021 00:59:44.350,1.36243,1.36226,1,1
19.08.2021 00:59:49.298,1.36238,1.36227,1,1
19.08.2021 00:59:49.349,1.3624200000000002,1.36225,1.12,1
19.08.2021 00:59:58.412,1.36238,1.36226,1.69,1
19.08.2021 00:59:58.463,1.36237,1.3622200000000002,1,1.12
19.08.2021 00:59:58.665,1.36239,1.3622400000000001,1,1
19.08.2021 00:59:58.766,1.3624200000000002,1.36225,1,1
19.08.2021 01:00:00.196,1.3624,1.36225,1,1
19.08.2021 01:00:05.037,1.3624200000000002,1.36225,1,1
19.08.2021 01:00:05.416,1.36239,1.3622400000000001,1,1.1
19.08.2021 01:00:07.894,1.36239,1.3622100000000001,1.5,2.32
19.08.2021 01:00:07.995,1.3623500000000002,1.3622,1,1
19.08.2021 01:00:08.394,1.36234,1.36219,1,1.87
19.08.2021 01:00:13.705,1.36233,1.36218,1,1
19.08.2021 01:00:14.520,1.3623200000000002,1.36217,1,1.1
19.08.2021 01:00:18.434,1.36234,1.36219,1,1
19.08.2021 01:00:20.437,1.36236,1.36219,1,1
19.08.2021 01:00:23.638,1.3623500000000002,1.3622,1.5,1.12
19.08.2021 01:00:24.843,1.36236,1.3622100000000001,1,1.5
19.08.2021 01:00:24.944,1.36239,1.3622200000000002,2,1.12
19.08.2021 01:00:25.146,1.36238,1.36223,1.5,1.5
19.08.2021 01:00:25.679,1.36239,1.3622200000000002,1.5,1.12
19.08.2021 01:00:37.944,1.36239,1.36223,1.5,1
19.08.2021 01:00:38.048,1.36238,1.36223,1.5,1.12
19.08.2021 01:00:38.148,1.3623500000000002,1.36219,1,1.5
19.08.2021 01:00:38.250,1.36233,1.36216,1,1.12
19.08.2021 01:00:38.350,1.3623,1.36213,1,1.5
19.08.2021 01:00:38.451,1.36228,1.36213,1,1
19.08.2021 01:00:38.757,1.36228,1.3621100000000002,1,1
19.08.2021 01:00:46.014,1.36229,1.3621200000000002,1,1.75
19.08.2021 01:00:46.115,1.3623100000000001,1.3621400000000001,1,1
19.08.2021 01:00:46.417,1.36229,1.3621400000000001,1,1
19.08.2021 01:00:46.468,1.36228,1.3621100000000002,1,1
19.08.2021 01:00:46.569,1.36229,1.3621200000000002,1,1
19.08.2021 01:00:51.994,1.36229,1.3621400000000001,1,1
19.08.2021 01:00:52.095,1.3623100000000001,1.3621400000000001,1,1
19.08.2021 01:00:53.190,1.3623,1.36213,1,1
19.08.2021 01:00:55.069,1.3623,1.36213,1,2
19.08.2021 01:00:55.170,1.3623,1.36215,1,1.12
19.08.2021 01:00:55.666,1.36233,1.36216,1,1
19.08.2021 01:01:12.421,1.36228,1.36213,1,1.1
19.08.2021 01:01:14.463,1.3623,1.36215,1.12,1
19.08.2021 01:01:14.765,1.3623200000000002,1.36217,1.62,1
19.08.2021 01:01:14.914,1.36233,1.36216,1,1
19.08.2021 01:01:22.329,1.3623200000000002,1.36217,1,1.1
19.08.2021 01:01:22.430,1.36234,1.36217,1,1.22
19.08.2021 01:01:23.074,1.3623500000000002,1.36218,1,1.1
19.08.2021 01:01:27.630,1.36233,1.36218,1,1
19.08.2021 01:01:47.610,1.36233,1.36218,1.12,1.5
19.08.2021 01:01:48.614,1.36234,1.36217,1.12,1.12
19.08.2021 01:01:51.660,1.36233,1.36218,1.12,1.5
19.08.2021 01:01:52.463,1.3623500000000002,1.36218,1.12,1.5
19.08.2021 01:01:52.576,1.36236,1.36219,2,1
19.08.2021 01:01:53.867,1.3623500000000002,1.3622,1.87,1
19.08.2021 01:01:57.530,1.3623500000000002,1.3622100000000001,1.87,1.25
19.08.2021 01:02:03.223,1.36234,1.36218,1,1.12
19.08.2021 01:02:03.325,1.36234,1.36217,1.12,1
19.08.2021 01:02:08.249,1.36234,1.36217,1.5,1
19.08.2021 01:02:14.274,1.36233,1.36218,1.12,1
19.08.2021 01:02:14.375,1.3623200000000002,1.36215,1,1
19.08.2021 01:02:14.853,1.3623100000000001,1.3621400000000001,1,1
19.08.2021 01:02:15.345,1.36229,1.36213,1,1
19.08.2021 01:02:17.523,1.36229,1.3621200000000002,1,1.5
19.08.2021 01:02:17.573,1.3623100000000001,1.3621400000000001,1,1.12
19.08.2021 01:02:19.494,1.3623,1.36215,1,1.5
19.08.2021 01:02:19.919,1.3623100000000001,1.36216,1,1.12
19.08.2021 01:02:35.719,1.36229,1.3621400000000001,1,1.1
19.08.2021 01:02:55.996,1.36227,1.3621,1,1.87
19.08.2021 01:02:56.098,1.3622200000000002,1.3621100000000002,1,1
19.08.2021 01:02:56.148,1.3622200000000002,1.36208,1,1.12
19.08.2021 01:02:59.687,1.36223,1.36205,1,1.1
19.08.2021 01:03:11.981,1.36223,1.36205,1.12,1.6
19.08.2021 01:03:14.968,1.3622200000000002,1.36206,1.12,1.6
19.08.2021 01:03:21.292,1.36223,1.36205,1.12,1.6
19.08.2021 01:03:22.295,1.3622200000000002,1.36206,1.12,1.6
19.08.2021 01:03:25.343,1.36223,1.36205,1.12,1.7
19.08.2021 01:03:31.345,1.36223,1.36205,1.12,1.7
19.08.2021 01:03:39.406,1.36223,1.36206,1.12,1
19.08.2021 01:03:44.400,1.3622200000000002,1.36208,1.5,1.12
19.08.2021 01:03:55.440,1.3622200000000002,1.36208,1.5,1.12
19.08.2021 01:04:01.463,1.3622100000000001,1.36206,1.12,1.5
19.08.2021 01:04:09.102,1.3622200000000002,1.36205,1.12,1.5
19.08.2021 01:04:15.562,1.3622200000000002,1.36205,1,1.62
19.08.2021 01:04:20.956,1.36225,1.36208,2.07,1
19.08.2021 01:04:22.140,1.36225,1.36208,1.6,1
19.08.2021 01:04:26.573,1.3622400000000001,1.36209,1.6,1
19.08.2021 01:04:27.593,1.3622400000000001,1.36209,1.6,1
19.08.2021 01:04:37.613,1.3622400000000001,1.36209,1.6,1
19.08.2021 01:04:39.028,1.3622400000000001,1.3620700000000001,1.5,1.12
19.08.2021 01:04:40.134,1.3622100000000001,1.36208,1,1.5
19.08.2021 01:04:45.073,1.3622200000000002,1.36208,1,1
19.08.2021 01:04:45.476,1.3622100000000001,1.36208,1,1.5
19.08.2021 01:04:45.711,1.3622200000000002,1.36206,1,1.5
19.08.2021 01:04:45.988,1.36223,1.36206,1.87,1.12
19.08.2021 01:04:46.686,1.36223,1.36206,2,1.5
19.08.2021 01:04:54.665,1.3622200000000002,1.3620700000000001,2,1.12
19.08.2021 01:05:00.312,1.36223,1.36206,2,1
19.08.2021 01:05:00.363,1.36217,1.3620200000000002,1.87,1
19.08.2021 01:05:00.463,1.36216,1.362,1.5,1.5
19.08.2021 01:05:00.616,1.36215,1.36198,1.12,1
19.08.2021 01:05:00.716,1.36217,1.36198,3,1
19.08.2021 01:05:00.817,1.36216,1.36198,1,1
19.08.2021 01:05:01.612,1.36216,1.36199,1.12,1
19.08.2021 01:05:03.048,1.36218,1.362,1,1
19.08.2021 01:05:03.098,1.3622,1.3620100000000002,5.25,1
19.08.2021 01:05:08.524,1.36218,1.3620100000000002,1,1.12
19.08.2021 01:05:09.107,1.36216,1.3620100000000002,1,1
19.08.2021 01:05:09.208,1.3621400000000001,1.3619700000000001,1,1.5
19.08.2021 01:05:09.346,1.3621400000000001,1.3619700000000001,1,1.5
19.08.2021 01:05:09.726,1.36215,1.362,2.25,1
19.08.2021 01:05:11.774,1.36217,1.362,1,1.12
19.08.2021 01:05:19.791,1.36219,1.3620200000000002,1.5,1
19.08.2021 01:05:19.892,1.36219,1.36203,2.25,1
19.08.2021 01:05:20.961,1.3622,1.36203,1.5,1
19.08.2021 01:05:21.544,1.3622100000000001,1.3620400000000001,1,1
19.08.2021 01:05:22.074,1.36223,1.3620400000000001,1.5,1
19.08.2021 01:05:25.970,1.3622200000000002,1.36205,1,1
19.08.2021 01:05:27.425,1.3622200000000002,1.36206,1,1
19.08.2021 01:05:46.301,1.3622200000000002,1.36205,1,1
19.08.2021 01:05:46.352,1.36219,1.36203,1,1.12
19.08.2021 01:05:49.961,1.3622,1.3620200000000002,1,1.5
19.08.2021 01:05:50.557,1.36219,1.36203,1,1.12
19.08.2021 01:05:51.185,1.3622,1.3620200000000002,1,1.5
19.08.2021 01:05:52.212,1.3622,1.3620200000000002,1,1.12
19.08.2021 01:05:52.359,1.36219,1.36203,1,1.5
19.08.2021 01:05:55.016,1.36219,1.36203,1,1.12
19.08.2021 01:05:59.762,1.36219,1.36203,1,1.5
19.08.2021 01:06:00.179,1.3622,1.36205,1,1
19.08.2021 01:06:21.948,1.3622100000000001,1.36206,2,1.12
19.08.2021 01:06:21.998,1.3622200000000002,1.36208,1.5,1
19.08.2021 01:06:22.049,1.36225,1.3621,1.12,1
19.08.2021 01:06:22.100,1.36227,1.3621200000000002,1.5,1
19.08.2021 01:06:22.201,1.3623,1.3621400000000001,1,1
19.08.2021 01:06:22.302,1.3623200000000002,1.3621400000000001,1.87,1
19.08.2021 01:06:22.403,1.36234,1.3621400000000001,1.62,1
19.08.2021 01:06:22.691,1.36236,1.36216,1.5,1
19.08.2021 01:06:22.742,1.3623500000000002,1.36217,1.12,1
19.08.2021 01:06:22.842,1.36237,1.36219,1.62,1
19.08.2021 01:06:23.164,1.36237,1.36219,1,1
19.08.2021 01:06:23.216,1.3624,1.3622100000000001,1.62,1
19.08.2021 01:06:23.367,1.3624100000000001,1.3622100000000001,1.57,1
19.08.2021 01:06:23.468,1.3624100000000001,1.3622400000000001,1.57,1
19.08.2021 01:06:25.916,1.36239,1.36223,1,1
19.08.2021 01:06:26.534,1.3624,1.36223,1.95,1
19.08.2021 01:06:28.022,1.36239,1.3622200000000002,1,1
19.08.2021 01:06:30.913,1.36237,1.3622,1,1
19.08.2021 01:06:31.014,1.36239,1.3622200000000002,1,1
19.08.2021 01:06:33.705,1.36239,1.3622200000000002,1.6,1
19.08.2021 01:06:33.913,1.36236,1.3622100000000001,1,1
19.08.2021 01:06:37.370,1.36239,1.3622100000000001,1,1
19.08.2021 01:06:39.441,1.36237,1.3622200000000002,1,1
19.08.2021 01:06:39.592,1.36236,1.36219,1.1,1
19.08.2021 01:06:39.693,1.36236,1.36218,1.6,1
19.08.2021 01:06:39.844,1.36233,1.36217,1,1
19.08.2021 01:06:39.995,1.3623,1.36213,1.5,1.5
19.08.2021 01:06:40.096,1.36229,1.3621400000000001,1.5,1
19.08.2021 01:06:40.197,1.36228,1.3621100000000002,1,1
19.08.2021 01:06:42.346,1.36226,1.36209,1,1
19.08.2021 01:06:44.725,1.36228,1.3621,1.5,1
19.08.2021 01:06:44.876,1.36229,1.3621,2.7,1
19.08.2021 01:06:45.851,1.36227,1.3621200000000002,1,1
19.08.2021 01:06:55.981,1.36226,1.3621200000000002,1,1
19.08.2021 01:06:56.086,1.36228,1.3621100000000002,1,1
19.08.2021 01:06:56.137,1.36226,1.36209,1,1
19.08.2021 01:06:56.305,1.36227,1.3621100000000002,1,1
19.08.2021 01:06:56.456,1.36229,1.3621,1.1,1
19.08.2021 01:06:56.557,1.36227,1.3621100000000002,1,1
19.08.2021 01:06:56.607,1.36225,1.3621,1,1
19.08.2021 01:06:57.795,1.36227,1.3621,1,1
19.08.2021 01:07:02.992,1.36225,1.3621,1,1
19.08.2021 01:07:03.506,1.36223,1.36208,1,1
19.08.2021 01:07:09.235,1.36225,1.36208,1.5,1
19.08.2021 01:07:09.613,1.36226,1.36208,1,1
19.08.2021 01:07:14.238,1.3622200000000002,1.3620700000000001,1,1.12
19.08.2021 01:07:14.452,1.36225,1.36208,1,1
19.08.2021 01:07:16.993,1.3622100000000001,1.36203,1,1.5
19.08.2021 01:07:17.529,1.3622,1.3620400000000001,1,1.12
19.08.2021 01:07:17.680,1.36218,1.36203,1,1.12
19.08.2021 01:07:30.366,1.36218,1.3620200000000002,1,1
19.08.2021 01:07:30.467,1.36216,1.362,1,1.12
19.08.2021 01:07:30.569,1.36215,1.36198,1,1.12
19.08.2021 01:07:31.052,1.36215,1.36198,1.6,1
19.08.2021 01:07:32.023,1.36215,1.36198,1.2,1
19.08.2021 01:07:32.927,1.36213,1.36195,1,1.12
19.08.2021 01:07:47.892,1.36213,1.36198,1.12,1
19.08.2021 01:07:48.278,1.36213,1.36196,1,1
19.08.2021 01:07:49.313,1.3621400000000001,1.3619700000000001,1.87,1
19.08.2021 01:07:52.093,1.36216,1.3619700000000001,2.25,1
19.08.2021 01:07:52.194,1.36215,1.3620100000000002,1.5,1
19.08.2021 01:07:52.295,1.36217,1.3620100000000002,2.25,1
19.08.2021 01:08:05.214,1.36218,1.3620100000000002,1,1
19.08.2021 01:08:11.864,1.36219,1.3620100000000002,1,1
19.08.2021 01:08:12.449,1.3622,1.3620100000000002,1,1
19.08.2021 01:08:18.464,1.36219,1.36203,1,1
19.08.2021 01:08:19.843,1.36219,1.3620200000000002,1,1
19.08.2021 01:08:19.944,1.36219,1.3620100000000002,1,1
19.08.2021 01:08:22.119,1.36216,1.3620100000000002,1,1
19.08.2021 01:08:22.220,1.36215,1.362,1,1
19.08.2021 01:08:23.632,1.36218,1.3620100000000002,1.5,1
19.08.2021 01:08:28.286,1.36219,1.3620200000000002,1,1
19.08.2021 01:08:28.390,1.36217,1.3620200000000002,1,1
19.08.2021 01:08:35.645,1.36216,1.3620100000000002,1,1
19.08.2021 01:08:35.696,1.36215,1.362,1.5,1
19.08.2021 01:08:35.797,1.3621400000000001,1.36199,1,1
19.08.2021 01:08:41.882,1.36217,1.362,1.5,1
19.08.2021 01:08:41.983,1.36216,1.36203,1.5,1
19.08.2021 01:08:42.085,1.36215,1.3620400000000001,1,1
19.08.2021 01:08:43.249,1.36218,1.3620400000000001,1,1
19.08.2021 01:08:54.434,1.36218,1.36206,1,1
19.08.2021 01:08:54.758,1.36218,1.3620700000000001,1,1
19.08.2021 01:08:54.809,1.36223,1.3620700000000001,1.12,1
19.08.2021 01:08:55.658,1.36225,1.3620700000000001,1.12,1
19.08.2021 01:08:57.322,1.36225,1.36209,1.62,1
19.08.2021 01:08:57.897,1.36225,1.3621,1,1
19.08.2021 01:08:57.948,1.36228,1.36209,1.12,1
19.08.2021 01:08:57.999,1.36227,1.3621200000000002,1.12,1
19.08.2021 01:08:58.545,1.3623100000000001,1.3621200000000002,1.62,1
19.08.2021 01:08:58.697,1.3623100000000001,1.3621200000000002,1.62,1
19.08.2021 01:08:58.950,1.3623100000000001,1.36213,1,1
19.08.2021 01:09:06.720,1.3623200000000002,1.36213,1.12,1
19.08.2021 01:09:08.146,1.36229,1.3621400000000001,1,1
19.08.2021 01:09:12.610,1.3623200000000002,1.36215,1.5,1
19.08.2021 01:09:14.818,1.36234,1.36215,3.12,1
19.08.2021 01:09:15.454,1.3623200000000002,1.3621400000000001,1,1
19.08.2021 01:09:20.615,1.36233,1.36215,1.5,1
19.08.2021 01:09:25.667,1.36234,1.36219,1.5,1
19.08.2021 01:09:25.768,1.36236,1.3622,2.75,1
19.08.2021 01:09:26.120,1.3623500000000002,1.36218,1,1
19.08.2021 01:09:27.617,1.36237,1.36219,3,1
19.08.2021 01:09:27.947,1.36238,1.3622,1.87,1
19.08.2021 01:09:28.048,1.36237,1.3622200000000002,1.5,1
19.08.2021 01:09:28.099,1.36238,1.3622400000000001,1.5,1
19.08.2021 01:09:28.200,1.36239,1.3622400000000001,2.25,1
19.08.2021 01:09:28.301,1.3624,1.3622200000000002,2.25,1
19.08.2021 01:09:31.125,1.36238,1.3622100000000001,1,1
19.08.2021 01:09:31.277,1.36237,1.3622200000000002,2.72,1
19.08.2021 01:09:31.378,1.36234,1.36219,1,1
19.08.2021 01:09:31.781,1.36233,1.36218,1,1
19.08.2021 01:09:33.762,1.36233,1.36218,3.57,1
19.08.2021 01:09:45.895,1.36234,1.36218,2.75,1
19.08.2021 01:09:46.149,1.36233,1.36216,2.25,1
19.08.2021 01:09:46.199,1.3623,1.36215,1.1,1
19.08.2021 01:09:46.300,1.3623,1.3621200000000002,1.57,1
19.08.2021 01:09:46.451,1.36226,1.3621100000000002,1,1.12
19.08.2021 01:09:46.552,1.3623,1.36213,2.62,1
19.08.2021 01:09:46.653,1.36227,1.3621200000000002,1,1
19.08.2021 01:09:54.410,1.36228,1.3621200000000002,1,1
19.08.2021 01:10:03.471,1.36228,1.3621100000000002,1,1
19.08.2021 01:10:10.288,1.36229,1.3621200000000002,1.5,1
19.08.2021 01:10:13.747,1.36227,1.3621200000000002,1,1
19.08.2021 01:10:14.216,1.36229,1.3621100000000002,2.25,1
19.08.2021 01:10:14.346,1.36226,1.3621100000000002,1,1
19.08.2021 01:10:14.923,1.36228,1.3621200000000002,3.07,1
19.08.2021 01:10:24.111,1.36226,1.36209,1,1
19.08.2021 01:10:25.478,1.36228,1.3621100000000002,1.5,1
19.08.2021 01:10:25.811,1.36225,1.3621,1,1
19.08.2021 01:10:26.130,1.36227,1.3621,2.25,1
19.08.2021 01:10:26.231,1.36228,1.3621200000000002,2.62,1
19.08.2021 01:10:26.623,1.36227,1.3621200000000002,1.5,1
19.08.2021 01:10:29.537,1.36228,1.3621200000000002,2.25,1
19.08.2021 01:10:30.331,1.3623100000000001,1.36213,3.12,1
19.08.2021 01:10:31.102,1.3623100000000001,1.36213,2.62,1
19.08.2021 01:10:31.276,1.3623100000000001,1.3621400000000001,2.25,1
19.08.2021 01:10:31.913,1.3623200000000002,1.36216,2.62,1
19.08.2021 01:10:32.218,1.36234,1.36217,2.37,1
19.08.2021 01:10:32.697,1.36234,1.36218,1.7,1
19.08.2021 01:10:36.141,1.3623500000000002,1.36217,3,1
19.08.2021 01:10:37.872,1.3623500000000002,1.36218,1.5,1
19.08.2021 01:10:38.073,1.36236,1.36218,2.25,1
19.08.2021 01:10:38.177,1.3623500000000002,1.3622,1.5,1
19.08.2021 01:10:38.395,1.36237,1.36219,2.62,1
19.08.2021 01:10:39.302,1.36237,1.3622100000000001,2,1
19.08.2021 01:10:39.403,1.36239,1.3622,3.75,1
19.08.2021 01:10:39.655,1.36238,1.36223,2.25,1
19.08.2021 01:10:39.756,1.36239,1.3622400000000001,1.87,1
19.08.2021 01:10:42.354,1.36238,1.3622400000000001,1.5,1
19.08.2021 01:10:42.523,1.36239,1.3622200000000002,2.25,1
19.08.2021 01:10:42.624,1.36236,1.3622100000000001,1,1
19.08.2021 01:10:54.565,1.36237,1.3622100000000001,1,1
19.08.2021 01:10:54.666,1.36236,1.36219,1.12,1
19.08.2021 01:10:54.767,1.36234,1.36217,1,1
19.08.2021 01:10:55.196,1.3623200000000002,1.36217,1,1
19.08.2021 01:10:57.559,1.3623100000000001,1.36216,1,1
19.08.2021 01:10:59.170,1.3623,1.36216,1,1
19.08.2021 01:10:59.271,1.36227,1.3621,1,2
19.08.2021 01:10:59.372,1.36226,1.3621100000000002,1,1.12
19.08.2021 01:10:59.473,1.36226,1.36209,1,1.5
19.08.2021 01:10:59.638,1.36226,1.36209,1,1.12
19.08.2021 01:11:01.792,1.36223,1.36209,1,1.12
19.08.2021 01:11:12.311,1.3622400000000001,1.3621,1,1
19.08.2021 01:11:12.362,1.36226,1.3621100000000002,1,1
19.08.2021 01:11:28.753,1.36228,1.3621100000000002,1,1
19.08.2021 01:11:36.634,1.36226,1.3621200000000002,1,1
19.08.2021 01:11:37.153,1.36227,1.3621200000000002,1,1
19.08.2021 01:11:42.734,1.36226,1.3621,1,1
19.08.2021 01:11:42.835,1.3622200000000002,1.36208,1,1.5
19.08.2021 01:11:42.986,1.3622200000000002,1.36208,1,1.12
19.08.2021 01:11:44.733,1.36225,1.36208,1,1
19.08.2021 01:11:49.992,1.36225,1.3621,1,1
19.08.2021 01:11:50.093,1.36225,1.36209,1,1
19.08.2021 01:12:01.779,1.36225,1.3621,1,1
19.08.2021 01:12:22.790,1.36227,1.3621200000000002,1,1
19.08.2021 01:12:29.839,1.36229,1.3621200000000002,1,1
19.08.2021 01:12:32.661,1.36229,1.3621400000000001,1,1
19.08.2021 01:12:32.940,1.3623200000000002,1.36215,3.12,1
19.08.2021 01:12:33.142,1.3623100000000001,1.36216,1.12,1
19.08.2021 01:12:33.469,1.36236,1.3622100000000001,1.5,1
19.08.2021 01:12:33.520,1.36237,1.3622,1.12,1
19.08.2021 01:12:40.075,1.36238,1.3622100000000001,1,1
19.08.2021 01:12:42.017,1.36236,1.3622100000000001,1,1
19.08.2021 01:12:49.313,1.36237,1.3622200000000002,1.12,1
19.08.2021 01:12:51.617,1.36238,1.36223,1,1
19.08.2021 01:12:54.575,1.3624,1.36225,2.62,1
19.08.2021 01:12:55.467,1.3624200000000002,1.36226,1.5,1
19.08.2021 01:12:55.668,1.3624200000000002,1.36225,2,1
19.08.2021 01:12:56.396,1.3624200000000002,1.36225,1.5,1
19.08.2021 01:12:58.151,1.36243,1.36228,1.12,1
19.08.2021 01:13:09.596,1.3624500000000002,1.36228,1,1
19.08.2021 01:13:10.348,1.36247,1.3623,1,1
19.08.2021 01:13:10.449,1.36248,1.36233,1,1
19.08.2021 01:13:25.253,1.36247,1.3623200000000002,1,1.12
19.08.2021 01:13:25.835,1.36247,1.3623200000000002,1,1.5
19.08.2021 01:13:26.617,1.36249,1.3623200000000002,1,1.12
19.08.2021 01:13:30.051,1.36246,1.3623200000000002,1,1
19.08.2021 01:13:45.873,1.36246,1.36229,1,1
19.08.2021 01:13:45.974,1.36243,1.36228,1,1.5
19.08.2021 01:13:46.208,1.36243,1.36228,1,1.12
19.08.2021 01:14:02.812,1.3624200000000002,1.36226,1,1
19.08.2021 01:14:03.014,1.3624,1.36223,1,1
19.08.2021 01:14:03.064,1.36237,1.36223,1,1.12
19.08.2021 01:14:03.165,1.36237,1.3622400000000001,1,1
19.08.2021 01:14:03.266,1.36237,1.36223,1,1
19.08.2021 01:14:07.938,1.36234,1.3622,1,1
19.08.2021 01:14:07.989,1.36234,1.36217,1,1
19.08.2021 01:14:18.787,1.3623500000000002,1.36217,1,1
19.08.2021 01:14:24.458,1.36234,1.36217,1,1
19.08.2021 01:14:26.290,1.3623200000000002,1.36215,1,1
19.08.2021 01:14:27.849,1.3623,1.36215,1,1
19.08.2021 01:14:28.114,1.3623,1.3621400000000001,1,1
19.08.2021 01:14:34.993,1.3623200000000002,1.36215,1,1
19.08.2021 01:14:35.094,1.36236,1.36219,1.5,1
19.08.2021 01:14:43.638,1.36237,1.3622100000000001,1,1
19.08.2021 01:14:43.689,1.3623500000000002,1.3622,1,1
19.08.2021 01:14:43.790,1.36234,1.36219,1,1
19.08.2021 01:15:02.296,1.36233,1.36216,1,1
19.08.2021 01:15:02.397,1.36227,1.3621200000000002,1,1.5
19.08.2021 01:15:02.636,1.36226,1.3621100000000002,1,1
19.08.2021 01:15:15.174,1.36229,1.3621400000000001,1,1
19.08.2021 01:15:15.426,1.3623100000000001,1.36213,1,1
19.08.2021 01:15:16.114,1.36229,1.3621200000000002,1,1
19.08.2021 01:15:20.332,1.3623100000000001,1.36213,1,1
19.08.2021 01:15:21.189,1.36228,1.3621100000000002,1,1
19.08.2021 01:15:21.491,1.36225,1.3621,1,1
19.08.2021 01:15:28.246,1.3622400000000001,1.36209,1,1
19.08.2021 01:15:29.878,1.3622400000000001,1.3620700000000001,1,1
19.08.2021 01:15:37.393,1.3622400000000001,1.36209,1,1
19.08.2021 01:15:37.831,1.36225,1.3621,1,1
19.08.2021 01:15:39.831,1.36228,1.3621,2.25,1
19.08.2021 01:15:40.467,1.36227,1.36209,1,1
19.08.2021 01:15:42.400,1.36226,1.36208,1,1
19.08.2021 01:15:44.428,1.36225,1.3620700000000001,1,1
19.08.2021 01:15:48.774,1.36226,1.36209,1,1
19.08.2021 01:15:56.200,1.3622400000000001,1.3620700000000001,1,1
19.08.2021 01:15:56.312,1.3622200000000002,1.3620700000000001,1,1
19.08.2021 01:15:56.413,1.3622200000000002,1.36205,1,1
19.08.2021 01:15:58.626,1.36223,1.36208,1,1
19.08.2021 01:15:58.727,1.3622400000000001,1.36209,1,1
19.08.2021 01:15:58.878,1.36225,1.3620700000000001,1,1
19.08.2021 01:16:00.733,1.36226,1.36208,1,1
19.08.2021 01:16:01.283,1.36228,1.36209,1,1
19.08.2021 01:16:01.384,1.36229,1.3621200000000002,1.5,1
19.08.2021 01:16:01.535,1.36229,1.3621200000000002,1,1
19.08.2021 01:16:02.097,1.3623,1.36213,1.5,1
19.08.2021 01:16:02.249,1.3623200000000002,1.36213,1.5,1
19.08.2021 01:16:02.350,1.3623100000000001,1.36215,1.5,1
19.08.2021 01:16:02.601,1.3623100000000001,1.36215,1,1
19.08.2021 01:16:04.585,1.36233,1.36216,2,1
19.08.2021 01:16:13.486,1.3623200000000002,1.36215,1.12,1
19.08.2021 01:16:16.620,1.36234,1.36216,1.5,1
19.08.2021 01:16:16.771,1.3623500000000002,1.36219,1.5,1
19.08.2021 01:16:16.872,1.36233,1.36217,1,1
19.08.2021 01:16:17.023,1.3623500000000002,1.36217,1.5,1
19.08.2021 01:16:18.611,1.36233,1.36217,1,1
19.08.2021 01:16:19.359,1.36234,1.36215,1,1
19.08.2021 01:16:21.431,1.36233,1.36215,1,1
19.08.2021 01:16:23.542,1.3623200000000002,1.3621400000000001,1,1
19.08.2021 01:16:34.619,1.3623200000000002,1.36215,1,1
19.08.2021 01:16:34.720,1.36234,1.36216,1.12,1
19.08.2021 01:16:37.458,1.36233,1.3621400000000001,1,1
19.08.2021 01:16:37.559,1.3623200000000002,1.3621400000000001,1,1
19.08.2021 01:16:38.052,1.36233,1.36217,2,1
19.08.2021 01:16:38.308,1.36233,1.36216,2,1
19.08.2021 01:16:41.329,1.3623200000000002,1.3621400000000001,1.5,1
19.08.2021 01:16:41.668,1.36234,1.36216,1.5,1
19.08.2021 01:16:46.748,1.36233,1.36217,1.2,1
19.08.2021 01:16:52.333,1.36233,1.36216,1.2,1
19.08.2021 01:16:52.484,1.36233,1.36215,1.5,1
19.08.2021 01:16:53.652,1.3623500000000002,1.36216,1.62,1
19.08.2021 01:16:58.660,1.3623500000000002,1.36215,1.5,1
19.08.2021 01:17:02.734,1.36234,1.36217,1.12,1
19.08.2021 01:17:04.255,1.3623200000000002,1.36216,1,1
19.08.2021 01:17:06.128,1.36234,1.36217,1.62,1
19.08.2021 01:17:11.060,1.3623200000000002,1.36216,1,1
19.08.2021 01:17:11.161,1.3623100000000001,1.36215,1,1
19.08.2021 01:17:14.289,1.36233,1.36217,1.62,1
19.08.2021 01:17:15.109,1.3623200000000002,1.36216,1.12,1
19.08.2021 01:17:17.571,1.3623,1.3621400000000001,1,1
19.08.2021 01:17:23.249,1.36229,1.3621400000000001,1,1
19.08.2021 01:17:27.059,1.36228,1.3621200000000002,1,1
19.08.2021 01:17:35.675,1.36226,1.36209,1,1
19.08.2021 01:17:35.927,1.36225,1.3621,1.6,1
19.08.2021 01:17:36.051,1.36223,1.3620700000000001,1,1
19.08.2021 01:17:36.152,1.36225,1.3620700000000001,1.95,1
19.08.2021 01:17:37.746,1.3622400000000001,1.3620700000000001,1,1
19.08.2021 01:17:44.925,1.36223,1.3620700000000001,1.5,1
19.08.2021 01:17:49.264,1.36223,1.36206,1,1
19.08.2021 01:17:50.264,1.3622200000000002,1.36206,1,1
19.08.2021 01:17:50.478,1.36223,1.36206,1.5,1
19.08.2021 01:17:51.526,1.3622400000000001,1.36206,2.25,1
19.08.2021 01:17:53.457,1.3622100000000001,1.36206,1,1
19.08.2021 01:17:56.418,1.3622,1.36203,1,1.12
19.08.2021 01:18:06.398,1.36216,1.3620400000000001,1,1
19.08.2021 01:18:06.774,1.36217,1.3620100000000002,1,1
19.08.2021 01:18:11.556,1.36216,1.362,1,1.12
19.08.2021 01:18:11.657,1.36216,1.3620100000000002,1,1
19.08.2021 01:18:11.758,1.36216,1.362,1,1
19.08.2021 01:18:21.578,1.36213,1.36199,1,1.12
19.08.2021 01:18:21.679,1.36209,1.36195,1,1.62
19.08.2021 01:18:21.780,1.36209,1.36195,1,1.62
19.08.2021 01:18:21.881,1.36209,1.36195,1,1.12
19.08.2021 01:18:40.325,1.3621100000000002,1.36195,1,1
19.08.2021 01:18:41.469,1.36213,1.3619700000000001,1,1
19.08.2021 01:18:52.816,1.36215,1.36199,1,1
19.08.2021 01:19:00.078,1.36216,1.3620200000000002,1,1
19.08.2021 01:19:04.699,1.3622,1.36203,1.5,1
19.08.2021 01:19:17.625,1.36219,1.36205,1,1
19.08.2021 01:19:25.828,1.36219,1.36203,1,1
19.08.2021 01:19:30.475,1.36218,1.36205,1,1
19.08.2021 01:19:30.905,1.36218,1.3620400000000001,1,1
19.08.2021 01:20:12.045,1.36217,1.36203,1,1
19.08.2021 01:20:13.046,1.36216,1.3620100000000002,1,1
19.08.2021 01:20:13.096,1.36215,1.36199,1,1
19.08.2021 01:20:50.031,1.36216,1.3620200000000002,1,1
19.08.2021 01:21:45.405,1.36218,1.3620100000000002,1,1
19.08.2021 01:22:17.307,1.36216,1.362,1,1
19.08.2021 01:22:21.365,1.36218,1.362,1,1
19.08.2021 01:22:21.861,1.36219,1.3620200000000002,1,1
19.08.2021 01:22:35.939,1.3622,1.36203,1.5,1
19.08.2021 01:22:36.040,1.3622,1.3620100000000002,1.5,1
19.08.2021 01:22:44.214,1.36219,1.3620200000000002,2.25,1
19.08.2021 01:22:44.315,1.3622100000000001,1.3620200000000002,1.62,1
19.08.2021 01:22:44.466,1.3622100000000001,1.3620200000000002,1.62,1
19.08.2021 01:22:47.750,1.3622,1.36203,1.12,1
19.08.2021 01:22:49.743,1.3622,1.36203,1.5,1
19.08.2021 01:22:49.844,1.36219,1.3620200000000002,1.5,1
19.08.2021 01:22:50.050,1.3622,1.3620100000000002,1.62,1
19.08.2021 01:22:50.169,1.3622,1.3620100000000002,1.62,1
19.08.2021 01:22:50.869,1.36219,1.3620200000000002,1.62,1
19.08.2021 01:22:51.339,1.36218,1.3620100000000002,1.5,1
19.08.2021 01:22:53.627,1.36219,1.36203,1.62,1
19.08.2021 01:22:53.728,1.3622,1.3620200000000002,1,1
19.08.2021 01:22:56.100,1.3622,1.36205,1.12,1
19.08.2021 01:22:56.352,1.36223,1.36205,2,1
19.08.2021 01:23:04.692,1.3622200000000002,1.36206,1.12,1
19.08.2021 01:23:05.580,1.36223,1.36205,1.5,1
19.08.2021 01:23:07.002,1.36223,1.36205,1.12,1
19.08.2021 01:23:07.384,1.36223,1.36208,1.62,1
19.08.2021 01:23:10.689,1.3622400000000001,1.3620700000000001,1.12,1
19.08.2021 01:23:13.125,1.36225,1.36208,1,1
19.08.2021 01:23:13.226,1.36226,1.3621100000000002,3.5,1
19.08.2021 01:23:13.327,1.36229,1.36213,1,1
19.08.2021 01:23:13.428,1.36229,1.36213,1,1
19.08.2021 01:23:13.478,1.36229,1.3621100000000002,1,1
19.08.2021 01:23:13.579,1.36229,1.3621100000000002,1,1
19.08.2021 01:23:14.963,1.36227,1.3621200000000002,1,1
19.08.2021 01:23:16.840,1.3623,1.3621100000000002,1.5,1
19.08.2021 01:23:27.811,1.36229,1.3621400000000001,1.5,1
19.08.2021 01:23:27.912,1.36228,1.3621100000000002,1,1
19.08.2021 01:23:28.063,1.36229,1.3621,1.12,1
19.08.2021 01:23:29.328,1.36229,1.3621100000000002,1.12,1
19.08.2021 01:23:29.569,1.3623100000000001,1.36213,1.5,1
19.08.2021 01:23:29.670,1.3623100000000001,1.36218,1,1
19.08.2021 01:23:29.771,1.3623100000000001,1.36218,1,1
19.08.2021 01:23:29.872,1.3623200000000002,1.36217,1,1
19.08.2021 01:23:29.989,1.36233,1.36216,1.62,1
19.08.2021 01:23:31.091,1.3623100000000001,1.36215,1.12,1
19.08.2021 01:23:32.754,1.3623100000000001,1.36216,1.12,1
19.08.2021 01:23:33.476,1.36233,1.36216,1.62,1
19.08.2021 01:23:33.579,1.3623200000000002,1.36217,1.5,1
19.08.2021 01:23:35.529,1.36233,1.36217,1.12,1
19.08.2021 01:23:35.579,1.36234,1.36219,2.82,1
19.08.2021 01:23:35.680,1.3623500000000002,1.36218,2.75,1
19.08.2021 01:23:35.781,1.36234,1.36219,2,1
19.08.2021 01:23:39.819,1.3623500000000002,1.36218,2,1
19.08.2021 01:23:39.974,1.3623200000000002,1.36216,1.12,1
19.08.2021 01:23:41.194,1.36233,1.36217,1.5,1
19.08.2021 01:23:41.296,1.36229,1.36213,1,1
19.08.2021 01:23:41.713,1.36228,1.3621200000000002,1.5,1
19.08.2021 01:24:08.909,1.36229,1.3621400000000001,1.5,1
19.08.2021 01:24:32.831,1.3623100000000001,1.3621400000000001,1.1,1
19.08.2021 01:24:33.110,1.3623100000000001,1.36213,1.62,1
19.08.2021 01:24:38.415,1.3623,1.3621400000000001,1.12,1
19.08.2021 01:24:39.204,1.3623200000000002,1.36215,1.62,1
19.08.2021 01:24:39.380,1.3623100000000001,1.36216,1.5,1
19.08.2021 01:24:39.481,1.3623200000000002,1.36217,1,1
19.08.2021 01:24:44.110,1.3623200000000002,1.36216,1.5,1
19.08.2021 01:24:48.586,1.3623200000000002,1.36217,1.62,1
19.08.2021 01:24:48.788,1.36233,1.36216,1.5,1
19.08.2021 01:24:50.324,1.36233,1.36219,1,1
19.08.2021 01:24:51.305,1.36234,1.36219,3.87,1
19.08.2021 01:24:55.276,1.36233,1.36217,1.5,1
19.08.2021 01:24:55.377,1.36233,1.36218,1.12,1
19.08.2021 01:24:55.478,1.36233,1.36218,1.5,1
19.08.2021 01:24:55.579,1.36233,1.36218,1.5,1
19.08.2021 01:24:55.731,1.36233,1.36218,1.5,1
19.08.2021 01:24:56.980,1.36234,1.36216,1.62,1
19.08.2021 01:24:58.630,1.36234,1.36217,1.62,1
19.08.2021 01:24:59.478,1.36233,1.36216,1.12,1
19.08.2021 01:25:13.761,1.36233,1.36217,1.5,1
19.08.2021 01:25:31.425,1.36236,1.36219,1.5,1
19.08.2021 01:25:31.526,1.36236,1.36219,1.12,1
19.08.2021 01:25:32.909,1.36238,1.36219,1.5,1
19.08.2021 01:25:33.018,1.36236,1.3622100000000001,1.12,1
19.08.2021 01:25:39.193,1.36237,1.36219,1.5,1
19.08.2021 01:25:41.665,1.36237,1.36218,1.6,1
19.08.2021 01:25:47.164,1.3623500000000002,1.36217,1,1
19.08.2021 01:26:27.178,1.3623500000000002,1.36219,1.5,1
19.08.2021 01:26:28.445,1.3623500000000002,1.36219,1.12,1
19.08.2021 01:26:38.090,1.36237,1.36218,1.12,1
19.08.2021 01:26:38.191,1.36238,1.3622200000000002,1,1
19.08.2021 01:26:38.392,1.36238,1.3622200000000002,1.5,1
19.08.2021 01:26:45.169,1.36238,1.3622200000000002,1.12,1
19.08.2021 01:26:52.852,1.36239,1.36223,1.5,1
19.08.2021 01:27:00.386,1.36237,1.3622100000000001,1,1
19.08.2021 01:27:07.103,1.36236,1.36219,1,1
19.08.2021 01:27:07.419,1.36234,1.36218,1,1
19.08.2021 01:27:12.185,1.36233,1.36217,1,1
19.08.2021 01:27:13.806,1.3623200000000002,1.36217,1,1
19.08.2021 01:27:28.983,1.36234,1.36217,1.12,1
19.08.2021 01:28:08.880,1.36233,1.36217,1,1
19.08.2021 01:28:13.801,1.36233,1.36216,1,1
19.08.2021 01:28:14.202,1.3623100000000001,1.36216,1,1
19.08.2021 01:28:44.096,1.36229,1.36216,1,1
19.08.2021 01:28:49.938,1.3623100000000001,1.36216,1.12,1
19.08.2021 01:28:50.039,1.3623,1.3621400000000001,1.12,1
19.08.2021 01:28:50.089,1.36226,1.3621100000000002,1,1.12
19.08.2021 01:28:50.190,1.36227,1.3621200000000002,1,1
19.08.2021 01:28:50.291,1.36226,1.3621100000000002,1,1
19.08.2021 01:28:50.603,1.36228,1.3621100000000002,1.12,1
19.08.2021 01:28:58.204,1.3623,1.36213,1.5,1
19.08.2021 01:28:58.453,1.36229,1.3621400000000001,1.12,1
19.08.2021 01:29:00.469,1.3623100000000001,1.3621400000000001,1.5,1
19.08.2021 01:29:03.846,1.3623100000000001,1.3621400000000001,1.12,1
19.08.2021 01:29:06.543,1.36228,1.3621400000000001,1,1
19.08.2021 01:29:12.961,1.3623,1.36215,1,1
19.08.2021 01:29:22.108,1.3623100000000001,1.36217,1.12,1
19.08.2021 01:29:22.209,1.3623,1.36216,1,1
19.08.2021 01:30:00.509,1.3623,1.36213,1,1
19.08.2021 01:30:00.811,1.36229,1.3621200000000002,1,1
19.08.2021 01:30:00.912,1.36226,1.36209,1,1
19.08.2021 01:30:01.335,1.36223,1.36209,1,1
19.08.2021 01:30:01.444,1.36223,1.3620700000000001,1,1
19.08.2021 01:30:01.545,1.3622100000000001,1.3620700000000001,1,1
19.08.2021 01:30:04.690,1.36223,1.3620700000000001,1,1
19.08.2021 01:30:05.117,1.3622,1.36206,1,1
19.08.2021 01:30:05.655,1.3622,1.36205,1,1
19.08.2021 01:30:06.212,1.3622,1.36203,1,1
19.08.2021 01:30:07.470,1.36219,1.3620200000000002,1,1
19.08.2021 01:30:18.159,1.36216,1.3620200000000002,1,1
19.08.2021 01:30:25.866,1.36217,1.36203,1,1
19.08.2021 01:30:26.917,1.36219,1.36205,1,1
19.08.2021 01:31:03.533,1.3622,1.36205,1,1
19.08.2021 01:31:03.918,1.3622100000000001,1.36205,1,1
19.08.2021 01:31:04.019,1.3622200000000002,1.36205,1,1
19.08.2021 01:31:13.361,1.36219,1.36205,1,1
19.08.2021 01:31:13.462,1.36218,1.3620200000000002,1,1
19.08.2021 01:31:20.857,1.36216,1.3620200000000002,1,1
19.08.2021 01:33:00.075,1.36213,1.36199,1,1
19.08.2021 01:33:00.176,1.36209,1.36196,1,2
19.08.2021 01:33:00.227,1.36209,1.36195,1,1
19.08.2021 01:33:00.278,1.36206,1.36193,1,1
19.08.2021 01:33:00.379,1.36206,1.3619200000000002,1,1
19.08.2021 01:33:00.480,1.36205,1.36189,1,1
19.08.2021 01:33:02.575,1.36203,1.3618700000000001,1,1
19.08.2021 01:33:02.777,1.362,1.36186,1,1
19.08.2021 01:33:02.878,1.362,1.36184,1,1
19.08.2021 01:33:07.327,1.3620200000000002,1.36186,1,1
19.08.2021 01:33:07.428,1.3620100000000002,1.36189,1,1
19.08.2021 01:33:07.478,1.36203,1.36189,1,1
19.08.2021 01:33:10.999,1.3620400000000001,1.3619100000000002,1,1
19.08.2021 01:33:11.050,1.3620700000000001,1.36193,1.12,1
19.08.2021 01:33:11.262,1.36209,1.36193,1,1
19.08.2021 01:33:23.920,1.36206,1.3619200000000002,1,1
19.08.2021 01:33:26.004,1.36205,1.3619,1,1
19.08.2021 01:33:26.055,1.36206,1.3619200000000002,1,1
19.08.2021 01:33:26.313,1.3620700000000001,1.3619,1,1
19.08.2021 01:33:27.319,1.3620700000000001,1.3619200000000002,1,1
19.08.2021 01:33:52.895,1.3620400000000001,1.3619,1,1
19.08.2021 01:33:53.393,1.36203,1.36189,1,1
19.08.2021 01:33:53.544,1.36205,1.3619,1,1
19.08.2021 01:33:53.695,1.36203,1.36189,1,1
19.08.2021 01:33:53.796,1.3620200000000002,1.36188,1,1
19.08.2021 01:34:41.519,1.3620200000000002,1.36186,1,1
19.08.2021 01:34:41.679,1.36199,1.36185,1,1
19.08.2021 01:34:41.780,1.36198,1.36182,1,1
19.08.2021 01:35:07.728,1.36196,1.36182,1,1
19.08.2021 01:35:43.049,1.3619700000000001,1.3618100000000002,2,1
19.08.2021 01:35:46.315,1.3619700000000001,1.3618100000000002,1,1
19.08.2021 01:35:46.366,1.36196,1.36179,1,1
19.08.2021 01:35:50.829,1.36196,1.3618100000000002,1,1
19.08.2021 01:35:51.542,1.36198,1.3618100000000002,1,1
19.08.2021 01:36:00.368,1.36199,1.36184,1,1
19.08.2021 01:36:00.469,1.362,1.36185,1,1
19.08.2021 01:36:00.570,1.3620200000000002,1.3618700000000001,1,1
19.08.2021 01:36:22.439,1.36206,1.36189,1,1
19.08.2021 01:36:22.540,1.36206,1.3619100000000002,1.5,1
19.08.2021 01:36:41.335,1.36206,1.36193,1,1.12
19.08.2021 01:36:41.436,1.3621,1.36194,1,1.12
19.08.2021 01:36:41.487,1.3621100000000002,1.36194,1,1.5
19.08.2021 01:36:41.697,1.3621200000000002,1.36195,1,1.5
19.08.2021 01:36:42.448,1.3621200000000002,1.36195,1,1.12
19.08.2021 01:36:42.947,1.3621400000000001,1.36198,1,1
19.08.2021 01:37:02.804,1.3621200000000002,1.3619700000000001,1,1.5
19.08.2021 01:37:02.955,1.3621100000000002,1.36195,1,1.12
19.08.2021 01:37:03.369,1.3621,1.36194,1,1
19.08.2021 01:37:03.767,1.3620700000000001,1.36193,1,1.12
19.08.2021 01:37:04.751,1.36206,1.3619200000000002,1,1.12
19.08.2021 01:37:04.852,1.36206,1.3619,1,1
19.08.2021 01:37:21.996,1.36206,1.3619200000000002,1,1
19.08.2021 01:37:50.828,1.36209,1.36193,1,1
19.08.2021 01:37:51.390,1.3621,1.36194,1,1
19.08.2021 01:37:52.589,1.3621200000000002,1.36196,1,1
19.08.2021 01:37:52.690,1.3621400000000001,1.36198,1,1
19.08.2021 01:37:52.792,1.36215,1.3620100000000002,1.5,1
19.08.2021 01:38:11.485,1.36218,1.3620200000000002,1.5,1
19.08.2021 01:38:44.805,1.36218,1.3620400000000001,1,1
19.08.2021 01:38:46.919,1.36218,1.36203,1,1
19.08.2021 01:38:47.406,1.36218,1.36205,1,1
19.08.2021 01:38:47.461,1.3622,1.36205,1,1
19.08.2021 01:38:50.184,1.3622,1.36206,1,1
19.08.2021 01:38:51.248,1.36219,1.36205,1,1
19.08.2021 01:39:00.417,1.3622100000000001,1.3620700000000001,1.12,1
19.08.2021 01:39:02.124,1.3622100000000001,1.36205,1,1
19.08.2021 01:39:18.914,1.36219,1.36203,1,1
19.08.2021 01:39:24.185,1.36218,1.3620200000000002,1,1
19.08.2021 01:39:47.195,1.36219,1.36205,1,1
19.08.2021 01:39:53.389,1.36218,1.3620400000000001,1,1
19.08.2021 01:39:53.608,1.36219,1.36205,1,1
19.08.2021 01:39:54.764,1.3622100000000001,1.3620700000000001,1.12,1
19.08.2021 01:40:00.236,1.3622,1.36205,1,1
19.08.2021 01:40:03.052,1.36223,1.3620700000000001,1,1
19.08.2021 01:40:03.153,1.36223,1.36209,1,1
19.08.2021 01:40:11.647,1.36226,1.3621,1,1
19.08.2021 01:40:11.952,1.36227,1.3621,1,1
19.08.2021 01:40:13.690,1.3622400000000001,1.36209,1,1.12
19.08.2021 01:40:46.912,1.36225,1.36209,1,1
19.08.2021 01:40:47.067,1.36226,1.3621,1,1
19.08.2021 01:40:47.767,1.3622400000000001,1.36209,1,1.5
19.08.2021 01:40:48.020,1.3622400000000001,1.36209,1,1.12
19.08.2021 01:40:56.431,1.36225,1.3621100000000002,1,1
19.08.2021 01:40:56.531,1.36228,1.36213,2.25,1
19.08.2021 01:40:56.683,1.36226,1.36213,1,1
19.08.2021 01:41:02.337,1.36226,1.3621400000000001,1,1
19.08.2021 01:41:02.590,1.36226,1.3621200000000002,1,1
19.08.2021 01:41:04.006,1.36227,1.3621400000000001,1,1
19.08.2021 01:41:04.366,1.36227,1.3621200000000002,1,1
19.08.2021 01:41:16.710,1.36226,1.3621100000000002,1.5,1
19.08.2021 01:41:17.709,1.36225,1.3621,1,1
19.08.2021 01:41:19.002,1.36225,1.36208,1,1.12
19.08.2021 01:41:52.702,1.36226,1.3621,1,1
19.08.2021 01:41:58.969,1.36227,1.3621200000000002,1,1
19.08.2021 01:41:59.070,1.3623,1.36213,1.5,1
19.08.2021 01:41:59.271,1.3623100000000001,1.36213,1,1
19.08.2021 01:41:59.737,1.3623,1.36215,1,1
19.08.2021 01:41:59.838,1.36233,1.36216,1.5,1
19.08.2021 01:42:00.671,1.36233,1.36216,1,1
19.08.2021 01:42:02.815,1.36236,1.3622100000000001,1,1
19.08.2021 01:42:02.966,1.36237,1.3622200000000002,2.25,1
19.08.2021 01:42:03.016,1.3624,1.36223,1.57,1
19.08.2021 01:42:09.667,1.36239,1.3622200000000002,1,1
19.08.2021 01:42:10.197,1.36239,1.3622400000000001,1,1
19.08.2021 01:42:10.906,1.36238,1.36223,1,1
19.08.2021 01:42:11.394,1.36238,1.3622400000000001,1,1
19.08.2021 01:42:11.741,1.36238,1.36223,1,1
19.08.2021 01:42:14.382,1.36238,1.36225,1,1
19.08.2021 01:42:14.934,1.36238,1.36223,1,1
19.08.2021 01:42:15.315,1.36239,1.3622400000000001,1,1
19.08.2021 01:42:15.428,1.36239,1.36223,1,1
19.08.2021 01:42:15.529,1.36239,1.3622400000000001,1,1
19.08.2021 01:42:18.004,1.3624200000000002,1.36225,2.37,1
19.08.2021 01:42:20.267,1.3624200000000002,1.36225,1.87,1
19.08.2021 01:42:20.418,1.36239,1.3622400000000001,1,1
19.08.2021 01:42:20.569,1.3624,1.36225,3,1
19.08.2021 01:42:20.979,1.3624200000000002,1.3622400000000001,2.62,1
19.08.2021 01:42:21.220,1.3624100000000001,1.3622400000000001,2.25,1
19.08.2021 01:42:22.085,1.36239,1.3622400000000001,1.12,1
19.08.2021 01:42:22.428,1.36239,1.36226,1,1
19.08.2021 01:42:22.533,1.36237,1.36227,1,1
19.08.2021 01:42:22.673,1.36238,1.36225,1,1
19.08.2021 01:42:22.724,1.3624200000000002,1.36226,1.5,1
19.08.2021 01:42:22.824,1.3624200000000002,1.36226,1.12,1
19.08.2021 01:42:24.181,1.3624200000000002,1.36226,2.75,1
19.08.2021 01:42:24.812,1.3624,1.36225,1.12,1
19.08.2021 01:42:25.014,1.3624,1.3622400000000001,2.25,1
19.08.2021 01:42:25.316,1.3624,1.36223,1.5,1
19.08.2021 01:42:25.417,1.36238,1.36223,1,1
19.08.2021 01:42:26.425,1.3624,1.36223,2.25,1
19.08.2021 01:42:26.917,1.36239,1.36225,1,1
19.08.2021 01:42:27.018,1.36237,1.3622400000000001,1,1
19.08.2021 01:42:27.270,1.3624100000000001,1.3622400000000001,1.12,1
19.08.2021 01:42:27.493,1.3624200000000002,1.36226,1,1
19.08.2021 01:42:27.746,1.3624200000000002,1.36227,3.87,1
19.08.2021 01:42:28.467,1.36243,1.36226,3.75,1
19.08.2021 01:42:30.005,1.3624200000000002,1.36227,2.37,1
