Gmt time,Ask,Bid,AskVolume,BidVolume
23.08.2021 00:00:00.025,8.80798,8.80291,1,1
23.08.2021 00:00:00.126,8.808,8.80291,1,1
23.08.2021 00:00:00.177,8.807730000000001,8.80273,1,1
23.08.2021 00:00:00.278,8.807730000000001,8.80273,1,1
23.08.2021 00:00:02.160,8.807780000000001,8.80277,1,1
23.08.2021 00:00:02.261,8.80798,8.80277,1,1
23.08.2021 00:00:02.362,8.80798,8.80277,1,1
23.08.2021 00:00:02.412,8.808300000000001,8.80277,1,1
23.08.2021 00:00:02.691,8.808300000000001,8.80277,1,1
23.08.2021 00:00:05.380,8.808300000000001,8.802810000000001,1,1
23.08.2021 00:00:08.129,8.808660000000001,8.80282,1,1
23.08.2021 00:00:08.257,8.808610000000002,8.80282,1,1
23.08.2021 00:00:09.035,8.808610000000002,8.80282,1,1
23.08.2021 00:00:10.602,8.808610000000002,8.80282,1,1
23.08.2021 00:00:10.986,8.808610000000002,8.80282,1,1
23.08.2021 00:00:12.023,8.808610000000002,8.80282,1,1
23.08.2021 00:00:12.190,8.80854,8.80282,1,1
23.08.2021 00:00:12.291,8.80793,8.80283,1,1
23.08.2021 00:00:12.341,8.80794,8.802610000000001,1,1
23.08.2021 00:00:12.392,8.80794,8.802610000000001,1,1
23.08.2021 00:00:12.593,8.80794,8.802410000000002,1,1.25
23.08.2021 00:00:16.283,8.80794,8.802410000000002,1,1
23.08.2021 00:00:16.385,8.80814,8.802410000000002,1,1
23.08.2021 00:00:16.485,8.80814,8.802410000000002,1,1
23.08.2021 00:00:18.366,8.80784,8.801960000000001,1,1
23.08.2021 00:00:18.518,8.80784,8.801960000000001,1,1
23.08.2021 00:00:20.396,8.80785,8.802410000000002,1,1
23.08.2021 00:00:21.225,8.80785,8.802410000000002,1,1
23.08.2021 00:00:21.467,8.80785,8.802410000000002,1,1
23.08.2021 00:00:23.968,8.80785,8.802410000000002,1,1
23.08.2021 00:00:24.019,8.80795,8.802410000000002,1,1
23.08.2021 00:00:24.152,8.80795,8.802410000000002,1,1
23.08.2021 00:00:24.977,8.80795,8.802610000000001,1,1
23.08.2021 00:00:26.934,8.80795,8.802410000000002,1,1
23.08.2021 00:00:28.766,8.80761,8.802410000000002,1,1
23.08.2021 00:00:39.689,8.80761,8.80242,1,1
23.08.2021 00:00:39.790,8.80761,8.80242,1,1
23.08.2021 00:00:39.968,8.80761,8.80242,1,1
23.08.2021 00:00:40.386,8.80761,8.80242,1,1
23.08.2021 00:00:48.242,8.80761,8.80242,1,1
23.08.2021 00:00:48.465,8.80761,8.802410000000002,1,1
23.08.2021 00:00:50.292,8.80709,8.802410000000002,1,1
23.08.2021 00:00:51.521,8.80709,8.802410000000002,1,1
23.08.2021 00:00:51.651,8.80724,8.802410000000002,1,1
23.08.2021 00:00:51.721,8.80724,8.802410000000002,1,1
23.08.2021 00:00:53.406,8.80724,8.802410000000002,1,1
23.08.2021 00:00:53.607,8.80724,8.802410000000002,1,1
23.08.2021 00:00:57.154,8.80724,8.80247,1,1
23.08.2021 00:00:57.378,8.80724,8.80247,1,1
23.08.2021 00:00:57.586,8.80724,8.80247,1,1
23.08.2021 00:00:59.483,8.80724,8.80247,1,1
23.08.2021 00:01:01.255,8.80724,8.80247,1,1
23.08.2021 00:01:01.421,8.80724,8.80247,1,1
23.08.2021 00:01:02.213,8.80771,8.802660000000001,1,1
23.08.2021 00:01:03.385,8.80771,8.802660000000001,1,1
23.08.2021 00:01:11.386,8.80771,8.802660000000001,1,1
23.08.2021 00:01:15.034,8.808010000000001,8.802660000000001,1,1
23.08.2021 00:01:17.970,8.808010000000001,8.802660000000001,1,1
23.08.2021 00:01:18.172,8.808010000000001,8.802660000000001,1,1
23.08.2021 00:01:18.378,8.808010000000001,8.8027,1,1
23.08.2021 00:01:18.683,8.80854,8.8027,1,1
23.08.2021 00:01:18.838,8.80854,8.8027,1,1
23.08.2021 00:01:19.039,8.80854,8.8027,1,1
23.08.2021 00:01:19.489,8.80854,8.8027,1,1
23.08.2021 00:01:25.100,8.80854,8.8027,1,1
23.08.2021 00:01:25.202,8.80854,8.8027,1,1
23.08.2021 00:01:25.684,8.80854,8.8027,1,1
23.08.2021 00:01:26.537,8.80854,8.8027,1,1
23.08.2021 00:01:27.373,8.80854,8.8027,1,1
23.08.2021 00:01:31.131,8.80854,8.80279,1,1
23.08.2021 00:01:31.182,8.80854,8.80279,1,1
23.08.2021 00:01:31.333,8.80854,8.80301,1,1
23.08.2021 00:01:31.502,8.80854,8.802980000000002,1,1
23.08.2021 00:01:40.136,8.80854,8.80301,1,1
23.08.2021 00:01:40.336,8.80854,8.80301,1,1
23.08.2021 00:01:41.338,8.80854,8.80301,1,1
23.08.2021 00:01:46.383,8.80816,8.80297,1,1
23.08.2021 00:01:50.589,8.80816,8.80301,1,1
23.08.2021 00:01:51.638,8.80816,8.802950000000001,1,1
23.08.2021 00:02:02.270,8.80816,8.80301,1,1
23.08.2021 00:02:05.345,8.80816,8.80301,1,1
23.08.2021 00:02:06.341,8.80816,8.80301,1,1
23.08.2021 00:02:06.997,8.80816,8.80301,1,1
23.08.2021 00:02:07.548,8.80816,8.80301,1,1
23.08.2021 00:02:07.878,8.80816,8.80301,1,1
23.08.2021 00:02:08.859,8.80816,8.80301,1,1
23.08.2021 00:02:10.230,8.80835,8.80301,1,1
23.08.2021 00:02:10.331,8.80835,8.80301,1,1
23.08.2021 00:02:11.959,8.80835,8.802810000000001,1,1
23.08.2021 00:02:13.048,8.807830000000001,8.802810000000001,1,1
23.08.2021 00:02:13.099,8.807830000000001,8.80279,1,1
23.08.2021 00:02:13.199,8.807830000000001,8.80265,1,1
23.08.2021 00:02:14.058,8.807830000000001,8.80265,1,1
23.08.2021 00:02:14.652,8.807830000000001,8.80265,1,1
23.08.2021 00:02:19.164,8.807830000000001,8.80265,1,1
23.08.2021 00:02:19.392,8.807830000000001,8.80265,1,1
23.08.2021 00:02:20.659,8.807830000000001,8.80265,1,1
23.08.2021 00:02:21.029,8.807830000000001,8.80265,1,1
23.08.2021 00:02:23.093,8.807830000000001,8.802610000000001,1,1
23.08.2021 00:02:24.139,8.807830000000001,8.802610000000001,1,1
23.08.2021 00:02:24.303,8.807830000000001,8.802610000000001,1,1
23.08.2021 00:02:29.534,8.80782,8.802620000000001,1,1
23.08.2021 00:02:29.767,8.807830000000001,8.802610000000001,1,1
23.08.2021 00:02:30.110,8.8073,8.802610000000001,1,1
23.08.2021 00:02:30.234,8.8073,8.802610000000001,1,1
23.08.2021 00:02:32.712,8.8073,8.802610000000001,1,1
23.08.2021 00:02:33.056,8.8073,8.802610000000001,1,1
23.08.2021 00:02:37.515,8.8073,8.802610000000001,1,1
23.08.2021 00:02:49.770,8.8073,8.802610000000001,1,1
23.08.2021 00:02:52.886,8.8073,8.802610000000001,1,1
23.08.2021 00:02:56.188,8.80739,8.802610000000001,1,1
23.08.2021 00:03:00.526,8.80739,8.802610000000001,1,1
23.08.2021 00:03:03.902,8.80739,8.802610000000001,1,1
23.08.2021 00:03:07.351,8.80739,8.802610000000001,1,1
23.08.2021 00:03:07.401,8.80739,8.802610000000001,1,1
23.08.2021 00:03:07.452,8.807780000000001,8.802620000000001,1,1
23.08.2021 00:03:07.552,8.80779,8.802610000000001,1,1
23.08.2021 00:03:07.603,8.80807,8.802610000000001,1,1
23.08.2021 00:03:07.764,8.80807,8.802610000000001,1,1
23.08.2021 00:03:07.865,8.80807,8.802610000000001,1,1
23.08.2021 00:03:10.947,8.80855,8.802610000000001,1,1
23.08.2021 00:03:12.084,8.80855,8.802620000000001,1,1
23.08.2021 00:03:12.238,8.80855,8.802620000000001,1,1
23.08.2021 00:03:14.844,8.80855,8.802620000000001,1,1
23.08.2021 00:03:14.894,8.80855,8.802620000000001,1,1
23.08.2021 00:03:19.216,8.80855,8.802620000000001,1,1
23.08.2021 00:03:19.418,8.80855,8.80299,1,1
23.08.2021 00:03:20.031,8.80822,8.80299,1,1
23.08.2021 00:03:22.071,8.80821,8.80284,1,1
23.08.2021 00:03:23.740,8.80874,8.80296,1,1
23.08.2021 00:03:23.927,8.80874,8.80299,1,1
23.08.2021 00:03:32.052,8.80874,8.80299,1,1
23.08.2021 00:03:56.613,8.80874,8.80299,1,1
23.08.2021 00:03:58.542,8.80874,8.80299,1,1
23.08.2021 00:03:58.642,8.80874,8.80299,1,1
23.08.2021 00:04:04.509,8.80893,8.80299,1,1
23.08.2021 00:04:10.052,8.80893,8.80299,1,1
23.08.2021 00:04:19.409,8.80893,8.80305,1,1
23.08.2021 00:04:23.825,8.809460000000001,8.803139999999999,1,1
23.08.2021 00:04:23.875,8.809460000000001,8.80324,1,1
23.08.2021 00:04:23.976,8.809460000000001,8.80352,1,1
23.08.2021 00:04:32.728,8.809460000000001,8.803420000000001,1,1
23.08.2021 00:04:36.372,8.80906,8.803420000000001,1,1
23.08.2021 00:04:36.828,8.80906,8.80338,1,1
23.08.2021 00:04:36.879,8.80906,8.80338,1,1
23.08.2021 00:04:36.979,8.809310000000002,8.80325,1,1
23.08.2021 00:04:38.047,8.809310000000002,8.80325,1,1
23.08.2021 00:04:45.523,8.809310000000002,8.80325,1,1
23.08.2021 00:04:46.830,8.809310000000002,8.803210000000002,1,1
23.08.2021 00:04:47.104,8.809310000000002,8.80325,1,1
23.08.2021 00:04:47.346,8.809310000000002,8.80325,1,1
23.08.2021 00:04:48.325,8.8093,8.803260000000002,1,1
23.08.2021 00:04:49.886,8.8093,8.803260000000002,1,1
23.08.2021 00:04:57.755,8.809310000000002,8.80325,1,1
23.08.2021 00:05:00.447,8.809310000000002,8.80325,1,1
23.08.2021 00:05:05.537,8.809310000000002,8.80325,1,1
23.08.2021 00:05:06.257,8.809310000000002,8.80325,1,1.25
23.08.2021 00:05:08.423,8.809310000000002,8.80325,1,1
23.08.2021 00:05:12.558,8.809310000000002,8.803460000000001,1,1
23.08.2021 00:05:15.872,8.809310000000002,8.80352,1,1
23.08.2021 00:05:28.490,8.80942,8.80348,1,1
23.08.2021 00:05:28.541,8.80942,8.80367,1,1
23.08.2021 00:05:28.695,8.80942,8.80367,1,1
23.08.2021 00:05:28.796,8.80942,8.80395,1,1
23.08.2021 00:05:28.897,8.80942,8.80407,1,1
23.08.2021 00:05:38.903,8.80972,8.80384,1,1
23.08.2021 00:05:40.790,8.80972,8.803880000000001,1,1
23.08.2021 00:05:50.805,8.80972,8.80385,1,1
23.08.2021 00:06:00.792,8.80972,8.80377,1,1
23.08.2021 00:06:25.654,8.80972,8.80375,1,1
23.08.2021 00:06:28.814,8.80972,8.80371,1,1
23.08.2021 00:06:54.542,8.80927,8.80345,1,1
23.08.2021 00:06:54.645,8.80927,8.803260000000002,1,1
23.08.2021 00:06:54.822,8.80969,8.8031,1,1
23.08.2021 00:06:54.927,8.80969,8.8031,1,1
23.08.2021 00:06:56.602,8.80938,8.8031,1,1
23.08.2021 00:07:07.704,8.80877,8.80345,1,1
23.08.2021 00:07:07.874,8.80877,8.80301,1,1
23.08.2021 00:07:09.152,8.808760000000001,8.80302,1,1
23.08.2021 00:07:09.388,8.80877,8.80301,1,1
23.08.2021 00:07:09.722,8.80877,8.80301,1,1
23.08.2021 00:07:12.543,8.80877,8.8033,1,1
23.08.2021 00:07:12.694,8.80877,8.80301,1,1
23.08.2021 00:07:12.845,8.80877,8.8033,1,1
23.08.2021 00:07:13.451,8.808760000000001,8.80294,1,1
23.08.2021 00:07:13.552,8.80877,8.80302,1,1
23.08.2021 00:07:13.746,8.80877,8.8033,1,1
23.08.2021 00:07:14.774,8.80877,8.803160000000002,1,1
23.08.2021 00:07:20.746,8.80877,8.80301,1,1
23.08.2021 00:07:20.997,8.80877,8.803130000000001,1,1
23.08.2021 00:07:21.608,8.80877,8.80301,1,1
23.08.2021 00:07:23.240,8.80877,8.80301,1,1
23.08.2021 00:07:23.370,8.80877,8.80301,1,1
23.08.2021 00:07:23.558,8.80877,8.80301,1,1
23.08.2021 00:07:23.709,8.80877,8.80311,1,1
23.08.2021 00:07:23.883,8.80877,8.803310000000002,1,1
23.08.2021 00:07:24.067,8.80877,8.803310000000002,1,1
23.08.2021 00:07:24.149,8.80877,8.803310000000002,1,1
23.08.2021 00:07:26.553,8.80877,8.803310000000002,1,1
23.08.2021 00:07:26.753,8.80877,8.803310000000002,1,1
23.08.2021 00:07:27.874,8.80877,8.80301,1,1
23.08.2021 00:07:33.540,8.80877,8.80311,1,1
23.08.2021 00:07:41.434,8.80877,8.80311,1,1
23.08.2021 00:07:51.102,8.80916,8.803310000000002,1,1
23.08.2021 00:07:51.465,8.809330000000001,8.80312,1,1
23.08.2021 00:07:59.498,8.80934,8.80302,1,1
23.08.2021 00:07:59.599,8.80992,8.80302,1,1
23.08.2021 00:08:02.183,8.80959,8.8033,1,1
23.08.2021 00:08:05.309,8.80959,8.80343,1,1
23.08.2021 00:08:11.469,8.80959,8.80343,1,1
23.08.2021 00:08:14.087,8.809410000000002,8.80343,1,1
23.08.2021 00:08:19.394,8.809410000000002,8.80343,1,1
23.08.2021 00:08:24.125,8.80943,8.80343,1,1
23.08.2021 00:08:24.476,8.80916,8.80343,1,1
23.08.2021 00:08:28.941,8.80948,8.80343,1,1
23.08.2021 00:08:28.992,8.80972,8.80343,1,1
23.08.2021 00:08:29.107,8.80972,8.80382,1,1
23.08.2021 00:08:29.608,8.81017,8.80371,1,1.5
23.08.2021 00:08:31.558,8.81017,8.803830000000001,1,1
23.08.2021 00:08:32.458,8.81017,8.803830000000001,1,1
23.08.2021 00:08:32.559,8.81017,8.804030000000001,1,1
23.08.2021 00:08:40.336,8.80991,8.80402,1,1
23.08.2021 00:08:54.044,8.80991,8.80366,1,1
23.08.2021 00:09:16.461,8.80991,8.80367,1,1
23.08.2021 00:09:18.248,8.809660000000001,8.80367,1,1
23.08.2021 00:09:18.349,8.809660000000001,8.80367,1,1
23.08.2021 00:09:18.886,8.809660000000001,8.80367,1,1
23.08.2021 00:09:21.734,8.80989,8.80367,1,1
23.08.2021 00:09:22.987,8.80943,8.80363,1,1
23.08.2021 00:09:31.835,8.80982,8.803980000000001,1,1.5
23.08.2021 00:09:40.970,8.80995,8.80428,1,1
23.08.2021 00:09:41.175,8.80996,8.804,1,1.5
23.08.2021 00:09:41.226,8.80991,8.804,1,1.5
23.08.2021 00:10:02.169,8.80991,8.804030000000001,1,1
23.08.2021 00:10:10.335,8.8095,8.80413,1,1
23.08.2021 00:10:10.562,8.80986,8.80413,1,1
23.08.2021 00:10:10.851,8.80948,8.80413,1,1
23.08.2021 00:10:12.409,8.80984,8.80413,1,1
23.08.2021 00:10:20.968,8.81007,8.80386,1,1
23.08.2021 00:10:48.696,8.810080000000001,8.80344,1,1
23.08.2021 00:10:49.302,8.810080000000001,8.80412,1,1
23.08.2021 00:10:58.020,8.810080000000001,8.80379,1,1
23.08.2021 00:10:58.683,8.810080000000001,8.80379,1,1
23.08.2021 00:11:00.514,8.810080000000001,8.80379,1,1
23.08.2021 00:11:04.494,8.810030000000001,8.80379,1,1
23.08.2021 00:11:04.545,8.81019,8.80379,1,1
23.08.2021 00:11:04.763,8.81019,8.80391,1,1
23.08.2021 00:11:04.874,8.81019,8.80443,1,1
23.08.2021 00:11:14.849,8.81019,8.804010000000002,1,1
23.08.2021 00:11:41.118,8.81019,8.80422,1,1
23.08.2021 00:11:41.374,8.80996,8.80404,1,1
23.08.2021 00:11:43.768,8.80996,8.8038,1,1
23.08.2021 00:11:49.762,8.80996,8.80373,1,1
23.08.2021 00:11:49.878,8.8095,8.80379,1,1.5
23.08.2021 00:11:50.137,8.8095,8.80379,1,1.5
23.08.2021 00:12:26.501,8.8095,8.80363,1,1
23.08.2021 00:12:29.034,8.8095,8.803560000000001,1,1
23.08.2021 00:12:29.233,8.8095,8.80363,1,1
23.08.2021 00:12:30.032,8.8095,8.803600000000001,1,1
23.08.2021 00:12:33.484,8.8095,8.80363,1,1
23.08.2021 00:12:34.634,8.8093,8.80363,1,1
23.08.2021 00:12:38.004,8.8093,8.80363,1,1
23.08.2021 00:12:38.329,8.8093,8.80363,1,1
23.08.2021 00:12:41.090,8.809289999999999,8.80364,1,1
23.08.2021 00:12:41.291,8.8093,8.80364,1,1
23.08.2021 00:12:42.755,8.8093,8.80364,1,1
23.08.2021 00:12:51.640,8.809050000000001,8.80364,1,1
23.08.2021 00:12:52.601,8.809050000000001,8.803939999999999,1,1
23.08.2021 00:12:56.547,8.80944,8.80379,1,1
23.08.2021 00:12:56.598,8.80944,8.80402,1,1
23.08.2021 00:12:56.925,8.80944,8.80402,1,1
23.08.2021 00:12:57.076,8.80944,8.80429,1,1
23.08.2021 00:13:07.198,8.80989,8.8041,1,1
23.08.2021 00:13:07.385,8.80989,8.80424,1,1
23.08.2021 00:13:11.688,8.81019,8.80442,1,1
23.08.2021 00:13:13.222,8.81056,8.80454,1,1
23.08.2021 00:13:13.283,8.81056,8.80441,1,1
23.08.2021 00:13:18.908,8.81056,8.80441,1,1
23.08.2021 00:13:19.111,8.81056,8.80451,1,1
23.08.2021 00:13:19.548,8.81056,8.80451,1,1
23.08.2021 00:13:21.463,8.81056,8.804710000000002,1,1
23.08.2021 00:13:25.149,8.81056,8.804710000000002,1,1
23.08.2021 00:13:27.896,8.810550000000001,8.80472,1,1
23.08.2021 00:13:31.691,8.81056,8.804400000000001,1,1.75
23.08.2021 00:13:44.611,8.81056,8.804710000000002,1,1
23.08.2021 00:13:44.954,8.810550000000001,8.80472,1,1
23.08.2021 00:13:46.414,8.810550000000001,8.80472,1,1
23.08.2021 00:13:52.665,8.81107,8.804710000000002,1,1
23.08.2021 00:13:52.818,8.81107,8.804910000000001,1,1
23.08.2021 00:13:53.049,8.81107,8.804810000000002,1,1
23.08.2021 00:13:54.334,8.81107,8.804910000000001,1,1
23.08.2021 00:13:55.811,8.81107,8.804910000000001,1,1
23.08.2021 00:13:56.018,8.81107,8.804910000000001,1,1
23.08.2021 00:14:16.747,8.81107,8.805010000000001,1,1
23.08.2021 00:14:17.172,8.811060000000001,8.80523,1,1
23.08.2021 00:14:17.944,8.810680000000001,8.80522,1,1
23.08.2021 00:14:18.589,8.810680000000001,8.80529,1,1
23.08.2021 00:14:20.411,8.810680000000001,8.80529,1,1
23.08.2021 00:14:22.571,8.810680000000001,8.80529,1,1
23.08.2021 00:14:24.866,8.810680000000001,8.80526,1,1
23.08.2021 00:14:25.337,8.810680000000001,8.80529,1,1
23.08.2021 00:14:28.839,8.81053,8.80565,1,1
23.08.2021 00:14:28.890,8.810780000000001,8.80565,1,1
23.08.2021 00:14:34.557,8.810780000000001,8.80529,1,1
23.08.2021 00:14:45.633,8.81075,8.80522,1,1
23.08.2021 00:15:28.131,8.81075,8.80488,1,1
23.08.2021 00:16:10.437,8.81074,8.80484,1,1
23.08.2021 00:16:23.161,8.81047,8.8048,1,1
23.08.2021 00:16:31.326,8.810039999999999,8.80461,1,1
23.08.2021 00:17:05.808,8.810039999999999,8.80451,1,1
23.08.2021 00:17:15.938,8.810039999999999,8.8046,1,1
23.08.2021 00:17:16.126,8.810039999999999,8.80466,1,1
23.08.2021 00:17:21.570,8.810039999999999,8.804580000000001,1,1
23.08.2021 00:17:26.393,8.809660000000001,8.80451,1,1
23.08.2021 00:17:39.886,8.809660000000001,8.80444,1,1.5
23.08.2021 00:17:46.688,8.809360000000002,8.80444,1,1.5
23.08.2021 00:17:46.738,8.809360000000002,8.80444,1,1
23.08.2021 00:17:49.925,8.809360000000002,8.803980000000001,1,1
23.08.2021 00:18:03.510,8.80935,8.80391,1,1
23.08.2021 00:18:03.669,8.809360000000002,8.8039,1,1
23.08.2021 00:18:03.918,8.809360000000002,8.804060000000002,1,1
23.08.2021 00:18:04.268,8.80945,8.804060000000002,1,1
23.08.2021 00:18:08.323,8.80944,8.80407,1,1.5
23.08.2021 00:18:10.594,8.80945,8.804060000000002,1,1
23.08.2021 00:18:13.944,8.80945,8.8039,1,1
23.08.2021 00:18:47.028,8.80945,8.8039,1,1
23.08.2021 00:19:00.992,8.80945,8.8039,1,1
23.08.2021 00:19:03.522,8.80945,8.80402,1,1
23.08.2021 00:19:15.251,8.80945,8.804060000000002,1,1
23.08.2021 00:19:36.335,8.80943,8.804030000000001,1,1
23.08.2021 00:19:36.502,8.80943,8.80459,1,1
23.08.2021 00:19:44.195,8.80919,8.80459,1,1
23.08.2021 00:19:46.509,8.80919,8.804030000000001,1,1
23.08.2021 00:19:46.888,8.80919,8.804030000000001,1,1
23.08.2021 00:19:48.939,8.80919,8.804030000000001,1,1
23.08.2021 00:19:49.446,8.80919,8.80425,1,1
23.08.2021 00:19:59.516,8.80919,8.804030000000001,1,1
23.08.2021 00:20:26.531,8.80919,8.80405,1,1
23.08.2021 00:20:42.227,8.80919,8.80382,1,1
23.08.2021 00:20:44.043,8.80919,8.80382,1,1
23.08.2021 00:20:44.144,8.80919,8.80382,1,1
23.08.2021 00:20:44.373,8.809180000000001,8.803830000000001,1,1
23.08.2021 00:20:47.036,8.80919,8.80391,1,1
23.08.2021 00:20:47.145,8.80919,8.80412,1,1
23.08.2021 00:20:49.384,8.809180000000001,8.80413,1,1
23.08.2021 00:21:03.326,8.80919,8.80412,1,1
23.08.2021 00:21:03.377,8.80964,8.80412,1,1
23.08.2021 00:21:03.478,8.8092,8.80433,1,1
23.08.2021 00:21:03.528,8.8092,8.80424,1,1.62
23.08.2021 00:21:03.825,8.8092,8.80433,1,1
23.08.2021 00:21:04.068,8.8092,8.80424,1,1.5
23.08.2021 00:21:04.854,8.808950000000001,8.80424,1,1
23.08.2021 00:21:04.905,8.808950000000001,8.80395,1,1.5
23.08.2021 00:21:05.154,8.80892,8.80395,1,1.5
23.08.2021 00:21:05.472,8.80892,8.803650000000001,1,1
23.08.2021 00:21:16.203,8.80892,8.803310000000002,1,1
23.08.2021 00:22:05.731,8.808530000000001,8.80328,1,1
23.08.2021 00:22:05.886,8.808530000000001,8.80328,1,1
23.08.2021 00:22:15.580,8.808480000000001,8.80328,1,1
23.08.2021 00:22:15.631,8.808480000000001,8.80328,1,1
23.08.2021 00:24:06.932,8.808480000000001,8.803160000000002,1,1
23.08.2021 00:24:15.614,8.808480000000001,8.80324,1,1
23.08.2021 00:25:01.269,8.808480000000001,8.80322,1,1
23.08.2021 00:25:01.419,8.808480000000001,8.80322,1,1
23.08.2021 00:25:06.956,8.80847,8.80322,1,1
23.08.2021 00:25:08.269,8.808480000000001,8.803210000000002,1,1
23.08.2021 00:25:13.338,8.808480000000001,8.803210000000002,1,1
23.08.2021 00:25:13.539,8.80847,8.80322,1,1
23.08.2021 00:25:48.228,8.808480000000001,8.803210000000002,1,1
23.08.2021 00:26:03.845,8.80845,8.803210000000002,1,1
23.08.2021 00:26:24.387,8.80845,8.803210000000002,1,1
23.08.2021 00:26:24.589,8.80845,8.803210000000002,1,1
23.08.2021 00:26:24.792,8.80845,8.803210000000002,1,1
23.08.2021 00:26:32.530,8.80845,8.803210000000002,1,1
23.08.2021 00:27:11.402,8.80859,8.803210000000002,1,1
23.08.2021 00:27:28.398,8.80846,8.803130000000001,1,1
23.08.2021 00:27:28.448,8.80846,8.80304,1,1
23.08.2021 00:27:28.750,8.80846,8.80311,1,1
23.08.2021 00:27:29.395,8.80846,8.803210000000002,1,1
23.08.2021 00:27:29.620,8.80845,8.803160000000002,1,1
23.08.2021 00:27:38.505,8.80898,8.803210000000002,1,1
23.08.2021 00:27:38.555,8.80898,8.803420000000001,1,1
23.08.2021 00:27:39.030,8.80898,8.80304,1,1
23.08.2021 00:27:41.256,8.80898,8.803310000000002,1,1
23.08.2021 00:27:41.365,8.808660000000001,8.803310000000002,1,1
23.08.2021 00:27:41.415,8.808660000000001,8.803310000000002,1,1
23.08.2021 00:27:41.617,8.808660000000001,8.80339,1,1
23.08.2021 00:27:42.515,8.808660000000001,8.80339,1,1
23.08.2021 00:27:45.976,8.808660000000001,8.80339,1,1
23.08.2021 00:27:48.165,8.808660000000001,8.80339,1,1
23.08.2021 00:27:48.901,8.808660000000001,8.80339,1,1
23.08.2021 00:27:50.243,8.808660000000001,8.80339,1,1
23.08.2021 00:27:52.240,8.80865,8.803410000000001,1,1
23.08.2021 00:27:52.341,8.808660000000001,8.8034,1,1
23.08.2021 00:27:52.543,8.808660000000001,8.8034,1,1
23.08.2021 00:27:53.195,8.80865,8.803410000000001,1,1
23.08.2021 00:28:09.072,8.808660000000001,8.8034,1,1
23.08.2021 00:28:14.071,8.808660000000001,8.80339,1,1
23.08.2021 00:28:15.466,8.80865,8.8034,1,1
23.08.2021 00:28:21.387,8.808660000000001,8.80338,1,1
23.08.2021 00:28:22.586,8.808660000000001,8.80338,1,1
23.08.2021 00:28:23.620,8.808660000000001,8.80339,1,1
23.08.2021 00:28:23.779,8.808660000000001,8.80339,1,1
23.08.2021 00:28:42.075,8.808660000000001,8.803420000000001,1,1
23.08.2021 00:28:44.944,8.808660000000001,8.803420000000001,1,1
23.08.2021 00:29:03.283,8.808660000000001,8.80343,1,1
23.08.2021 00:29:03.590,8.80865,8.80344,1,1
23.08.2021 00:29:03.749,8.808660000000001,8.80343,1,1
23.08.2021 00:29:03.950,8.808660000000001,8.80322,1,1
23.08.2021 00:29:05.008,8.808660000000001,8.80322,1,1
23.08.2021 00:29:05.314,8.808660000000001,8.803160000000002,1,1
23.08.2021 00:29:05.364,8.80813,8.803160000000002,1,1
23.08.2021 00:29:05.415,8.80813,8.80309,1,1
23.08.2021 00:29:05.516,8.80813,8.80272,1,1
23.08.2021 00:29:05.616,8.80813,8.80297,1,1
23.08.2021 00:29:05.667,8.80836,8.80297,1,1
23.08.2021 00:29:05.717,8.80836,8.80301,1,1
23.08.2021 00:29:05.919,8.80836,8.803310000000002,1,1
23.08.2021 00:29:06.586,8.80836,8.803210000000002,1,1
23.08.2021 00:29:06.972,8.80836,8.803210000000002,1,1
23.08.2021 00:29:07.175,8.80836,8.803210000000002,1,1
23.08.2021 00:29:07.353,8.80836,8.803210000000002,1,1
23.08.2021 00:29:07.403,8.80836,8.803210000000002,1,1
23.08.2021 00:29:07.564,8.80836,8.803210000000002,1,1
23.08.2021 00:29:07.766,8.80836,8.803210000000002,1,1
23.08.2021 00:29:07.968,8.80836,8.803210000000002,1,1
23.08.2021 00:29:08.169,8.80836,8.803210000000002,1,1
23.08.2021 00:29:08.278,8.80836,8.803210000000002,1,1
23.08.2021 00:29:08.478,8.80836,8.803210000000002,1,1
23.08.2021 00:29:08.678,8.80836,8.803210000000002,1,1
23.08.2021 00:29:09.081,8.80836,8.803210000000002,1,1
23.08.2021 00:29:09.283,8.80835,8.80322,1,1
23.08.2021 00:29:09.484,8.80836,8.803210000000002,1,1
23.08.2021 00:29:09.684,8.80836,8.803210000000002,1,1
23.08.2021 00:29:09.865,8.80836,8.803210000000002,1,1
23.08.2021 00:29:10.066,8.80836,8.803210000000002,1,1
23.08.2021 00:29:10.267,8.80836,8.803210000000002,1,1
23.08.2021 00:29:10.588,8.80836,8.803210000000002,1,1
23.08.2021 00:29:10.670,8.80836,8.803210000000002,1,1
23.08.2021 00:29:10.873,8.80836,8.803210000000002,1,1
23.08.2021 00:29:11.074,8.80836,8.803210000000002,1,1
23.08.2021 00:29:11.295,8.80836,8.803210000000002,1,1
23.08.2021 00:29:11.530,8.80836,8.803210000000002,1,1
23.08.2021 00:29:11.680,8.80835,8.80322,1,1
23.08.2021 00:29:11.883,8.80836,8.803210000000002,1,1
23.08.2021 00:29:12.083,8.80835,8.80322,1,1
23.08.2021 00:29:12.285,8.80836,8.803210000000002,1,1
23.08.2021 00:29:12.616,8.80836,8.803210000000002,1,1
23.08.2021 00:29:12.769,8.80836,8.803210000000002,1,1
23.08.2021 00:29:13.020,8.80836,8.803210000000002,1,1.62
23.08.2021 00:29:13.205,8.80836,8.803210000000002,1,1.12
23.08.2021 00:29:13.374,8.80836,8.803210000000002,1,1.62
23.08.2021 00:29:13.575,8.80836,8.803210000000002,1,1.62
23.08.2021 00:29:14.182,8.80835,8.80322,1,1.62
23.08.2021 00:29:14.409,8.80836,8.803210000000002,1,1.62
23.08.2021 00:29:14.865,8.80836,8.803210000000002,1,1.62
23.08.2021 00:29:15.274,8.80836,8.803210000000002,1,1
23.08.2021 00:29:15.470,8.80836,8.803210000000002,1,1
23.08.2021 00:29:15.711,8.80836,8.803210000000002,1,1
23.08.2021 00:29:15.880,8.80836,8.803210000000002,1,1
23.08.2021 00:29:16.080,8.80836,8.803210000000002,1,1
23.08.2021 00:29:16.388,8.80836,8.803210000000002,1,1
23.08.2021 00:29:31.888,8.80836,8.803210000000002,1,1
23.08.2021 00:29:40.184,8.80836,8.803210000000002,1,1
23.08.2021 00:29:40.423,8.80835,8.80322,1,1
23.08.2021 00:29:40.587,8.80835,8.80322,1,1
23.08.2021 00:29:40.833,8.80836,8.803210000000002,1,1
23.08.2021 00:29:40.989,8.80836,8.803210000000002,1,1
23.08.2021 00:29:41.291,8.80836,8.803210000000002,1,1
23.08.2021 00:29:41.513,8.80836,8.803210000000002,1,1
23.08.2021 00:29:41.713,8.80836,8.803210000000002,1,1
23.08.2021 00:29:41.950,8.80836,8.80307,1,1.5
23.08.2021 00:29:42.000,8.80798,8.80307,1,1.5
23.08.2021 00:29:42.157,8.80798,8.803210000000002,1,1
23.08.2021 00:29:42.319,8.80798,8.803210000000002,1,1
23.08.2021 00:29:42.582,8.80798,8.803210000000002,1,1
23.08.2021 00:29:42.740,8.80818,8.803210000000002,1,1
23.08.2021 00:29:44.152,8.8079,8.803210000000002,1,1
23.08.2021 00:29:44.306,8.80789,8.803080000000001,1,1
23.08.2021 00:29:44.409,8.808110000000001,8.80307,1,1
23.08.2021 00:29:44.493,8.808110000000001,8.803210000000002,1,1
23.08.2021 00:29:44.730,8.808110000000001,8.803210000000002,1,1
23.08.2021 00:29:45.157,8.808110000000001,8.803210000000002,1,1
23.08.2021 00:29:45.367,8.808110000000001,8.803210000000002,1,1
23.08.2021 00:29:46.029,8.808110000000001,8.803030000000001,1,1.5
23.08.2021 00:29:46.080,8.808110000000001,8.803210000000002,1,1
23.08.2021 00:29:46.236,8.808110000000001,8.803030000000001,1,1.5
23.08.2021 00:29:46.440,8.8081,8.80309,1,1
23.08.2021 00:29:46.645,8.80816,8.803210000000002,1,1
23.08.2021 00:29:46.850,8.808150000000001,8.80322,1,1
23.08.2021 00:29:47.337,8.80816,8.803210000000002,1,1
23.08.2021 00:29:47.387,8.80816,8.803210000000002,1,1
23.08.2021 00:29:47.592,8.80816,8.803210000000002,1,1
23.08.2021 00:29:47.798,8.80816,8.803210000000002,1,1
23.08.2021 00:29:48.169,8.80816,8.803210000000002,1,1
23.08.2021 00:29:48.219,8.80816,8.803210000000002,1,1
23.08.2021 00:29:48.401,8.80816,8.803210000000002,1,1
23.08.2021 00:29:48.604,8.80816,8.803210000000002,1,1
23.08.2021 00:29:48.805,8.80816,8.803210000000002,1,1
23.08.2021 00:29:49.008,8.80816,8.803210000000002,1,1
23.08.2021 00:29:49.451,8.80816,8.803210000000002,1,1
23.08.2021 00:29:49.616,8.80816,8.803210000000002,1,1
23.08.2021 00:29:49.817,8.80816,8.803210000000002,1,1
23.08.2021 00:29:50.020,8.80816,8.803210000000002,1,1
23.08.2021 00:29:50.197,8.80816,8.803210000000002,1,1
23.08.2021 00:29:50.398,8.80816,8.803210000000002,1,1
23.08.2021 00:29:50.803,8.80816,8.803210000000002,1,1
23.08.2021 00:29:51.205,8.80816,8.803210000000002,1,1
23.08.2021 00:29:51.443,8.80816,8.803139999999999,1,1
23.08.2021 00:29:52.723,8.80816,8.803030000000001,1,1.5
23.08.2021 00:29:52.773,8.80816,8.80322,1,1
23.08.2021 00:29:55.337,8.80816,8.80322,1,1
23.08.2021 00:29:56.108,8.80816,8.80322,1,1
23.08.2021 00:29:56.304,8.80816,8.803030000000001,1,1.5
23.08.2021 00:29:56.951,8.80816,8.8032,1,1
23.08.2021 00:29:58.004,8.80816,8.803210000000002,1,1
23.08.2021 00:29:58.205,8.80816,8.8032,1,1
23.08.2021 00:29:59.024,8.808150000000001,8.80322,1,1
23.08.2021 00:29:59.219,8.80816,8.8032,1,1
23.08.2021 00:29:59.654,8.80816,8.803210000000002,1,1
23.08.2021 00:29:59.860,8.80816,8.8032,1,1
23.08.2021 00:30:00.020,8.80816,8.803210000000002,1,1
23.08.2021 00:30:00.222,8.80816,8.803030000000001,1,1.5
23.08.2021 00:30:00.390,8.80816,8.80283,1,1.5
23.08.2021 00:30:00.492,8.80816,8.80311,1,1
23.08.2021 00:30:01.771,8.808150000000001,8.803230000000001,1,1
23.08.2021 00:30:02.309,8.80794,8.80322,1,1
23.08.2021 00:30:02.572,8.80805,8.80322,1,1
23.08.2021 00:30:06.364,8.80805,8.80322,1,1
23.08.2021 00:30:11.342,8.80804,8.803230000000001,1,1
23.08.2021 00:30:14.622,8.80805,8.803210000000002,1,1
23.08.2021 00:30:14.858,8.80805,8.803210000000002,1,1
23.08.2021 00:30:15.024,8.80805,8.803210000000002,1,1
23.08.2021 00:30:15.709,8.80805,8.803210000000002,1,1
23.08.2021 00:30:15.892,8.80805,8.803210000000002,1,1
23.08.2021 00:30:18.152,8.80805,8.803210000000002,1,1
23.08.2021 00:30:28.205,8.80805,8.803210000000002,1,1
23.08.2021 00:30:32.614,8.80805,8.803210000000002,1,1
23.08.2021 00:30:44.670,8.80823,8.803210000000002,1,1
23.08.2021 00:30:45.402,8.80823,8.803210000000002,1,1
23.08.2021 00:30:45.604,8.80823,8.803210000000002,1,1
23.08.2021 00:30:49.889,8.80823,8.803210000000002,1,1
23.08.2021 00:31:00.353,8.80823,8.803210000000002,1,1
23.08.2021 00:31:09.051,8.80823,8.803210000000002,1,1
23.08.2021 00:31:09.285,8.80823,8.803210000000002,1,1
23.08.2021 00:31:10.164,8.80822,8.803210000000002,1,1
23.08.2021 00:31:10.215,8.808300000000001,8.80322,1,1
23.08.2021 00:31:10.315,8.80831,8.803310000000002,1,1
23.08.2021 00:31:10.764,8.808110000000001,8.803210000000002,1,1
23.08.2021 00:31:13.057,8.808110000000001,8.803210000000002,1,1
23.08.2021 00:31:13.108,8.80818,8.803210000000002,1,1
23.08.2021 00:31:13.259,8.80818,8.803210000000002,1,1
23.08.2021 00:31:13.563,8.80818,8.803210000000002,1,1
23.08.2021 00:31:13.715,8.80818,8.803210000000002,1,1
23.08.2021 00:31:13.915,8.80818,8.803210000000002,1,1
23.08.2021 00:31:18.270,8.80818,8.803210000000002,1,1
23.08.2021 00:31:18.521,8.80818,8.80322,1,1
23.08.2021 00:31:20.057,8.80818,8.80325,1,1.5
23.08.2021 00:31:20.250,8.80818,8.80312,1,1
23.08.2021 00:31:22.640,8.80818,8.80322,1,1
23.08.2021 00:31:22.874,8.80818,8.803139999999999,1,1
23.08.2021 00:31:23.043,8.80818,8.80322,1,1
23.08.2021 00:31:23.249,8.80818,8.80322,1,1
23.08.2021 00:31:27.510,8.80818,8.80322,1,1
23.08.2021 00:31:27.710,8.80818,8.80322,1,1
23.08.2021 00:31:28.253,8.80855,8.80322,1,1
23.08.2021 00:31:28.456,8.80855,8.80354,1,1
23.08.2021 00:31:28.627,8.80855,8.80338,1,1
23.08.2021 00:31:29.787,8.80855,8.80364,1,1
23.08.2021 00:31:30.100,8.80855,8.80364,1,1.5
23.08.2021 00:31:33.405,8.80855,8.803360000000001,1,1
23.08.2021 00:31:33.690,8.80841,8.803360000000001,1,1
23.08.2021 00:31:36.363,8.80841,8.803410000000001,1,1
23.08.2021 00:31:36.959,8.80841,8.8034,1,1
23.08.2021 00:31:42.257,8.80841,8.803410000000001,1,1
23.08.2021 00:31:42.583,8.80894,8.803410000000001,1,1
23.08.2021 00:31:42.646,8.80893,8.803420000000001,1,1
23.08.2021 00:31:52.449,8.80894,8.803410000000001,1,1
23.08.2021 00:31:52.700,8.80894,8.80349,1,1.5
23.08.2021 00:31:54.715,8.80894,8.80349,1,1.5
23.08.2021 00:32:04.239,8.80894,8.80349,1,1.62
23.08.2021 00:32:10.117,8.80894,8.80349,1,1.5
23.08.2021 00:32:11.342,8.80894,8.80349,1,1.5
23.08.2021 00:32:12.341,8.80894,8.80349,1,1.5
23.08.2021 00:32:14.424,8.80939,8.80352,1,1
23.08.2021 00:32:14.475,8.80939,8.80352,1,1
23.08.2021 00:32:15.709,8.80939,8.80387,1,1
23.08.2021 00:32:15.834,8.80939,8.80387,1,1
23.08.2021 00:32:20.412,8.80939,8.80387,1,1
23.08.2021 00:32:23.426,8.80939,8.80387,1,1
23.08.2021 00:32:30.290,8.80938,8.803880000000001,1,1
23.08.2021 00:32:31.460,8.80939,8.80387,1,1
23.08.2021 00:32:33.498,8.80939,8.80384,1,1
23.08.2021 00:32:33.599,8.80939,8.80384,1,1
23.08.2021 00:32:33.760,8.80939,8.80379,1,1
23.08.2021 00:32:38.303,8.80894,8.80363,1,1
23.08.2021 00:32:38.353,8.80894,8.80355,1,1
23.08.2021 00:32:38.454,8.80894,8.80355,1,1
23.08.2021 00:32:39.217,8.80894,8.80355,1,1
23.08.2021 00:32:39.435,8.80894,8.80355,1,1
23.08.2021 00:32:40.586,8.80894,8.80355,1,1
23.08.2021 00:32:41.063,8.80894,8.80355,1,1
23.08.2021 00:32:41.263,8.80894,8.80355,1,1
23.08.2021 00:32:42.788,8.80894,8.80355,1,1
23.08.2021 00:32:44.010,8.80894,8.803560000000001,1,1
23.08.2021 00:32:47.045,8.80894,8.803560000000001,1,1
23.08.2021 00:32:52.034,8.80894,8.803560000000001,1,1
23.08.2021 00:33:11.087,8.80894,8.80322,1,1
23.08.2021 00:33:11.256,8.808560000000002,8.803160000000002,1,1
23.08.2021 00:33:13.298,8.808560000000002,8.803160000000002,1,1
23.08.2021 00:33:14.486,8.808560000000002,8.803160000000002,1,1
23.08.2021 00:33:21.036,8.808560000000002,8.803160000000002,1,1
23.08.2021 00:33:21.236,8.808560000000002,8.803160000000002,1,1
23.08.2021 00:33:26.124,8.808560000000002,8.803310000000002,1,1
23.08.2021 00:33:45.595,8.808560000000002,8.80324,1,1.5
23.08.2021 00:33:46.574,8.80887,8.80324,1,1.5
23.08.2021 00:33:47.196,8.808860000000001,8.80325,1,1.5
23.08.2021 00:33:49.085,8.80887,8.80355,1,1
23.08.2021 00:33:54.602,8.809460000000001,8.803560000000001,1,1
23.08.2021 00:33:55.275,8.80947,8.80395,1,1
23.08.2021 00:33:56.754,8.80947,8.80395,1,1
23.08.2021 00:34:21.547,8.80947,8.80395,1,1
23.08.2021 00:34:21.739,8.809460000000001,8.80414,1,1
23.08.2021 00:34:36.991,8.80947,8.803600000000001,1,1.5
23.08.2021 00:34:55.319,8.80947,8.80413,1,1
23.08.2021 00:34:55.447,8.809360000000002,8.80413,1,1
23.08.2021 00:35:04.817,8.809360000000002,8.80353,1,1
23.08.2021 00:35:05.030,8.809360000000002,8.80413,1,1
23.08.2021 00:35:06.309,8.809360000000002,8.803600000000001,1,1.5
23.08.2021 00:35:09.653,8.809360000000002,8.80413,1,1
23.08.2021 00:35:10.943,8.809360000000002,8.80352,1,1
23.08.2021 00:35:10.994,8.80935,8.80414,1,1
23.08.2021 00:35:16.684,8.809360000000002,8.80409,1,1
23.08.2021 00:35:21.742,8.809360000000002,8.80358,1,1.5
23.08.2021 00:35:21.873,8.809360000000002,8.80358,1,1.5
23.08.2021 00:35:22.053,8.809360000000002,8.80361,1,1
23.08.2021 00:35:22.564,8.809360000000002,8.804260000000001,1,1
23.08.2021 00:35:37.337,8.809360000000002,8.80368,1,1
23.08.2021 00:35:52.757,8.809360000000002,8.80379,1,1.5
23.08.2021 00:35:52.964,8.809360000000002,8.80379,1,1.5
23.08.2021 00:35:55.234,8.809360000000002,8.804260000000001,1,1
23.08.2021 00:36:08.891,8.809610000000001,8.804260000000001,1,1
23.08.2021 00:36:17.491,8.809610000000001,8.80375,1,1.5
23.08.2021 00:36:17.553,8.809610000000001,8.80415,1,1
23.08.2021 00:36:28.927,8.80949,8.80415,1,1
23.08.2021 00:36:30.906,8.80949,8.80369,1,1.5
23.08.2021 00:36:32.978,8.80949,8.80369,1,1.5
23.08.2021 00:36:39.137,8.80949,8.80415,1,1
23.08.2021 00:36:51.988,8.80949,8.80369,1,1.5
23.08.2021 00:36:54.953,8.80949,8.80369,1,1.12
23.08.2021 00:37:05.095,8.80949,8.803560000000001,1,1
23.08.2021 00:37:07.988,8.80949,8.803560000000001,1,1
23.08.2021 00:37:08.202,8.80949,8.803560000000001,1,1
23.08.2021 00:37:08.390,8.80948,8.80357,1,1
23.08.2021 00:37:10.103,8.80949,8.803560000000001,1,1
23.08.2021 00:37:25.162,8.80949,8.80369,1,1
23.08.2021 00:37:27.441,8.80949,8.80369,1,1.5
23.08.2021 00:37:28.356,8.80949,8.80369,1,1
23.08.2021 00:37:30.771,8.80887,8.80369,1,1
23.08.2021 00:37:30.980,8.80887,8.80311,1,1.12
23.08.2021 00:37:34.314,8.808860000000001,8.80312,1,1.62
23.08.2021 00:37:34.655,8.80887,8.80311,1,1.62
23.08.2021 00:37:34.756,8.808860000000001,8.80312,1,1.12
23.08.2021 00:37:41.434,8.80887,8.80311,1,1.5
23.08.2021 00:37:41.535,8.80887,8.80311,1,1.12
23.08.2021 00:37:42.047,8.808430000000001,8.80311,1,1
23.08.2021 00:37:52.038,8.80842,8.80312,1,1.5
23.08.2021 00:37:52.168,8.80842,8.80312,1,1.12
23.08.2021 00:37:52.372,8.80842,8.80312,1,1.5
23.08.2021 00:37:53.273,8.808430000000001,8.80311,1,1.5
23.08.2021 00:37:53.470,8.808430000000001,8.80311,1,1.5
23.08.2021 00:37:54.341,8.808430000000001,8.80311,1,1.12
23.08.2021 00:37:54.495,8.808430000000001,8.80311,1,1.5
23.08.2021 00:37:59.152,8.808430000000001,8.80311,1,1.12
23.08.2021 00:38:13.614,8.808430000000001,8.80301,1,1
23.08.2021 00:38:15.196,8.808430000000001,8.80301,1,1
23.08.2021 00:38:15.246,8.808430000000001,8.80311,1,1
23.08.2021 00:38:15.613,8.808430000000001,8.80301,1,1
23.08.2021 00:38:23.172,8.808430000000001,8.80301,1,1
23.08.2021 00:38:37.889,8.808430000000001,8.80339,1,1.5
23.08.2021 00:38:53.350,8.808430000000001,8.803080000000001,1,1
23.08.2021 00:38:59.325,8.808430000000001,8.80339,1,1
23.08.2021 00:39:02.219,8.808430000000001,8.80339,1,1.5
23.08.2021 00:39:03.036,8.808430000000001,8.80294,1,1.5
23.08.2021 00:39:03.247,8.808430000000001,8.80301,1,1
23.08.2021 00:39:03.455,8.808430000000001,8.80294,1,1.5
23.08.2021 00:39:03.587,8.808430000000001,8.80294,1,1.5
23.08.2021 00:39:03.791,8.80842,8.802950000000001,1,1.5
23.08.2021 00:39:05.710,8.808430000000001,8.803310000000002,1,1
23.08.2021 00:39:07.365,8.808430000000001,8.80301,1,1
23.08.2021 00:39:08.115,8.808430000000001,8.80301,1,1
23.08.2021 00:39:08.317,8.80842,8.80302,1,1
23.08.2021 00:39:08.545,8.808430000000001,8.80311,1,1
23.08.2021 00:39:08.752,8.808430000000001,8.80301,1,1
23.08.2021 00:39:09.394,8.80798,8.80301,1,1
23.08.2021 00:39:09.549,8.80798,8.80301,1,1
23.08.2021 00:39:11.399,8.80798,8.80301,1,1
23.08.2021 00:39:11.552,8.80798,8.80301,1,1
23.08.2021 00:39:11.809,8.80798,8.80301,1,1
23.08.2021 00:39:20.222,8.807970000000001,8.80302,1,1
23.08.2021 00:39:22.094,8.80809,8.80301,1,1
23.08.2021 00:39:27.593,8.80809,8.80301,1,1
23.08.2021 00:39:45.051,8.80808,8.80302,1,1
23.08.2021 00:39:45.261,8.80809,8.80293,1,1.5
23.08.2021 00:39:45.473,8.80809,8.80296,1,1
23.08.2021 00:39:45.611,8.80799,8.80296,1,1
23.08.2021 00:39:45.662,8.80799,8.80289,1,1.5
23.08.2021 00:39:46.120,8.80799,8.80289,1,1.5
23.08.2021 00:39:50.904,8.80799,8.80289,1,1.5
23.08.2021 00:39:51.055,8.80799,8.803,1,1
23.08.2021 00:39:51.106,8.80799,8.80301,1,1
23.08.2021 00:39:51.257,8.80799,8.80302,1,1
23.08.2021 00:39:53.255,8.80799,8.802980000000002,1,1
23.08.2021 00:39:53.457,8.80799,8.80302,1,1
23.08.2021 00:39:56.954,8.80844,8.80301,1,1
23.08.2021 00:39:57.105,8.80844,8.80291,1,1
23.08.2021 00:39:58.316,8.80844,8.80282,1,1
23.08.2021 00:40:03.689,8.80844,8.80306,1,1
23.08.2021 00:40:03.791,8.80844,8.80306,1,1
23.08.2021 00:40:03.997,8.808430000000001,8.80307,1,1
23.08.2021 00:40:11.058,8.80844,8.803139999999999,1,1
23.08.2021 00:40:14.541,8.80844,8.803139999999999,1,1.5
23.08.2021 00:40:14.757,8.80844,8.803139999999999,1,1.5
23.08.2021 00:40:26.814,8.80844,8.80317,1,1
23.08.2021 00:40:26.915,8.80844,8.80317,1,1
23.08.2021 00:40:27.080,8.80844,8.803139999999999,1,1.5
23.08.2021 00:40:32.048,8.80844,8.803139999999999,1,1.5
23.08.2021 00:40:33.053,8.80844,8.803139999999999,1,1.5
23.08.2021 00:40:34.218,8.80844,8.803189999999999,1,1
23.08.2021 00:40:34.419,8.80844,8.803180000000001,1,1
23.08.2021 00:40:36.088,8.80844,8.803180000000001,1,1
23.08.2021 00:40:38.630,8.80844,8.803180000000001,1,1
23.08.2021 00:40:51.702,8.80844,8.803180000000001,1,1
23.08.2021 00:40:51.908,8.80844,8.803180000000001,1,1
23.08.2021 00:40:52.099,8.808430000000001,8.803189999999999,1,1
23.08.2021 00:40:52.609,8.80844,8.80325,1,1
23.08.2021 00:40:52.710,8.80844,8.803180000000001,1,1
23.08.2021 00:40:54.669,8.80844,8.803139999999999,1,1.5
23.08.2021 00:40:55.503,8.80844,8.803139999999999,1,1.5
23.08.2021 00:40:55.769,8.80844,8.803139999999999,1,1.5
23.08.2021 00:41:00.309,8.80844,8.803139999999999,1,1.5
23.08.2021 00:41:00.808,8.80844,8.803189999999999,1,1
23.08.2021 00:41:02.925,8.80844,8.803189999999999,1,1
23.08.2021 00:41:05.388,8.80844,8.803130000000001,1,1.5
23.08.2021 00:41:06.073,8.80844,8.803130000000001,1,1
23.08.2021 00:41:06.616,8.80844,8.803130000000001,1,1.5
23.08.2021 00:41:07.018,8.80844,8.803130000000001,1,1
23.08.2021 00:41:16.193,8.80844,8.80291,1,1
23.08.2021 00:41:16.244,8.80844,8.80291,1,1
23.08.2021 00:41:16.369,8.80844,8.80307,1,1
23.08.2021 00:41:16.470,8.80844,8.80311,1,1
23.08.2021 00:41:16.674,8.80844,8.803130000000001,1,1
23.08.2021 00:41:18.759,8.80844,8.80317,1,1
23.08.2021 00:41:21.431,8.80844,8.80317,1,1
23.08.2021 00:41:24.510,8.80844,8.80317,1,1
23.08.2021 00:41:24.757,8.808430000000001,8.803180000000001,1,1
23.08.2021 00:41:30.360,8.80844,8.80311,1,1
23.08.2021 00:41:46.108,8.80844,8.80317,1,1
23.08.2021 00:41:46.261,8.80844,8.80312,1,1.5
23.08.2021 00:41:47.044,8.80844,8.803180000000001,1,1
23.08.2021 00:41:47.202,8.80844,8.80312,1,1.5
23.08.2021 00:41:48.186,8.80844,8.80317,1,1
23.08.2021 00:41:48.344,8.808430000000001,8.803130000000001,1,1.5
23.08.2021 00:41:51.771,8.80844,8.80317,1,1
23.08.2021 00:41:52.137,8.80844,8.80317,1,1
23.08.2021 00:41:52.338,8.80844,8.80317,1,1
23.08.2021 00:41:53.177,8.80844,8.803180000000001,1,1
23.08.2021 00:41:53.375,8.80844,8.80312,1,1.5
23.08.2021 00:41:56.259,8.808430000000001,8.803189999999999,1,1
23.08.2021 00:41:58.235,8.80844,8.80312,1,1.5
23.08.2021 00:41:58.336,8.80844,8.80312,1,1.5
23.08.2021 00:41:58.437,8.808430000000001,8.803180000000001,1,1
23.08.2021 00:41:58.645,8.808430000000001,8.803130000000001,1,1.5
23.08.2021 00:42:01.918,8.80844,8.80296,1,1
23.08.2021 00:42:02.553,8.80844,8.80296,1,1
23.08.2021 00:42:04.298,8.80844,8.80317,1,1
23.08.2021 00:42:04.451,8.80844,8.802950000000001,1,1
23.08.2021 00:42:05.306,8.80844,8.80317,1,1
23.08.2021 00:42:05.507,8.80844,8.802950000000001,1,1
23.08.2021 00:42:05.615,8.80844,8.802950000000001,1,1
23.08.2021 00:42:05.677,8.808430000000001,8.803189999999999,1,1
23.08.2021 00:42:05.907,8.80844,8.80317,1,1
23.08.2021 00:42:08.395,8.80844,8.802810000000001,1,1
23.08.2021 00:42:08.791,8.80844,8.802810000000001,1,1
23.08.2021 00:42:09.337,8.80844,8.80274,1,1
23.08.2021 00:42:09.538,8.80844,8.802810000000001,1,1
23.08.2021 00:42:09.752,8.80844,8.802810000000001,1,1
23.08.2021 00:42:12.332,8.808430000000001,8.80282,1,1
23.08.2021 00:42:14.065,8.80844,8.802810000000001,1,1
23.08.2021 00:42:17.593,8.80844,8.802660000000001,1,1.5
23.08.2021 00:42:17.644,8.80844,8.802660000000001,1,1.5
23.08.2021 00:42:17.854,8.808430000000001,8.80267,1,1.5
23.08.2021 00:42:17.955,8.80844,8.802810000000001,1,1
23.08.2021 00:42:25.146,8.80844,8.80302,1,1
23.08.2021 00:42:25.196,8.80857,8.80302,1,1
23.08.2021 00:42:27.082,8.80857,8.80292,1,1
23.08.2021 00:42:27.233,8.80847,8.80292,1,1
23.08.2021 00:42:27.334,8.80847,8.80291,1,1
23.08.2021 00:42:31.289,8.80847,8.803310000000002,1,1
23.08.2021 00:42:31.491,8.80846,8.80332,1,1
23.08.2021 00:42:33.129,8.80847,8.80312,1,1
23.08.2021 00:42:33.331,8.80847,8.80302,1,1
23.08.2021 00:42:35.321,8.80846,8.80302,1,1
23.08.2021 00:42:35.523,8.80846,8.80302,1,1
23.08.2021 00:42:37.209,8.808580000000001,8.80301,1,1
23.08.2021 00:42:39.389,8.808580000000001,8.80301,1,1
23.08.2021 00:42:54.011,8.808580000000001,8.80291,1,1
23.08.2021 00:43:02.936,8.80805,8.80292,1,1
23.08.2021 00:43:02.987,8.80805,8.80292,1,1
23.08.2021 00:43:03.139,8.80805,8.80292,1,1
23.08.2021 00:43:08.484,8.80805,8.80301,1,1
23.08.2021 00:43:08.685,8.80804,8.80302,1,1
23.08.2021 00:43:08.848,8.80804,8.803030000000001,1,1
23.08.2021 00:43:14.668,8.80805,8.80291,1,1
23.08.2021 00:43:14.719,8.8076,8.80291,1,1
23.08.2021 00:43:14.845,8.8076,8.802760000000001,1,1.5
23.08.2021 00:43:14.946,8.8076,8.802900000000001,1,1
23.08.2021 00:43:21.264,8.8076,8.802900000000001,1,1
23.08.2021 00:43:24.348,8.807730000000001,8.80283,1,1
23.08.2021 00:43:24.399,8.807730000000001,8.80291,1,1
23.08.2021 00:43:24.577,8.807730000000001,8.80291,1,1
23.08.2021 00:43:24.900,8.807730000000001,8.802950000000001,1,1
23.08.2021 00:43:25.184,8.807730000000001,8.80312,1,1
23.08.2021 00:43:29.404,8.80728,8.80282,1,1
23.08.2021 00:43:29.505,8.80728,8.80293,1,1.5
23.08.2021 00:43:29.606,8.80728,8.80287,1,1
23.08.2021 00:43:29.757,8.80728,8.80287,1,1
23.08.2021 00:43:29.914,8.80728,8.80293,1,1.5
23.08.2021 00:43:29.964,8.80739,8.80293,1,1.5
23.08.2021 00:43:30.015,8.80739,8.80287,1,1
23.08.2021 00:43:30.166,8.80739,8.80296,1,1
23.08.2021 00:43:30.608,8.80739,8.80283,1,1.5
23.08.2021 00:43:30.773,8.80739,8.80253,1,2.75
23.08.2021 00:43:31.459,8.80739,8.80253,1,1.5
23.08.2021 00:43:33.492,8.80739,8.80291,1,1
23.08.2021 00:43:34.389,8.80739,8.80291,1,1
23.08.2021 00:43:43.851,8.80739,8.802710000000001,1,1
23.08.2021 00:43:53.239,8.80739,8.80291,1,1
23.08.2021 00:43:53.290,8.80739,8.80297,1,1
23.08.2021 00:43:53.391,8.80739,8.803030000000001,1,1
23.08.2021 00:44:03.003,8.80739,8.80291,1,1
23.08.2021 00:44:03.104,8.80739,8.80235,1,1
23.08.2021 00:44:03.277,8.80739,8.80231,1,1
23.08.2021 00:44:03.620,8.80739,8.802410000000002,1,1
23.08.2021 00:44:04.061,8.80739,8.80235,1,1
23.08.2021 00:44:04.221,8.80739,8.80235,1,1
23.08.2021 00:44:06.495,8.80739,8.80235,1,1
23.08.2021 00:44:07.606,8.80734,8.80235,1,1
23.08.2021 00:44:07.707,8.80734,8.802410000000002,1,1
23.08.2021 00:44:08.173,8.80734,8.80263,1,1.62
23.08.2021 00:44:08.274,8.80734,8.80292,1,1
23.08.2021 00:44:08.397,8.80734,8.80297,1,1
23.08.2021 00:44:08.552,8.80734,8.80297,1,1
23.08.2021 00:44:19.079,8.80742,8.80297,1,1
23.08.2021 00:44:32.334,8.80742,8.80297,1,1
23.08.2021 00:44:32.435,8.80742,8.80293,1,1.5
23.08.2021 00:44:32.486,8.80742,8.80297,1,1
23.08.2021 00:44:32.588,8.80742,8.80297,1,1
23.08.2021 00:44:32.739,8.80742,8.80291,1,1
23.08.2021 00:44:32.896,8.80742,8.80297,1,1
23.08.2021 00:44:33.047,8.80742,8.80297,1,1
23.08.2021 00:44:33.203,8.80742,8.80297,1,1
23.08.2021 00:44:33.455,8.80742,8.80297,1,1
23.08.2021 00:44:33.511,8.80742,8.80297,1,1
23.08.2021 00:44:34.419,8.80741,8.802980000000002,1,1
23.08.2021 00:44:34.659,8.80742,8.802900000000001,1,1
23.08.2021 00:44:42.203,8.80741,8.80302,1,1
23.08.2021 00:44:44.591,8.80742,8.80301,1,1
23.08.2021 00:44:46.356,8.80742,8.80301,1,1
23.08.2021 00:44:47.656,8.80742,8.80287,1,1
23.08.2021 00:44:48.897,8.80704,8.80287,1,1
23.08.2021 00:44:49.462,8.80719,8.80287,1,1
23.08.2021 00:44:55.326,8.80719,8.802810000000001,1,1
23.08.2021 00:44:58.232,8.80719,8.80293,1,1
23.08.2021 00:44:58.343,8.80719,8.80293,1,1.5
23.08.2021 00:45:00.331,8.80719,8.80293,1,1.5
23.08.2021 00:45:00.526,8.80718,8.80294,1,1.5
23.08.2021 00:45:01.544,8.80719,8.80293,1,1.5
23.08.2021 00:45:02.552,8.80719,8.80293,1,1.5
23.08.2021 00:45:02.867,8.80719,8.80293,1,1.75
23.08.2021 00:45:03.173,8.80719,8.80293,1,1.75
23.08.2021 00:45:05.135,8.80719,8.80293,1,1.75
23.08.2021 00:45:05.236,8.80719,8.80293,1,1.75
23.08.2021 00:45:09.608,8.80719,8.80293,1,1.5
23.08.2021 00:45:11.204,8.80718,8.80299,1,1
23.08.2021 00:45:16.744,8.80719,8.80293,1,1.5
23.08.2021 00:45:22.990,8.80715,8.80279,1,1
23.08.2021 00:45:23.091,8.807160000000001,8.8027,1,1
23.08.2021 00:45:23.214,8.807160000000001,8.8027,1,1
23.08.2021 00:45:23.556,8.80663,8.8027,1,1
23.08.2021 00:45:23.657,8.80663,8.802410000000002,1,1
23.08.2021 00:45:23.784,8.80663,8.802410000000002,1,1
23.08.2021 00:45:23.885,8.80663,8.802620000000001,1,1
23.08.2021 00:45:38.879,8.80695,8.802510000000002,1,1
23.08.2021 00:45:39.080,8.806939999999999,8.80242,1,1
23.08.2021 00:45:39.181,8.80695,8.802410000000002,1,1
23.08.2021 00:45:39.282,8.80695,8.802410000000002,1,1
23.08.2021 00:45:46.886,8.80695,8.802410000000002,1,1
23.08.2021 00:45:54.438,8.806939999999999,8.80242,1,1
23.08.2021 00:46:06.396,8.80695,8.802410000000002,1,1
23.08.2021 00:46:06.446,8.806650000000001,8.802410000000002,1,1
23.08.2021 00:46:06.497,8.806930000000001,8.802410000000002,1,1
23.08.2021 00:46:06.597,8.80692,8.8024,1,1
23.08.2021 00:46:06.833,8.806930000000001,8.802410000000002,1,1
23.08.2021 00:46:07.538,8.806930000000001,8.802410000000002,1,1
23.08.2021 00:46:07.827,8.806930000000001,8.802410000000002,1,1
23.08.2021 00:46:15.745,8.806930000000001,8.802620000000001,1,1
23.08.2021 00:46:15.896,8.806930000000001,8.80277,1,1
23.08.2021 00:46:16.209,8.806930000000001,8.80283,1,1.5
23.08.2021 00:46:16.441,8.80719,8.80278,1,1
23.08.2021 00:46:16.542,8.80719,8.80278,1,1
23.08.2021 00:46:16.592,8.80719,8.802810000000001,1,1
23.08.2021 00:46:17.514,8.80719,8.80291,1,1
23.08.2021 00:46:18.500,8.80718,8.80292,1,1
23.08.2021 00:46:30.151,8.80719,8.80282,1,1
23.08.2021 00:46:35.116,8.80666,8.80269,1,1
23.08.2021 00:46:35.217,8.80666,8.80293,1,1.5
23.08.2021 00:46:35.335,8.80666,8.80283,1,1.5
23.08.2021 00:46:35.439,8.80666,8.80293,1,1.5
23.08.2021 00:46:35.540,8.80666,8.80273,1,1.5
23.08.2021 00:46:35.641,8.80666,8.80263,1,1.5
23.08.2021 00:46:35.805,8.80666,8.802610000000001,1,1
23.08.2021 00:46:36.213,8.80666,8.80273,1,1.5
23.08.2021 00:46:44.013,8.806650000000001,8.80297,1,1
23.08.2021 00:46:50.043,8.80691,8.80278,1,1
23.08.2021 00:46:50.144,8.80691,8.80278,1,1
23.08.2021 00:46:50.350,8.80691,8.80286,1,1
23.08.2021 00:46:50.549,8.80691,8.80286,1,1
23.08.2021 00:46:50.676,8.80691,8.802900000000001,1,1
23.08.2021 00:46:52.093,8.80691,8.80293,1,1
23.08.2021 00:46:52.154,8.80691,8.80293,1,1
23.08.2021 00:46:52.590,8.80691,8.80293,1,1
23.08.2021 00:46:52.808,8.80691,8.80292,1,1
23.08.2021 00:46:52.867,8.80691,8.80292,1,1
23.08.2021 00:46:53.188,8.80691,8.80292,1,1
23.08.2021 00:46:53.524,8.80691,8.80292,1,1
23.08.2021 00:46:53.625,8.8069,8.80294,1,1.5
23.08.2021 00:46:54.033,8.80691,8.80291,1,1
23.08.2021 00:46:54.088,8.80691,8.80292,1,1
23.08.2021 00:46:54.192,8.80691,8.80293,1,1.5
23.08.2021 00:46:54.529,8.80691,8.80293,1,1.5
23.08.2021 00:46:54.630,8.80713,8.803030000000001,1,1.5
23.08.2021 00:46:54.832,8.80713,8.80293,1,1.5
23.08.2021 00:46:54.947,8.80713,8.80293,1,1.5
23.08.2021 00:46:55.449,8.80713,8.803030000000001,1,1.5
23.08.2021 00:46:55.550,8.80713,8.803030000000001,1,1.5
23.08.2021 00:46:56.115,8.80712,8.80304,1,1.5
23.08.2021 00:46:56.320,8.80713,8.80296,1,1
23.08.2021 00:46:56.371,8.80713,8.803030000000001,1,1
23.08.2021 00:46:56.536,8.80713,8.803030000000001,1,1.5
23.08.2021 00:47:06.552,8.80712,8.80284,1,1.5
23.08.2021 00:47:06.653,8.80713,8.80283,1,1.5
23.08.2021 00:47:16.264,8.80713,8.803030000000001,1,1
23.08.2021 00:47:16.364,8.80713,8.80292,1,1
23.08.2021 00:47:16.469,8.80713,8.803030000000001,1,1.5
23.08.2021 00:47:16.570,8.80713,8.803030000000001,1,1
23.08.2021 00:47:16.620,8.80682,8.803030000000001,1,1
23.08.2021 00:47:16.721,8.80682,8.80306,1,1
23.08.2021 00:47:20.943,8.807030000000001,8.802850000000001,1,1
23.08.2021 00:47:21.044,8.80658,8.803030000000001,1,1.5
23.08.2021 00:47:25.998,8.806939999999999,8.80294,1,1.5
23.08.2021 00:47:26.049,8.80729,8.80283,1,1.5
23.08.2021 00:47:26.150,8.80747,8.803030000000001,1,1.5
23.08.2021 00:47:26.213,8.80747,8.803030000000001,1,1.5
23.08.2021 00:47:26.264,8.80759,8.803030000000001,1,1.5
23.08.2021 00:47:26.316,8.80759,8.803030000000001,1,1.5
23.08.2021 00:47:27.430,8.80759,8.803030000000001,1,1.5
23.08.2021 00:47:29.567,8.80759,8.80259,1,1.5
23.08.2021 00:47:29.710,8.80759,8.80259,1,1.5
23.08.2021 00:47:29.811,8.80739,8.80259,1,1
23.08.2021 00:47:29.912,8.80739,8.80273,1,1
23.08.2021 00:47:29.962,8.80739,8.80259,1,1.5
23.08.2021 00:47:30.015,8.80739,8.80273,1,1.5
23.08.2021 00:47:30.116,8.80739,8.803030000000001,1,1.5
23.08.2021 00:47:30.217,8.80739,8.803030000000001,1,1.5
23.08.2021 00:47:30.373,8.80739,8.80283,1,1.5
23.08.2021 00:47:30.727,8.80739,8.80283,1,1
23.08.2021 00:47:30.872,8.80739,8.80255,1,1
23.08.2021 00:47:30.922,8.80739,8.80283,1,1.5
23.08.2021 00:47:31.023,8.80739,8.80283,1,1.5
23.08.2021 00:47:31.230,8.80739,8.80259,1,1.5
23.08.2021 00:47:31.331,8.80739,8.8027,1,1
23.08.2021 00:47:31.381,8.80739,8.80283,1,1
23.08.2021 00:47:31.482,8.80739,8.80255,1,1
23.08.2021 00:47:31.532,8.80739,8.802430000000001,1,1.5
23.08.2021 00:47:31.683,8.80739,8.80263,1,1
23.08.2021 00:47:31.734,8.80739,8.80273,1,1.5
23.08.2021 00:47:31.835,8.80739,8.80283,1,1
23.08.2021 00:47:31.953,8.80739,8.80293,1,1.5
23.08.2021 00:47:32.142,8.80739,8.80283,1,1.5
23.08.2021 00:47:32.242,8.80739,8.80283,1,1.5
23.08.2021 00:47:32.343,8.80751,8.80293,1,1.5
23.08.2021 00:47:32.444,8.80751,8.80283,1,1.5
23.08.2021 00:47:32.738,8.80751,8.80283,1,1.5
23.08.2021 00:47:32.839,8.80751,8.803030000000001,1,1.5
23.08.2021 00:47:33.255,8.80751,8.803030000000001,1,1.5
23.08.2021 00:47:33.356,8.80751,8.803030000000001,1,1.5
23.08.2021 00:47:40.758,8.8072,8.80304,1,1.5
23.08.2021 00:47:41.082,8.80747,8.80283,1,1.5
23.08.2021 00:47:44.038,8.80747,8.80283,1,1.5
23.08.2021 00:47:44.089,8.80747,8.803030000000001,1,1.5
23.08.2021 00:47:44.290,8.80747,8.80293,1,1
23.08.2021 00:47:44.340,8.80747,8.803030000000001,1,1
23.08.2021 00:47:44.441,8.80747,8.803030000000001,1,1.5
23.08.2021 00:47:49.761,8.80747,8.803030000000001,1,1.5
23.08.2021 00:47:50.735,8.80747,8.803030000000001,1,1
23.08.2021 00:47:50.887,8.80747,8.803030000000001,1,1.5
23.08.2021 00:47:53.312,8.80592,8.803030000000001,1,1.5
23.08.2021 00:47:53.413,8.806180000000001,8.802980000000002,1,1
23.08.2021 00:47:53.514,8.80686,8.802810000000001,1,1
23.08.2021 00:47:53.614,8.807260000000001,8.802900000000001,1,1
23.08.2021 00:47:53.866,8.807260000000001,8.802900000000001,1,1
23.08.2021 00:47:54.080,8.807260000000001,8.80293,1,1.5
23.08.2021 00:47:55.105,8.80738,8.803030000000001,1,1.5
23.08.2021 00:47:56.731,8.807260000000001,8.803030000000001,1,1.5
23.08.2021 00:47:58.537,8.807260000000001,8.803030000000001,1,1.5
23.08.2021 00:48:10.551,8.807260000000001,8.803030000000001,1,1.5
23.08.2021 00:48:10.717,8.807260000000001,8.803030000000001,1,1.5
23.08.2021 00:48:12.996,8.807260000000001,8.80283,1,1.5
23.08.2021 00:48:13.104,8.807260000000001,8.802710000000001,1,1
23.08.2021 00:48:13.155,8.807260000000001,8.80283,1,1
23.08.2021 00:48:13.256,8.807260000000001,8.80293,1,1.5
23.08.2021 00:48:13.414,8.807260000000001,8.80293,1,1.5
23.08.2021 00:48:13.518,8.807260000000001,8.80283,1,1.5
23.08.2021 00:48:17.783,8.807260000000001,8.803030000000001,1,1.5
23.08.2021 00:48:23.433,8.806939999999999,8.803030000000001,1,1.5
23.08.2021 00:48:23.792,8.806939999999999,8.80289,1,1.5
23.08.2021 00:48:23.943,8.806939999999999,8.803030000000001,1,1.5
23.08.2021 00:48:24.094,8.807400000000001,8.803030000000001,1,1.5
23.08.2021 00:48:24.195,8.807400000000001,8.802850000000001,1,1
23.08.2021 00:48:24.296,8.807400000000001,8.80293,1,1.5
23.08.2021 00:48:24.447,8.807400000000001,8.80283,1,1.5
23.08.2021 00:48:24.622,8.807400000000001,8.803030000000001,1,1.5
23.08.2021 00:48:31.738,8.807400000000001,8.803030000000001,1,1.5
23.08.2021 00:48:34.290,8.80739,8.802900000000001,1,2.75
23.08.2021 00:48:36.844,8.80732,8.80283,1,1.5
23.08.2021 00:48:46.302,8.807400000000001,8.803030000000001,1,1.5
23.08.2021 00:48:46.453,8.807400000000001,8.80283,1,1.5
23.08.2021 00:48:46.554,8.807400000000001,8.80283,1,1.5
23.08.2021 00:48:46.655,8.807400000000001,8.80283,1,1.5
23.08.2021 00:48:46.756,8.807400000000001,8.80293,1,1.5
23.08.2021 00:48:47.148,8.807400000000001,8.80293,1,1.5
23.08.2021 00:48:59.197,8.807830000000001,8.80293,1,1.5
23.08.2021 00:48:59.451,8.80817,8.80284,1,1.5
23.08.2021 00:48:59.502,8.80836,8.80361,1,1
23.08.2021 00:48:59.552,8.80822,8.803189999999999,1,1.5
23.08.2021 00:48:59.603,8.80822,8.803189999999999,1,1.5
23.08.2021 00:48:59.899,8.80822,8.803189999999999,1,1
23.08.2021 00:49:00.156,8.80822,8.803030000000001,1,1
23.08.2021 00:49:00.256,8.80821,8.803189999999999,1,1
23.08.2021 00:49:00.856,8.80821,8.80231,1,1
23.08.2021 00:49:00.907,8.80821,8.803189999999999,1,1
23.08.2021 00:49:00.957,8.80821,8.803030000000001,1,1
23.08.2021 00:49:02.747,8.80767,8.80304,1,1
23.08.2021 00:49:10.932,8.807680000000001,8.802150000000001,1,1
23.08.2021 00:49:11.046,8.807680000000001,8.80289,1,2.25
23.08.2021 00:49:11.097,8.807680000000001,8.80283,1,1
23.08.2021 00:49:11.198,8.807960000000001,8.80283,1,1
23.08.2021 00:49:11.349,8.807960000000001,8.803030000000001,1,1
23.08.2021 00:49:14.129,8.80816,8.803030000000001,1,1
23.08.2021 00:49:14.230,8.80808,8.803030000000001,1,1
23.08.2021 00:49:15.480,8.80802,8.803030000000001,1,1
23.08.2021 00:49:15.892,8.80802,8.80269,1,1
23.08.2021 00:49:16.020,8.80802,8.802389999999999,1,1.5
23.08.2021 00:49:16.122,8.80802,8.802389999999999,1,1.5
23.08.2021 00:49:16.220,8.80802,8.803030000000001,1,1
23.08.2021 00:49:17.582,8.80802,8.80279,1,1
23.08.2021 00:49:17.633,8.808010000000001,8.8024,1,1.5
23.08.2021 00:49:17.683,8.80802,8.80283,1,1
23.08.2021 00:49:17.734,8.80802,8.80253,1,1
23.08.2021 00:49:17.784,8.80802,8.80263,1,1
23.08.2021 00:49:17.885,8.80802,8.80293,1,1
23.08.2021 00:49:17.985,8.80802,8.80273,1,1
23.08.2021 00:49:18.036,8.80802,8.80283,1,1
23.08.2021 00:49:18.238,8.80802,8.80293,1,1
23.08.2021 00:49:18.439,8.80817,8.80283,1,1
23.08.2021 00:49:19.765,8.80816,8.80304,1,1
23.08.2021 00:49:19.816,8.80817,8.80259,1,1
23.08.2021 00:49:19.967,8.80817,8.80269,1,1
23.08.2021 00:49:20.017,8.80817,8.80259,1,1
23.08.2021 00:49:20.068,8.80817,8.80283,1,1
23.08.2021 00:49:20.125,8.80816,8.802560000000001,1,1
23.08.2021 00:49:20.226,8.80816,8.80264,1,1
23.08.2021 00:49:20.377,8.80817,8.80283,1,1
23.08.2021 00:49:20.481,8.80816,8.80294,1,1
23.08.2021 00:49:20.584,8.80816,8.80284,1,1
23.08.2021 00:49:20.840,8.80817,8.803030000000001,1,1
23.08.2021 00:49:21.670,8.80817,8.802460000000002,1,1
23.08.2021 00:49:21.720,8.80817,8.80283,1,1
23.08.2021 00:49:21.771,8.80816,8.80247,1,1
23.08.2021 00:49:21.821,8.80817,8.80283,1,1
23.08.2021 00:49:21.922,8.80817,8.802460000000002,1,1
23.08.2021 00:49:21.972,8.80817,8.80253,1,1
23.08.2021 00:49:22.073,8.80817,8.80263,1,1
23.08.2021 00:49:22.174,8.80817,8.80283,1,1
23.08.2021 00:49:22.275,8.80817,8.803030000000001,1,1
23.08.2021 00:49:22.325,8.80817,8.80283,1,1
23.08.2021 00:49:27.854,8.80817,8.803030000000001,1,1
23.08.2021 00:49:41.107,8.80817,8.80279,1,1
23.08.2021 00:49:43.767,8.80862,8.80279,1,1
23.08.2021 00:49:43.969,8.80862,8.80283,1,1
23.08.2021 00:49:44.287,8.80862,8.803030000000001,1,1
23.08.2021 00:49:46.946,8.80844,8.803030000000001,1,1
23.08.2021 00:49:59.672,8.80844,8.80302,1,1
23.08.2021 00:50:08.099,8.80817,8.803030000000001,1,1
23.08.2021 00:50:10.504,8.808200000000001,8.80302,1,1
23.08.2021 00:50:13.951,8.807910000000001,8.803030000000001,1,1
23.08.2021 00:50:14.153,8.80826,8.80302,1,1
23.08.2021 00:50:14.855,8.80788,8.80302,1,1
23.08.2021 00:50:16.381,8.808250000000001,8.80302,1,1
23.08.2021 00:50:17.194,8.80795,8.80302,1,1
23.08.2021 00:50:17.245,8.808200000000001,8.80302,1,1
23.08.2021 00:50:27.380,8.808200000000001,8.80279,1,1
23.08.2021 00:50:35.425,8.808200000000001,8.80279,1,1.5
23.08.2021 00:50:40.408,8.808200000000001,8.80347,1,1
23.08.2021 00:50:40.773,8.80869,8.80347,1,1
23.08.2021 00:50:40.884,8.80869,8.802800000000001,1,1
23.08.2021 00:50:40.934,8.80869,8.80347,1,1
23.08.2021 00:50:50.530,8.80869,8.80309,1,1.5
23.08.2021 00:50:53.405,8.80869,8.80347,1,1
23.08.2021 00:50:54.939,8.809289999999999,8.803930000000001,1,1
23.08.2021 00:51:39.236,8.80875,8.803939999999999,1,1
23.08.2021 00:51:39.388,8.809180000000001,8.803930000000001,1,1
23.08.2021 00:51:41.967,8.808860000000001,8.803930000000001,1,1
23.08.2021 00:51:42.017,8.80927,8.803930000000001,1,1
23.08.2021 00:51:47.870,8.80976,8.803930000000001,1,1
23.08.2021 00:51:49.953,8.80976,8.80373,1,1
23.08.2021 00:51:54.771,8.80976,8.803210000000002,1,1
23.08.2021 00:51:54.821,8.80976,8.80373,1,1
23.08.2021 00:52:00.916,8.80976,8.803210000000002,1,1
23.08.2021 00:52:00.967,8.80976,8.80373,1,1
23.08.2021 00:52:01.250,8.809750000000001,8.803600000000001,1,1
23.08.2021 00:52:20.936,8.80976,8.803160000000002,1,1
23.08.2021 00:52:20.987,8.80976,8.80359,1,1
23.08.2021 00:52:22.572,8.80976,8.80373,1,1
23.08.2021 00:52:30.850,8.80976,8.80322,1,1
23.08.2021 00:52:30.900,8.80976,8.80373,1,1
23.08.2021 00:52:36.709,8.80914,8.80373,1,1
23.08.2021 00:52:37.237,8.80914,8.80418,1,1
23.08.2021 00:52:40.813,8.80914,8.803510000000001,1,1
23.08.2021 00:52:40.864,8.80914,8.80418,1,1
23.08.2021 00:52:44.708,8.8095,8.80419,1,1
23.08.2021 00:52:46.837,8.809510000000001,8.80361,1,1
23.08.2021 00:52:47.362,8.809510000000001,8.80418,1,1
23.08.2021 00:52:47.640,8.80994,8.80418,1,1
23.08.2021 00:52:47.932,8.80953,8.80418,1,1
23.08.2021 00:52:48.674,8.80922,8.80419,1,1
23.08.2021 00:52:48.725,8.8096,8.80418,1,1
23.08.2021 00:52:48.826,8.809880000000001,8.80418,1,1
23.08.2021 00:52:49.049,8.80955,8.80418,1,1
23.08.2021 00:52:49.324,8.80989,8.80418,1,1
23.08.2021 00:52:49.525,8.80962,8.80418,1,1
23.08.2021 00:52:49.951,8.80984,8.80418,1,1
23.08.2021 00:52:54.813,8.80983,8.80192,1,1
23.08.2021 00:52:54.863,8.80984,8.80418,1,1
23.08.2021 00:53:18.808,8.80958,8.80418,1,1
23.08.2021 00:53:20.835,8.80958,8.802389999999999,1,1
23.08.2021 00:53:20.886,8.80958,8.80418,1,1
23.08.2021 00:53:25.319,8.809930000000001,8.80418,1,1
23.08.2021 00:53:30.364,8.8096,8.80419,1,1
23.08.2021 00:53:30.911,8.809610000000001,8.8024,1,1
23.08.2021 00:53:30.962,8.809610000000001,8.80418,1,1
23.08.2021 00:53:31.187,8.8096,8.804630000000001,1,1
23.08.2021 00:53:37.382,8.810130000000001,8.80462,1,1
23.08.2021 00:53:44.692,8.810130000000001,8.80265,1,1
23.08.2021 00:53:45.551,8.810130000000001,8.80462,1,1
23.08.2021 00:54:05.210,8.810130000000001,8.80368,1,1.5
23.08.2021 00:54:18.091,8.810130000000001,8.80368,1,1.5
23.08.2021 00:54:18.446,8.810130000000001,8.80462,1,1
23.08.2021 00:54:19.337,8.810130000000001,8.8041,1,1
23.08.2021 00:54:20.852,8.810130000000001,8.80229,1,1
23.08.2021 00:54:20.902,8.810130000000001,8.8041,1,1
23.08.2021 00:54:23.142,8.809610000000001,8.8041,1,1
23.08.2021 00:54:34.768,8.809610000000001,8.802100000000001,1,1
23.08.2021 00:54:34.819,8.809610000000001,8.80366,1,1
23.08.2021 00:54:36.733,8.809610000000001,8.8041,1,1
23.08.2021 00:54:40.814,8.809610000000001,8.80151,1,1
23.08.2021 00:54:40.864,8.809610000000001,8.8041,1,1
23.08.2021 00:54:46.455,8.80909,8.8041,1,1
23.08.2021 00:54:50.921,8.80909,8.801530000000001,1,1
23.08.2021 00:54:50.972,8.80909,8.8041,1,1
23.08.2021 00:54:54.800,8.809080000000002,8.80197,1,1
23.08.2021 00:54:54.851,8.80909,8.8041,1,1
23.08.2021 00:55:00.447,8.80968,8.804110000000001,1,1
23.08.2021 00:55:00.904,8.80969,8.80217,1,1
23.08.2021 00:55:00.955,8.80969,8.8041,1,1
23.08.2021 00:55:16.260,8.80969,8.8041,1,1.5
23.08.2021 00:55:16.361,8.80992,8.80455,1,1
23.08.2021 00:55:16.411,8.80992,8.80369,1,1.5
23.08.2021 00:55:16.462,8.80992,8.80361,1,1
23.08.2021 00:55:17.330,8.80992,8.803510000000001,1,1
23.08.2021 00:55:27.173,8.81037,8.803510000000001,1,1
23.08.2021 00:55:27.273,8.81037,8.803510000000001,1,1
23.08.2021 00:55:35.277,8.81037,8.80361,1,1
23.08.2021 00:55:37.194,8.81037,8.80361,1,1
23.08.2021 00:55:47.736,8.81037,8.80361,1,1
23.08.2021 00:55:47.910,8.81037,8.80371,1,1
23.08.2021 00:55:54.174,8.81037,8.80361,1,1
23.08.2021 00:55:54.375,8.81037,8.803410000000001,1,1
23.08.2021 00:55:55.593,8.81037,8.803410000000001,1,1
23.08.2021 00:56:28.576,8.81037,8.80361,1,1
23.08.2021 00:56:28.984,8.810360000000001,8.80352,1,1
23.08.2021 00:56:29.845,8.81037,8.80361,1,1
23.08.2021 00:56:30.556,8.81037,8.803510000000001,1,1
23.08.2021 00:56:32.437,8.81037,8.80361,1,1
23.08.2021 00:56:32.830,8.81037,8.803510000000001,1,1
23.08.2021 00:56:41.890,8.81037,8.803510000000001,1,1
23.08.2021 00:56:59.251,8.81037,8.803410000000001,1,1
23.08.2021 00:56:59.302,8.80992,8.803410000000001,1,1
23.08.2021 00:56:59.503,8.80992,8.80301,1,1
23.08.2021 00:57:02.076,8.80992,8.80301,1,1
23.08.2021 00:57:02.277,8.80992,8.80332,1,1
23.08.2021 00:57:05.482,8.80992,8.803420000000001,1,1
23.08.2021 00:57:07.610,8.80992,8.803420000000001,1,1
23.08.2021 00:57:18.156,8.80992,8.80332,1,1
23.08.2021 00:57:18.307,8.810500000000001,8.80352,1,1
23.08.2021 00:57:18.358,8.81049,8.80353,1,1
23.08.2021 00:57:20.940,8.810500000000001,8.803410000000001,1,1
23.08.2021 00:57:28.890,8.810500000000001,8.80361,1,1
23.08.2021 00:57:43.526,8.81049,8.80362,1,1
23.08.2021 00:57:43.728,8.810500000000001,8.80361,1,1
23.08.2021 00:57:44.264,8.810500000000001,8.80371,1,1
23.08.2021 00:57:44.584,8.810500000000001,8.80381,1,1
23.08.2021 00:57:44.785,8.81049,8.80382,1,1
23.08.2021 00:57:51.192,8.810500000000001,8.80422,1,1
23.08.2021 00:57:52.398,8.81097,8.80412,1,1
23.08.2021 00:57:52.553,8.81097,8.804210000000001,1,1
23.08.2021 00:57:56.583,8.81097,8.80376,1,1.5
23.08.2021 00:58:00.959,8.81097,8.80412,1,1
23.08.2021 00:58:02.009,8.81097,8.804010000000002,1,1
23.08.2021 00:58:03.676,8.810960000000001,8.80402,1,1
23.08.2021 00:58:03.928,8.81097,8.80402,1,1
23.08.2021 00:58:11.380,8.81097,8.80391,1,1
23.08.2021 00:58:11.585,8.81097,8.80381,1,1
23.08.2021 00:58:11.829,8.81097,8.80375,1,1.5
23.08.2021 00:58:12.301,8.81097,8.80381,1,1
23.08.2021 00:58:12.532,8.81097,8.80375,1,1.5
23.08.2021 00:58:27.803,8.81097,8.80375,1,1.5
23.08.2021 00:58:32.614,8.81097,8.80375,1,1.5
23.08.2021 00:58:36.623,8.81097,8.80375,1,1.5
23.08.2021 00:58:38.684,8.81097,8.80375,1,1.5
23.08.2021 00:58:38.846,8.81097,8.804210000000001,1,1
23.08.2021 00:58:39.066,8.81097,8.804210000000001,1,1
23.08.2021 00:58:39.271,8.81097,8.80432,1,1
23.08.2021 00:58:39.638,8.81097,8.804310000000001,1,1
23.08.2021 00:58:40.351,8.81097,8.80441,1,0.87
23.08.2021 00:58:54.390,8.81097,8.80391,1,0.87
23.08.2021 00:59:00.851,8.81097,8.80402,1,0.87
23.08.2021 00:59:11.628,8.81072,8.804310000000001,1,0.87
23.08.2021 00:59:13.946,8.81072,8.804310000000001,1,0.87
23.08.2021 00:59:14.153,8.81072,8.80442,1,0.87
23.08.2021 00:59:14.751,8.81072,8.80441,1,0.87
23.08.2021 00:59:16.584,8.81071,8.80442,1,0.87
23.08.2021 00:59:17.854,8.81072,8.80441,1,0.87
23.08.2021 00:59:18.958,8.81072,8.80441,1,0.87
23.08.2021 00:59:25.891,8.81072,8.80441,1,0.87
23.08.2021 00:59:31.266,8.81072,8.804310000000001,1,0.87
23.08.2021 00:59:31.379,8.81072,8.804310000000001,1,0.87
23.08.2021 00:59:33.390,8.81072,8.80432,1,0.87
23.08.2021 00:59:41.387,8.81072,8.80432,1,0.87
23.08.2021 00:59:52.628,8.81072,8.80442,1,0.87
23.08.2021 00:59:53.116,8.81072,8.80441,1,0.87
23.08.2021 00:59:54.107,8.81072,8.80432,1,0.87
23.08.2021 00:59:55.709,8.81072,8.804210000000001,1,0.87
23.08.2021 00:59:55.900,8.81072,8.804110000000001,1,0.87
23.08.2021 00:59:56.102,8.81072,8.804310000000001,1,0.87
23.08.2021 01:00:00.855,8.81071,8.80422,1,0.87
23.08.2021 01:00:01.029,8.81072,8.804210000000001,1,0.87
23.08.2021 01:00:03.871,8.81072,8.804010000000002,1,0.87
23.08.2021 01:00:04.074,8.81072,8.804010000000002,1,0.87
23.08.2021 01:00:04.124,8.81035,8.803410000000001,1,0.87
23.08.2021 01:00:04.275,8.81035,8.80371,1,0.87
23.08.2021 01:00:04.474,8.81035,8.80381,1,0.87
23.08.2021 01:00:05.621,8.81035,8.80372,1,0.87
23.08.2021 01:00:05.800,8.81035,8.80361,1,0.87
23.08.2021 01:00:06.205,8.81035,8.803310000000002,1,0.87
23.08.2021 01:00:06.350,8.809750000000001,8.803310000000002,1,0.87
23.08.2021 01:00:06.451,8.809750000000001,8.80312,1,0.87
23.08.2021 01:00:06.589,8.80974,8.803130000000001,1,0.87
23.08.2021 01:00:08.142,8.809750000000001,8.803310000000002,1,0.87
23.08.2021 01:00:08.343,8.809750000000001,8.803310000000002,1,0.87
23.08.2021 01:00:11.033,8.809750000000001,8.803310000000002,1,0.87
23.08.2021 01:00:11.425,8.809750000000001,8.80301,1,0.87
23.08.2021 01:00:11.475,8.809750000000001,8.80301,1,0.87
23.08.2021 01:00:12.287,8.809750000000001,8.803310000000002,1,0.87
23.08.2021 01:00:12.433,8.809750000000001,8.803510000000001,1,0.87
23.08.2021 01:00:12.538,8.809750000000001,8.803510000000001,1,0.87
23.08.2021 01:00:12.833,8.809750000000001,8.803510000000001,1,0.87
23.08.2021 01:00:18.669,8.809750000000001,8.80439,1,1
23.08.2021 01:00:18.845,8.809750000000001,8.80429,1,1
23.08.2021 01:00:18.895,8.809750000000001,8.80449,1,1
23.08.2021 01:00:20.448,8.809750000000001,8.80361,1,0.87
23.08.2021 01:00:20.601,8.809750000000001,8.80361,1,0.87
23.08.2021 01:00:21.933,8.809750000000001,8.80361,1,0.87
23.08.2021 01:00:22.278,8.80974,8.80362,1,0.87
23.08.2021 01:00:23.998,8.809750000000001,8.80439,1,1
23.08.2021 01:00:26.604,8.809750000000001,8.80449,1,1
23.08.2021 01:00:31.907,8.809750000000001,8.80459,1,1
23.08.2021 01:00:32.019,8.809750000000001,8.804689999999999,1,1
23.08.2021 01:00:32.372,8.809750000000001,8.80449,1,1
23.08.2021 01:00:32.819,8.809750000000001,8.80459,1,1
23.08.2021 01:00:33.077,8.809750000000001,8.80449,1,1
23.08.2021 01:00:33.127,8.809750000000001,8.804689999999999,1,1
23.08.2021 01:00:38.232,8.809750000000001,8.80479,1,1
23.08.2021 01:00:39.250,8.80974,8.8047,1,1
23.08.2021 01:00:50.069,8.80974,8.8048,1,1
23.08.2021 01:00:50.220,8.809750000000001,8.80489,1,1
23.08.2021 01:00:50.928,8.809750000000001,8.804010000000002,1,0.87
23.08.2021 01:00:51.029,8.809750000000001,8.80489,1,1
23.08.2021 01:00:52.102,8.809750000000001,8.80479,1,1
23.08.2021 01:00:53.607,8.809750000000001,8.80489,1,1
23.08.2021 01:00:54.861,8.809750000000001,8.80479,1,1
23.08.2021 01:00:55.013,8.809750000000001,8.804689999999999,1,1
23.08.2021 01:00:55.164,8.809750000000001,8.80479,1,1
23.08.2021 01:00:55.265,8.809750000000001,8.804689999999999,1,1
23.08.2021 01:01:00.264,8.810270000000001,8.804689999999999,1,1
23.08.2021 01:01:00.315,8.810270000000001,8.80479,1,1
23.08.2021 01:01:00.663,8.810270000000001,8.80489,1,1
23.08.2021 01:01:00.908,8.810270000000001,8.804110000000001,1,0.87
23.08.2021 01:01:01.038,8.810270000000001,8.80489,1,1
23.08.2021 01:01:02.243,8.810270000000001,8.804689999999999,1,1
23.08.2021 01:01:02.617,8.810270000000001,8.80459,1,1
23.08.2021 01:01:02.689,8.810270000000001,8.804689999999999,1,1
23.08.2021 01:01:06.350,8.810270000000001,8.80479,1,1
23.08.2021 01:01:06.617,8.810270000000001,8.804689999999999,1,1
23.08.2021 01:01:11.144,8.810270000000001,8.80459,1,1
23.08.2021 01:01:11.244,8.810270000000001,8.80449,1,1
23.08.2021 01:01:13.135,8.810270000000001,8.80439,1,1
23.08.2021 01:01:13.681,8.810270000000001,8.80429,1,1
23.08.2021 01:01:14.292,8.810270000000001,8.80419,1,1
23.08.2021 01:01:14.393,8.810270000000001,8.80429,1,1
23.08.2021 01:01:14.741,8.810270000000001,8.80439,1,1
23.08.2021 01:01:14.842,8.810270000000001,8.80449,1,1
23.08.2021 01:01:14.943,8.810270000000001,8.80439,1,1
23.08.2021 01:01:15.197,8.810270000000001,8.80449,1,1
23.08.2021 01:01:15.391,8.810260000000001,8.804400000000001,1,1
23.08.2021 01:01:15.744,8.810270000000001,8.80429,1,1
23.08.2021 01:01:17.289,8.810270000000001,8.80449,1,1
23.08.2021 01:01:17.490,8.810270000000001,8.80429,1,1
23.08.2021 01:01:17.985,8.810270000000001,8.80439,1,1
23.08.2021 01:01:19.272,8.810270000000001,8.80429,1,1
23.08.2021 01:01:19.723,8.810270000000001,8.80419,1,1
23.08.2021 01:01:19.962,8.810270000000001,8.80429,1,1
23.08.2021 01:01:20.063,8.810270000000001,8.80439,1,1
23.08.2021 01:01:20.181,8.810270000000001,8.80419,1,1
23.08.2021 01:01:21.213,8.810270000000001,8.80429,1,1
23.08.2021 01:01:21.666,8.810270000000001,8.80419,1,1
23.08.2021 01:01:22.122,8.810270000000001,8.80439,1,1
23.08.2021 01:01:22.172,8.810270000000001,8.80429,1,1
23.08.2021 01:01:22.223,8.810260000000001,8.8042,1,1
23.08.2021 01:01:24.037,8.810260000000001,8.8043,1,1
23.08.2021 01:01:26.398,8.810270000000001,8.80439,1,1
23.08.2021 01:01:26.549,8.810270000000001,8.80429,1,1
23.08.2021 01:01:28.365,8.810270000000001,8.80419,1,1
23.08.2021 01:01:30.876,8.810270000000001,8.80354,1,0.87
23.08.2021 01:01:30.945,8.810270000000001,8.80419,1,1
23.08.2021 01:01:31.430,8.810270000000001,8.80429,1,1
23.08.2021 01:01:31.481,8.810270000000001,8.80419,1,1
23.08.2021 01:01:31.738,8.809660000000001,8.80419,1,1
23.08.2021 01:01:31.788,8.80965,8.8041,1,1
23.08.2021 01:01:32.175,8.809660000000001,8.80399,1,1
23.08.2021 01:01:32.335,8.809660000000001,8.803889999999999,1,1
23.08.2021 01:01:33.394,8.809660000000001,8.80399,1,1
23.08.2021 01:01:33.546,8.8099,8.80399,1,1
23.08.2021 01:01:33.696,8.8099,8.80409,1,1
23.08.2021 01:01:34.325,8.8099,8.80419,1,1
23.08.2021 01:01:34.480,8.8099,8.80409,1,1
23.08.2021 01:01:34.866,8.8099,8.803510000000001,1,0.87
23.08.2021 01:01:34.952,8.8099,8.80419,1,1
23.08.2021 01:01:35.053,8.8099,8.80409,1,1
23.08.2021 01:01:35.104,8.8099,8.80399,1,1
23.08.2021 01:01:35.440,8.8099,8.803889999999999,1,1
23.08.2021 01:01:36.700,8.8099,8.80399,1,1
23.08.2021 01:01:36.851,8.8099,8.803889999999999,1,1
23.08.2021 01:01:37.099,8.8099,8.80399,1,1
23.08.2021 01:01:37.576,8.8099,8.80409,1,1
23.08.2021 01:01:37.781,8.8099,8.80399,1,1
23.08.2021 01:01:37.895,8.8099,8.803310000000002,1,1
23.08.2021 01:01:38.253,8.8099,8.80359,1,1
23.08.2021 01:01:38.354,8.8099,8.80399,1,1
23.08.2021 01:01:40.952,8.8099,8.80343,1,0.87
23.08.2021 01:01:41.654,8.80989,8.804,1,1
23.08.2021 01:01:43.339,8.8099,8.803889999999999,1,1
23.08.2021 01:01:43.864,8.8099,8.80399,1,1
23.08.2021 01:01:44.016,8.8099,8.803889999999999,1,1
23.08.2021 01:01:44.613,8.8099,8.80399,1,1
23.08.2021 01:01:46.575,8.8099,8.803889999999999,1,1
23.08.2021 01:01:46.826,8.8099,8.80379,1,1
23.08.2021 01:01:47.246,8.8099,8.803889999999999,1,1
23.08.2021 01:01:49.175,8.8099,8.80399,1,1
23.08.2021 01:01:51.458,8.8099,8.80409,1,1
23.08.2021 01:01:51.965,8.8099,8.80399,1,1
23.08.2021 01:01:52.089,8.809520000000001,8.80399,1,1
23.08.2021 01:01:53.379,8.809510000000001,8.8039,1,1
23.08.2021 01:01:53.556,8.809520000000001,8.80379,1,1
23.08.2021 01:01:53.656,8.809510000000001,8.803700000000001,1,1
23.08.2021 01:01:54.011,8.80992,8.803700000000001,1,1
23.08.2021 01:01:56.635,8.809930000000001,8.80379,1,1
23.08.2021 01:01:57.374,8.809930000000001,8.80369,1,1
23.08.2021 01:01:57.424,8.809930000000001,8.80379,1,1
23.08.2021 01:01:58.642,8.80992,8.803600000000001,1,1
23.08.2021 01:01:58.795,8.809930000000001,8.80299,1,1.5
23.08.2021 01:02:01.035,8.809930000000001,8.80301,1,1
23.08.2021 01:02:01.783,8.809930000000001,8.80301,1,1
23.08.2021 01:02:02.420,8.809930000000001,8.80301,1,1
23.08.2021 01:02:02.622,8.809930000000001,8.80329,1,1.5
23.08.2021 01:02:09.051,8.809930000000001,8.80329,1,1.5
23.08.2021 01:02:09.255,8.809930000000001,8.80349,1,1.5
23.08.2021 01:02:10.784,8.80992,8.80372,1,1
23.08.2021 01:02:11.015,8.809930000000001,8.80449,1,1
23.08.2021 01:02:11.573,8.809930000000001,8.80439,1,1
23.08.2021 01:02:11.679,8.81047,8.80449,1,1
23.08.2021 01:02:12.385,8.81047,8.80459,1,1
23.08.2021 01:02:12.876,8.8101,8.80459,1,1
23.08.2021 01:02:12.977,8.8101,8.804689999999999,1,1
23.08.2021 01:02:13.606,8.8101,8.80419,1,1
23.08.2021 01:02:13.706,8.8101,8.803889999999999,1,1.5
23.08.2021 01:02:17.747,8.8101,8.80379,1,1.5
23.08.2021 01:02:18.281,8.8101,8.803889999999999,1,1.5
23.08.2021 01:02:18.657,8.8101,8.80399,1,1.5
23.08.2021 01:02:18.890,8.8101,8.80399,1,1.5
23.08.2021 01:02:19.716,8.8101,8.80399,1,1.5
23.08.2021 01:02:20.463,8.8101,8.80399,1,1.5
23.08.2021 01:02:23.615,8.8101,8.80399,1,1.5
23.08.2021 01:02:23.817,8.8101,8.803889999999999,1,1.5
23.08.2021 01:02:24.413,8.8101,8.803889999999999,1,1.5
23.08.2021 01:02:25.983,8.8101,8.80409,1,1.5
23.08.2021 01:02:26.034,8.81069,8.80409,1,1.5
23.08.2021 01:02:26.084,8.81069,8.804689999999999,1,1
23.08.2021 01:02:26.185,8.8109,8.80529,1,1
23.08.2021 01:02:26.235,8.8109,8.80509,1,1
23.08.2021 01:02:26.342,8.8109,8.80529,1,1
23.08.2021 01:02:26.568,8.8109,8.80519,1,1
23.08.2021 01:02:26.820,8.8109,8.80499,1,1
23.08.2021 01:02:27.796,8.8109,8.80519,1,1
23.08.2021 01:02:28.527,8.8109,8.80509,1,1
23.08.2021 01:02:29.241,8.8109,8.80519,1,1
23.08.2021 01:02:29.304,8.8109,8.80509,1,1
23.08.2021 01:02:29.796,8.8109,8.80519,1,1
23.08.2021 01:02:29.847,8.8109,8.80509,1,1
23.08.2021 01:02:29.926,8.81089,8.805200000000001,1,1
23.08.2021 01:02:30.026,8.8109,8.80509,1,1
23.08.2021 01:02:30.077,8.808610000000002,8.80509,1,1
23.08.2021 01:02:30.178,8.80668,8.805,7.15,1
23.08.2021 01:02:30.229,8.809360000000002,8.80499,1,1
23.08.2021 01:02:30.279,8.808510000000002,8.805,1,1
23.08.2021 01:02:30.380,8.805200000000001,8.80309,4.22,1.75
23.08.2021 01:02:30.481,8.80494,8.802230000000002,1,1.75
23.08.2021 01:02:30.581,8.80497,8.80214,1,3
23.08.2021 01:02:30.904,8.804860000000001,8.80203,1,1.75
23.08.2021 01:02:31.055,8.80451,8.80172,1,1
23.08.2021 01:02:31.105,8.80439,8.801530000000001,1,1
23.08.2021 01:02:31.156,8.80447,8.801530000000001,1,1
23.08.2021 01:02:31.256,8.80418,8.801530000000001,1,1.62
23.08.2021 01:02:31.307,8.80437,8.80206,1,1
23.08.2021 01:02:31.407,8.80437,8.80146,1,1.5
23.08.2021 01:02:31.458,8.804450000000001,8.801530000000001,1,1.5
23.08.2021 01:02:31.508,8.804450000000001,8.801530000000001,1,1
23.08.2021 01:02:31.559,8.80456,8.801530000000001,1,1
23.08.2021 01:02:31.660,8.80475,8.80213,1,1
23.08.2021 01:02:31.710,8.80482,8.80213,1,1.5
23.08.2021 01:02:31.911,8.80497,8.802330000000001,1,1.62
23.08.2021 01:02:32.012,8.805,8.80154,1,1.25
23.08.2021 01:02:32.113,8.805,8.80206,1,1.5
23.08.2021 01:02:32.644,8.805,8.80206,1,1.5
23.08.2021 01:02:33.034,8.805,8.80206,1,1.5
23.08.2021 01:02:33.788,8.80511,8.80206,1,1.5
23.08.2021 01:02:33.839,8.80504,8.801730000000001,1,1.75
23.08.2021 01:02:36.259,8.80504,8.80206,1,1.5
23.08.2021 01:02:36.791,8.80511,8.80206,1,1.5
23.08.2021 01:02:36.892,8.80494,8.80154,1,1
23.08.2021 01:02:37.838,8.804730000000001,8.80154,1,1.62
23.08.2021 01:02:38.218,8.805100000000001,8.801530000000001,1,1.62
23.08.2021 01:02:38.392,8.805100000000001,8.801530000000001,1,1.62
23.08.2021 01:02:38.888,8.805100000000001,8.801530000000001,1,1.62
23.08.2021 01:02:39.066,8.805100000000001,8.80154,1,1
23.08.2021 01:02:39.794,8.8055,8.801530000000001,1,1.62
23.08.2021 01:02:39.844,8.80523,8.801530000000001,1,1
23.08.2021 01:02:39.945,8.80523,8.801530000000001,1,1.62
23.08.2021 01:02:40.097,8.8058,8.801530000000001,1,1.62
23.08.2021 01:02:40.299,8.80579,8.80154,1,1.81
23.08.2021 01:02:40.500,8.806080000000001,8.80154,1,1
23.08.2021 01:02:40.551,8.80589,8.80155,1,1
23.08.2021 01:02:40.653,8.80569,8.801530000000001,1,1
23.08.2021 01:02:40.703,8.80569,8.801530000000001,1,1
23.08.2021 01:02:40.804,8.8057,8.801530000000001,1,1
23.08.2021 01:02:40.854,8.8056,8.80154,1,1
23.08.2021 01:02:40.955,8.80557,8.80154,1,1
23.08.2021 01:02:41.079,8.80554,8.801530000000001,1,1.62
23.08.2021 01:02:41.129,8.80554,8.801530000000001,1,1
23.08.2021 01:02:41.230,8.805710000000001,8.80154,1,1
23.08.2021 01:02:41.331,8.807010000000002,8.80175,1,1.12
23.08.2021 01:02:41.532,8.807010000000002,8.80175,1,1.5
23.08.2021 01:02:41.859,8.807010000000002,8.80175,1,1
23.08.2021 01:02:42.054,8.807010000000002,8.80175,1,1.5
23.08.2021 01:02:42.449,8.807010000000002,8.80175,1,1.5
23.08.2021 01:02:42.500,8.80684,8.80189,1,1.5
23.08.2021 01:02:42.651,8.8069,8.801730000000001,1,1
23.08.2021 01:02:42.701,8.8068,8.80193,1,1
23.08.2021 01:02:42.752,8.807010000000002,8.80161,1,1
23.08.2021 01:02:42.802,8.807110000000002,8.8019,1,1
23.08.2021 01:02:42.903,8.80713,8.80206,1,1
23.08.2021 01:02:42.953,8.807360000000001,8.80175,1,1
23.08.2021 01:02:43.004,8.80713,8.801760000000002,1,1
23.08.2021 01:02:43.054,8.80713,8.801630000000001,1,1.5
23.08.2021 01:02:43.105,8.80707,8.80195,1,1
23.08.2021 01:02:43.155,8.807220000000001,8.801960000000001,1,1
23.08.2021 01:02:43.255,8.80715,8.801960000000001,1,1
23.08.2021 01:02:43.306,8.80715,8.80155,1,1.5
23.08.2021 01:02:43.356,8.80714,8.80179,1,1
23.08.2021 01:02:43.457,8.80709,8.801810000000001,1,1
23.08.2021 01:02:43.508,8.80715,8.80179,1,1
23.08.2021 01:02:43.559,8.807010000000002,8.80204,1,1
23.08.2021 01:02:43.609,8.80714,8.8017,1,1.12
23.08.2021 01:02:43.659,8.806930000000001,8.802010000000001,1,1.5
23.08.2021 01:02:43.760,8.80666,8.80172,1,1.5
23.08.2021 01:02:43.811,8.80674,8.80154,1,1
23.08.2021 01:02:43.916,8.80666,8.80147,1,1.75
23.08.2021 01:02:44.017,8.80705,8.8017,1,1
23.08.2021 01:02:44.118,8.80704,8.801810000000001,1,1
23.08.2021 01:02:44.168,8.807080000000001,8.801810000000001,1,1
23.08.2021 01:02:45.440,8.80695,8.80212,1,1
23.08.2021 01:02:46.973,8.806930000000001,8.8018,1,1.5
23.08.2021 01:02:47.024,8.806930000000001,8.80204,1,1
23.08.2021 01:02:47.124,8.807160000000001,8.8016,1,1
23.08.2021 01:02:47.175,8.807110000000002,8.80152,1.25,1
23.08.2021 01:02:47.225,8.807210000000001,8.80161,1,1
23.08.2021 01:02:47.376,8.807210000000001,8.801480000000002,1.25,1.5
23.08.2021 01:02:47.477,8.80712,8.801710000000002,1,1
23.08.2021 01:02:47.528,8.80713,8.801530000000001,1,1.12
23.08.2021 01:02:47.578,8.80692,8.802410000000002,1,1
23.08.2021 01:02:47.629,8.807030000000001,8.802,1.25,1
23.08.2021 01:02:47.679,8.806470000000001,8.80199,1,1
23.08.2021 01:02:47.730,8.80667,8.80161,1,1
23.08.2021 01:02:47.780,8.80657,8.80182,1,1
23.08.2021 01:02:47.881,8.80643,8.801870000000001,1,1
23.08.2021 01:02:47.931,8.80645,8.80169,1,1
23.08.2021 01:02:47.982,8.80639,8.8019,1,1
23.08.2021 01:02:48.083,8.80629,8.80206,1,1
23.08.2021 01:02:48.272,8.806280000000001,8.802050000000001,1,1
23.08.2021 01:02:49.823,8.80649,8.80225,1.25,1
23.08.2021 01:02:49.874,8.80649,8.80225,1,1
23.08.2021 01:02:50.803,8.80643,8.80214,1,1
23.08.2021 01:02:51.005,8.806210000000002,8.80182,1,1
23.08.2021 01:02:51.056,8.80635,8.80155,1,1
23.08.2021 01:02:51.157,8.806410000000001,8.80154,1.25,1.12
23.08.2021 01:02:51.207,8.80627,8.80179,1,1
23.08.2021 01:02:51.258,8.80633,8.8018,1,1
23.08.2021 01:02:51.308,8.80634,8.8019,1,1
23.08.2021 01:02:51.359,8.80649,8.8016,1,1
23.08.2021 01:02:51.409,8.80617,8.80212,1,1
23.08.2021 01:02:51.460,8.8062,8.801760000000002,1,1
23.08.2021 01:02:51.510,8.806130000000001,8.80206,1,1
23.08.2021 01:02:51.611,8.80637,8.80177,1,1
23.08.2021 01:02:51.662,8.80611,8.8019,1,1
23.08.2021 01:02:51.763,8.80562,8.80183,1,1
23.08.2021 01:02:52.822,8.80564,8.801960000000001,1,1
23.08.2021 01:02:52.923,8.805660000000001,8.801639999999999,1,1
23.08.2021 01:02:52.973,8.80558,8.80188,1,1
23.08.2021 01:02:53.024,8.80562,8.801730000000001,1,1
23.08.2021 01:02:53.074,8.805610000000001,8.80189,1,1
23.08.2021 01:02:54.805,8.80582,8.80202,1.25,1
23.08.2021 01:02:54.856,8.80564,8.801960000000001,1,1
23.08.2021 01:02:55.806,8.805860000000001,8.80204,1.25,1
23.08.2021 01:02:55.856,8.80572,8.80197,1,1
23.08.2021 01:02:56.807,8.80593,8.80204,1.25,1
23.08.2021 01:02:56.857,8.80579,8.80198,1,1
23.08.2021 01:02:57.127,8.805850000000001,8.801639999999999,1,1
23.08.2021 01:02:57.328,8.8057,8.801870000000001,1,1
23.08.2021 01:02:57.480,8.80575,8.80161,1,1
23.08.2021 01:02:57.675,8.8056,8.80188,1,1
23.08.2021 01:02:57.726,8.805610000000001,8.80169,1,1
23.08.2021 01:02:57.827,8.805710000000001,8.80154,1,1
23.08.2021 01:02:57.928,8.805710000000001,8.80154,1,1
23.08.2021 01:02:58.029,8.80591,8.80167,1.25,1
23.08.2021 01:02:58.080,8.80591,8.80167,1.25,1
23.08.2021 01:02:58.246,8.805670000000001,8.8019,1,1
23.08.2021 01:02:59.687,8.805760000000001,8.80162,1,1
23.08.2021 01:02:59.788,8.805660000000001,8.801910000000001,1,1
23.08.2021 01:02:59.839,8.8058,8.801580000000001,1,1
23.08.2021 01:03:00.602,8.80565,8.8019,1,1
23.08.2021 01:03:00.652,8.80574,8.80174,1,1
23.08.2021 01:03:00.703,8.805660000000001,8.8019,1,1
23.08.2021 01:03:02.094,8.80559,8.801810000000001,1,1
23.08.2021 01:03:02.200,8.80563,8.801530000000001,1,1.31
23.08.2021 01:03:02.443,8.8055,8.80182,1,1
23.08.2021 01:03:02.811,8.80563,8.80189,1,1
23.08.2021 01:03:02.912,8.80563,8.801530000000001,1,1.75
23.08.2021 01:03:03.013,8.80563,8.801530000000001,1,1.31
23.08.2021 01:03:03.246,8.80554,8.8018,1,1
23.08.2021 01:03:03.525,8.80564,8.80154,1,1.31
23.08.2021 01:03:20.579,8.805330000000001,8.8017,1,1
23.08.2021 01:03:20.680,8.805200000000001,8.80162,1,1
23.08.2021 01:03:20.781,8.80512,8.80188,1,1
23.08.2021 01:03:20.832,8.80514,8.80165,1,1
23.08.2021 01:03:20.882,8.80513,8.80189,1,1
23.08.2021 01:03:20.983,8.80504,8.80174,1,1
23.08.2021 01:03:22.634,8.8049,8.801660000000002,1,1
23.08.2021 01:03:25.798,8.80482,8.80159,1,1
23.08.2021 01:03:32.975,8.804689999999999,8.801530000000001,1,1.5
23.08.2021 01:03:33.076,8.80472,8.8015,1,1.5
23.08.2021 01:03:33.177,8.805510000000002,8.80039,1.25,1.25
23.08.2021 01:03:33.278,8.80596,8.8,1.25,1.5
23.08.2021 01:03:33.379,8.8058,8.8,1.25,1
23.08.2021 01:03:33.429,8.80507,8.8,1.25,1
23.08.2021 01:03:33.580,8.80507,8.799930000000002,1.25,1
23.08.2021 01:03:33.959,8.80514,8.799930000000002,1.25,1
23.08.2021 01:03:35.607,8.80509,8.799930000000002,1,1
23.08.2021 01:03:36.143,8.805100000000001,8.79994,1,1
23.08.2021 01:03:36.701,8.80513,8.799930000000002,1,1
23.08.2021 01:03:39.070,8.80513,8.79963,1,1
23.08.2021 01:03:39.171,8.80512,8.79963,1,1
23.08.2021 01:03:39.679,8.80511,8.79963,1,1
23.08.2021 01:03:40.241,8.805060000000001,8.79963,1,1
23.08.2021 01:03:40.832,8.805060000000001,8.79967,1,1
23.08.2021 01:03:40.882,8.805060000000001,8.79964,1,1
23.08.2021 01:03:40.941,8.80588,8.79964,1,1
23.08.2021 01:03:40.992,8.80508,8.79964,1,1
23.08.2021 01:03:41.556,8.805060000000001,8.79965,1,1
23.08.2021 01:03:42.115,8.80508,8.79964,1,1
23.08.2021 01:03:42.917,8.80502,8.79964,1,1
23.08.2021 01:03:43.460,8.805060000000001,8.79964,1,1
23.08.2021 01:03:48.802,8.80507,8.79964,1,1
23.08.2021 01:03:49.329,8.80508,8.79964,1,1
23.08.2021 01:03:49.921,8.80516,8.79964,1,1
23.08.2021 01:03:50.460,8.80517,8.79965,1,1
23.08.2021 01:03:50.891,8.80719,8.79965,1.5,1
23.08.2021 01:03:50.988,8.8072,8.79964,1.5,1
23.08.2021 01:03:51.038,8.80518,8.79964,1,1
23.08.2021 01:03:51.189,8.80517,8.79964,1,1
23.08.2021 01:03:52.768,8.80518,8.79964,1,1
23.08.2021 01:03:53.317,8.80526,8.79964,1,1
23.08.2021 01:03:53.876,8.80524,8.79964,1,1
23.08.2021 01:03:54.486,8.8053,8.79964,1,1
23.08.2021 01:03:55.002,8.805280000000002,8.79964,1,1
23.08.2021 01:03:55.554,8.80527,8.79964,1,1
23.08.2021 01:03:56.106,8.8053,8.79964,1,1
23.08.2021 01:03:56.264,8.8053,8.79987,1,1
23.08.2021 01:03:56.466,8.80552,8.79987,1,1
23.08.2021 01:03:57.924,8.805560000000002,8.79988,1,1
23.08.2021 01:03:58.482,8.805460000000002,8.79987,1,1
23.08.2021 01:03:58.924,8.80542,8.79988,1,1
23.08.2021 01:03:59.127,8.80539,8.79987,1,1
23.08.2021 01:04:00.154,8.80537,8.79987,1,1
23.08.2021 01:04:00.680,8.80532,8.79987,1,1
23.08.2021 01:04:01.265,8.80536,8.79987,1,1
23.08.2021 01:04:01.821,8.80529,8.79987,1,1
23.08.2021 01:04:02.365,8.80531,8.79987,1,1
23.08.2021 01:04:02.908,8.80539,8.79987,1,1
23.08.2021 01:04:03.591,8.8054,8.79987,1,1
23.08.2021 01:04:04.165,8.805380000000001,8.79988,1,1
23.08.2021 01:04:05.256,8.80541,8.79987,1,1
23.08.2021 01:04:05.485,8.80558,8.79987,1,1
23.08.2021 01:04:06.006,8.80559,8.79987,1,1
23.08.2021 01:04:06.481,8.805560000000002,8.79987,1,1
23.08.2021 01:04:06.756,8.80541,8.79987,1,1
23.08.2021 01:04:07.321,8.80537,8.79988,1,1
23.08.2021 01:04:08.249,8.80534,8.79987,1,1
23.08.2021 01:04:08.816,8.80535,8.79987,1,1
23.08.2021 01:04:08.917,8.80535,8.799900000000001,1,1
23.08.2021 01:04:08.967,8.80569,8.799900000000001,1,1
23.08.2021 01:04:09.018,8.80539,8.799900000000001,1,1
23.08.2021 01:04:09.598,8.805439999999999,8.799900000000001,1,1
23.08.2021 01:04:10.170,8.80542,8.799900000000001,1,1
23.08.2021 01:04:10.828,8.8054,8.799900000000001,1,1
23.08.2021 01:04:11.275,8.80542,8.799900000000001,1,1
23.08.2021 01:04:11.828,8.80545,8.799900000000001,1,1
23.08.2021 01:04:12.422,8.805439999999999,8.799900000000001,1,1
23.08.2021 01:04:12.954,8.80547,8.799900000000001,1,1
23.08.2021 01:04:13.498,8.80541,8.799900000000001,1,1
23.08.2021 01:04:14.042,8.80545,8.799900000000001,1,1
23.08.2021 01:04:14.771,8.80547,8.799900000000001,1,1
23.08.2021 01:04:15.232,8.80539,8.799900000000001,1,1
23.08.2021 01:04:15.775,8.80535,8.799900000000001,1,1
23.08.2021 01:04:15.997,8.805510000000002,8.799900000000001,1,1
23.08.2021 01:04:16.363,8.805510000000002,8.80028,1,1
23.08.2021 01:04:16.564,8.80562,8.80028,1,1
23.08.2021 01:04:17.063,8.80565,8.80028,1,1
23.08.2021 01:04:18.924,8.805660000000001,8.80028,1,1
23.08.2021 01:04:18.974,8.80563,8.80028,1,1
23.08.2021 01:04:19.075,8.80547,8.80028,1,1
23.08.2021 01:04:19.627,8.8056,8.80029,1,1
23.08.2021 01:04:20.173,8.8056,8.80028,1,1
23.08.2021 01:04:21.635,8.805610000000001,8.80028,1,1
23.08.2021 01:04:24.663,8.8056,8.80028,1,1
23.08.2021 01:04:25.153,8.80557,8.80029,1,1
23.08.2021 01:04:26.031,8.80557,8.80028,1,1
23.08.2021 01:04:26.322,8.80563,8.80028,1,1
23.08.2021 01:04:26.883,8.80577,8.80028,1,1
23.08.2021 01:04:27.401,8.8058,8.80028,1,1
23.08.2021 01:04:27.569,8.80639,8.80028,1.5,1
23.08.2021 01:04:27.670,8.80573,8.80028,1,1
23.08.2021 01:04:27.821,8.805560000000002,8.80029,1,1
23.08.2021 01:04:28.319,8.8057,8.80028,1,1
23.08.2021 01:04:28.724,8.80552,8.80028,1,1
23.08.2021 01:04:29.302,8.80563,8.80028,1,1
23.08.2021 01:04:29.830,8.805610000000001,8.80028,1,1
23.08.2021 01:04:31.821,8.80559,8.80028,1,1
23.08.2021 01:04:32.945,8.8056,8.80028,1,1
23.08.2021 01:04:34.908,8.80559,8.80028,1,1
23.08.2021 01:04:35.465,8.80554,8.80028,1,1
23.08.2021 01:04:36.618,8.805560000000002,8.80028,1,1
23.08.2021 01:04:37.165,8.80555,8.80028,1,1
23.08.2021 01:04:37.932,8.805560000000002,8.80029,1,1
23.08.2021 01:04:38.471,8.805460000000002,8.80028,1,1
23.08.2021 01:04:38.728,8.80522,8.80028,1,1
23.08.2021 01:04:39.326,8.80518,8.80028,1,1
23.08.2021 01:04:39.725,8.80518,8.799980000000001,1,1
23.08.2021 01:04:39.926,8.80514,8.799980000000001,1,1
23.08.2021 01:04:40.437,8.80513,8.799980000000001,1,1
23.08.2021 01:04:40.983,8.805150000000001,8.79999,1,1
23.08.2021 01:04:42.572,8.80527,8.799980000000001,1,1
23.08.2021 01:04:43.095,8.805250000000001,8.799980000000001,1,1
23.08.2021 01:04:44.782,8.80524,8.799980000000001,1,1
23.08.2021 01:04:45.630,8.805250000000001,8.799980000000001,1,1
23.08.2021 01:04:46.335,8.80524,8.799980000000001,1,1
23.08.2021 01:04:46.791,8.80517,8.79999,1,1
23.08.2021 01:04:47.363,8.80519,8.799980000000001,1,1
23.08.2021 01:04:47.983,8.80522,8.799980000000001,1,1
23.08.2021 01:04:48.044,8.80558,8.799980000000001,1,1
23.08.2021 01:04:48.146,8.80524,8.799980000000001,1,1
23.08.2021 01:04:49.087,8.805250000000001,8.799980000000001,1,1
23.08.2021 01:04:49.601,8.8053,8.799980000000001,1,1
23.08.2021 01:04:50.261,8.805280000000002,8.799980000000001,1,1
23.08.2021 01:04:50.816,8.8053,8.799980000000001,1,1
23.08.2021 01:04:51.379,8.805250000000001,8.799980000000001,1,1
23.08.2021 01:04:52.251,8.80519,8.799980000000001,1,1
23.08.2021 01:04:52.765,8.80521,8.799980000000001,1,1
23.08.2021 01:04:53.291,8.80526,8.799980000000001,1,1
23.08.2021 01:04:53.869,8.80523,8.799980000000001,1,1
23.08.2021 01:04:54.424,8.80526,8.799980000000001,1,1
23.08.2021 01:04:54.878,8.80526,8.800030000000001,1,1
23.08.2021 01:04:54.979,8.80554,8.80017,1,1
23.08.2021 01:04:55.080,8.80527,8.800180000000001,1,1
23.08.2021 01:04:55.652,8.80527,8.80017,1,1
23.08.2021 01:04:56.537,8.805250000000001,8.80017,1,1
23.08.2021 01:04:57.250,8.80527,8.80017,1,1
23.08.2021 01:04:57.351,8.80552,8.80017,1,1
23.08.2021 01:04:57.792,8.80521,8.80017,1,1
23.08.2021 01:04:58.369,8.80518,8.800180000000001,1,1
23.08.2021 01:04:58.470,8.805,8.79973,1,1
23.08.2021 01:04:58.573,8.80483,8.79973,1,1
23.08.2021 01:04:59.138,8.804680000000001,8.79973,1,1
23.08.2021 01:04:59.697,8.804689999999999,8.79973,1,1
23.08.2021 01:05:01.154,8.804680000000001,8.79973,1,1
23.08.2021 01:05:01.358,8.80509,8.79973,1,1
23.08.2021 01:05:01.459,8.804680000000001,8.79973,1,1
23.08.2021 01:05:03.008,8.804680000000001,8.79974,1,1
23.08.2021 01:05:03.559,8.80474,8.79973,1,1
23.08.2021 01:05:05.701,8.804760000000002,8.79973,1,1
23.08.2021 01:05:06.267,8.80479,8.79973,1,1
23.08.2021 01:05:06.848,8.80483,8.79973,1,1
23.08.2021 01:05:07.381,8.8049,8.79973,1,1
23.08.2021 01:05:07.935,8.80483,8.79973,1,1
23.08.2021 01:05:08.528,8.80475,8.79973,1,1
23.08.2021 01:05:09.059,8.804780000000001,8.79973,1,1
23.08.2021 01:05:09.661,8.804760000000002,8.79973,1,1
23.08.2021 01:05:11.598,8.804780000000001,8.79973,1,1
23.08.2021 01:05:13.858,8.804760000000002,8.79973,1,1
23.08.2021 01:05:14.416,8.80477,8.79974,1,1
23.08.2021 01:05:14.966,8.80475,8.79974,1,1
23.08.2021 01:05:15.522,8.804780000000001,8.79973,1,1
23.08.2021 01:05:17.471,8.80479,8.79973,1,1
23.08.2021 01:05:17.633,8.80499,8.79973,1,1
23.08.2021 01:05:18.231,8.80505,8.79973,1,1
23.08.2021 01:05:18.783,8.80518,8.79973,1,1
23.08.2021 01:05:18.955,8.80483,8.79973,1,1
23.08.2021 01:05:19.483,8.80487,8.79973,1,1
23.08.2021 01:05:20.985,8.80484,8.79974,1,1
23.08.2021 01:05:21.496,8.804920000000001,8.79973,1,1
23.08.2021 01:05:22.054,8.80488,8.79973,1,1
23.08.2021 01:05:22.626,8.80483,8.79973,1,1
23.08.2021 01:05:23.233,8.8049,8.79973,1,1
23.08.2021 01:05:23.755,8.80485,8.79974,1,1
23.08.2021 01:05:24.300,8.80487,8.79973,1,1
23.08.2021 01:05:24.857,8.80483,8.79973,1,1
23.08.2021 01:05:25.854,8.80482,8.79973,1,1
23.08.2021 01:05:27.464,8.80483,8.79973,1,1
23.08.2021 01:05:28.073,8.8048,8.79973,1,1
23.08.2021 01:05:28.695,8.804680000000001,8.79973,1,1
23.08.2021 01:05:29.243,8.804710000000002,8.79973,1,1
23.08.2021 01:05:30.146,8.804689999999999,8.799410000000002,1,1
23.08.2021 01:05:30.835,8.80456,8.799410000000002,1,1
23.08.2021 01:05:30.939,8.80456,8.7993,1,1
23.08.2021 01:05:30.989,8.80434,8.7993,1,1
23.08.2021 01:05:34.458,8.80436,8.7993,1,1
23.08.2021 01:05:34.959,8.804450000000001,8.7993,1,1
23.08.2021 01:05:37.548,8.80446,8.7993,1,1
23.08.2021 01:05:38.169,8.80449,8.7993,1,1
23.08.2021 01:05:38.716,8.8045,8.7993,1,1
23.08.2021 01:05:39.116,8.8045,8.7996,1,1
23.08.2021 01:05:39.216,8.80467,8.7996,1,1
23.08.2021 01:05:39.449,8.80483,8.7996,1,1
23.08.2021 01:05:39.963,8.804860000000001,8.7996,1,1
23.08.2021 01:05:40.766,8.80723,8.7996,1.5,1
23.08.2021 01:05:40.816,8.80489,8.7996,1,1
23.08.2021 01:05:41.326,8.80485,8.7996,1,1
23.08.2021 01:05:42.552,8.80485,8.79991,1,1
23.08.2021 01:05:42.697,8.804860000000001,8.79991,1,1
23.08.2021 01:05:43.197,8.80489,8.79991,1,1
23.08.2021 01:05:43.724,8.80488,8.79991,1,1
23.08.2021 01:05:44.258,8.804910000000001,8.79991,1,1
23.08.2021 01:05:47.032,8.805010000000001,8.79991,1,1
23.08.2021 01:05:47.557,8.80505,8.79991,1,1
23.08.2021 01:05:47.657,8.80477,8.7996,1,1
23.08.2021 01:05:48.009,8.80457,8.7996,1,1
23.08.2021 01:05:48.542,8.80467,8.7996,1,1
23.08.2021 01:05:49.099,8.804630000000001,8.799610000000001,1,1
23.08.2021 01:05:49.703,8.80462,8.7996,1,1
23.08.2021 01:05:50.278,8.80459,8.7996,1,1
23.08.2021 01:05:51.134,8.80461,8.7996,1,1
23.08.2021 01:05:51.706,8.80464,8.7996,1,1
23.08.2021 01:05:52.214,8.80461,8.7996,1,1
23.08.2021 01:05:52.833,8.80464,8.7996,1,1
23.08.2021 01:05:54.003,8.80454,8.7996,1,1
23.08.2021 01:05:54.566,8.80464,8.7996,1,1
23.08.2021 01:05:55.562,8.80461,8.799610000000001,1,1
23.08.2021 01:05:56.166,8.8047,8.7996,1,1
23.08.2021 01:05:56.713,8.80472,8.799610000000001,1,1
23.08.2021 01:05:56.995,8.80457,8.7996,1,1
23.08.2021 01:05:57.277,8.80474,8.7996,1,1
23.08.2021 01:05:57.873,8.8046,8.7996,1,1
23.08.2021 01:05:59.822,8.804580000000001,8.7996,1,1
23.08.2021 01:06:02.018,8.80448,8.7996,1,1
23.08.2021 01:06:02.526,8.80457,8.7996,1,1
23.08.2021 01:06:04.053,8.80447,8.7996,1,1
23.08.2021 01:06:04.561,8.80457,8.7996,1,1
23.08.2021 01:06:06.209,8.80456,8.7996,1,1
23.08.2021 01:06:06.767,8.80457,8.7996,1,1
23.08.2021 01:06:09.024,8.80447,8.7996,1,1
23.08.2021 01:06:09.530,8.80457,8.7996,1,1
23.08.2021 01:06:10.271,8.80456,8.7996,1,1
23.08.2021 01:06:10.371,8.80456,8.799230000000001,1,1
23.08.2021 01:06:10.918,8.80678,8.799230000000001,1.6,1
23.08.2021 01:06:10.969,8.80443,8.799230000000001,1,1
23.08.2021 01:06:11.984,8.80433,8.799230000000001,1,1
23.08.2021 01:06:12.559,8.80443,8.799230000000001,1,1
23.08.2021 01:06:14.318,8.80456,8.799230000000001,1,1
23.08.2021 01:06:14.418,8.80504,8.799230000000001,1,1
23.08.2021 01:06:14.519,8.80504,8.799230000000001,1.5,1
23.08.2021 01:06:14.687,8.80427,8.79924,1,1
23.08.2021 01:06:15.071,8.80424,8.799230000000001,1,1
23.08.2021 01:06:15.502,8.80424,8.79893,1,1
23.08.2021 01:06:15.552,8.80405,8.79893,1,1
23.08.2021 01:06:16.135,8.803980000000001,8.79894,1,1
23.08.2021 01:06:16.472,8.80399,8.7987,1,1
23.08.2021 01:06:16.573,8.80381,8.7987,1,1
23.08.2021 01:06:17.140,8.80385,8.7987,1,1
23.08.2021 01:06:19.629,8.80387,8.7987,1,1
23.08.2021 01:06:20.198,8.803960000000002,8.798710000000002,1,1
23.08.2021 01:06:21.012,8.80387,8.7987,1,1
23.08.2021 01:06:21.557,8.803960000000002,8.7987,1,1
23.08.2021 01:06:22.103,8.80397,8.7987,1,1
23.08.2021 01:06:23.053,8.80387,8.7987,1,1
23.08.2021 01:06:23.539,8.80397,8.7987,1,1
23.08.2021 01:06:23.936,8.80397,8.79867,1,1
23.08.2021 01:06:25.297,8.80395,8.79867,1,1
23.08.2021 01:06:25.885,8.80387,8.79867,1,1
23.08.2021 01:06:26.378,8.8038,8.79867,1,1
23.08.2021 01:06:26.930,8.803830000000001,8.79867,1,1
23.08.2021 01:06:28.767,8.80384,8.798680000000001,1,1
23.08.2021 01:06:29.344,8.80381,8.79867,1,1
23.08.2021 01:06:29.630,8.80381,8.798300000000001,1,1
23.08.2021 01:06:29.840,8.80362,8.798300000000001,1,1
23.08.2021 01:06:29.991,8.803780000000001,8.79831,1,1
23.08.2021 01:06:30.243,8.80348,8.798300000000001,1,1
23.08.2021 01:06:30.882,8.805480000000001,8.798300000000001,1.5,1
23.08.2021 01:06:31.020,8.803560000000001,8.798300000000001,1,1
23.08.2021 01:06:31.357,8.80368,8.798300000000001,1,1
23.08.2021 01:06:31.767,8.80368,8.79856,1,1
23.08.2021 01:06:31.917,8.80399,8.7989,1,1
23.08.2021 01:06:31.968,8.80479,8.7989,1.5,1
23.08.2021 01:06:32.069,8.80446,8.7989,1,1
23.08.2021 01:06:32.220,8.80412,8.79884,1,1
23.08.2021 01:06:32.472,8.80442,8.79884,1,1
23.08.2021 01:06:32.573,8.804060000000002,8.79884,1,1
23.08.2021 01:06:33.132,8.8041,8.79884,1,1
23.08.2021 01:06:33.671,8.80409,8.79884,1,1
23.08.2021 01:06:34.224,8.80412,8.79884,1,1
23.08.2021 01:06:34.851,8.804110000000001,8.79884,1,1
23.08.2021 01:06:35.380,8.80409,8.79885,1,1
23.08.2021 01:06:36.042,8.80412,8.79884,1,1
23.08.2021 01:06:37.231,8.80415,8.79884,1,1
23.08.2021 01:06:37.830,8.80412,8.79885,1,1
23.08.2021 01:06:38.378,8.80415,8.79884,1,1
23.08.2021 01:06:38.950,8.804260000000001,8.79884,1,1
23.08.2021 01:06:39.479,8.80424,8.79884,1,1
23.08.2021 01:06:39.793,8.80408,8.79884,1,1
23.08.2021 01:06:40.234,8.80408,8.79884,1.5,1
23.08.2021 01:06:40.335,8.80373,8.79884,1,1
23.08.2021 01:06:40.385,8.80372,8.79855,1,1.5
23.08.2021 01:06:40.436,8.80373,8.79854,1,1
23.08.2021 01:06:40.632,8.80387,8.79854,1,1
23.08.2021 01:06:40.773,8.80387,8.798760000000001,1,1
23.08.2021 01:06:40.823,8.804210000000001,8.798760000000001,1,1
23.08.2021 01:06:40.893,8.8039,8.798760000000001,1,1
23.08.2021 01:06:41.441,8.80404,8.798760000000001,1.5,1
23.08.2021 01:06:42.389,8.803889999999999,8.798760000000001,1,1
23.08.2021 01:06:42.918,8.803889999999999,8.79877,1,1
23.08.2021 01:06:43.525,8.80391,8.798760000000001,1,1
23.08.2021 01:06:43.717,8.80391,8.798530000000001,1.5,1
23.08.2021 01:06:43.767,8.80376,8.798860000000001,1,1
23.08.2021 01:06:43.817,8.80391,8.79854,1,1
23.08.2021 01:06:43.868,8.80374,8.79855,1,1
23.08.2021 01:06:43.972,8.80379,8.79885,1,1
23.08.2021 01:06:44.030,8.80381,8.798589999999999,1,1
23.08.2021 01:06:44.181,8.80371,8.798589999999999,1,1
23.08.2021 01:06:45.710,8.80348,8.79873,1,1
23.08.2021 01:06:45.912,8.803360000000001,8.79895,1,1
23.08.2021 01:06:45.962,8.80329,8.7987,1,1
23.08.2021 01:06:47.648,8.80322,8.79894,1,1
23.08.2021 01:06:47.749,8.80305,8.79901,1,1
23.08.2021 01:06:48.582,8.80305,8.79869,1,1
23.08.2021 01:06:48.733,8.8033,8.798820000000001,1.75,1
23.08.2021 01:06:49.271,8.803130000000001,8.799000000000001,1,1
23.08.2021 01:06:49.322,8.803230000000001,8.79883,1.25,1
23.08.2021 01:06:50.695,8.803160000000002,8.798820000000001,1,1
23.08.2021 01:06:50.896,8.803,8.79902,1,1
23.08.2021 01:06:54.915,8.802850000000001,8.79887,1,1
23.08.2021 01:06:55.016,8.802850000000001,8.79887,1.25,1
23.08.2021 01:06:55.961,8.802620000000001,8.79865,1,1
23.08.2021 01:06:56.385,8.80244,8.79862,1,1
23.08.2021 01:06:58.511,8.80259,8.79877,1,1
23.08.2021 01:07:05.997,8.802430000000001,8.798630000000001,1,1
23.08.2021 01:07:09.617,8.80224,8.798810000000001,1,1
23.08.2021 01:07:10.899,8.80237,8.79884,1,1
23.08.2021 01:07:12.222,8.80104,8.79787,1.25,1.5
23.08.2021 01:07:12.272,8.80047,8.79763,1,1.5
23.08.2021 01:07:12.323,8.801110000000001,8.79729,1,1.5
23.08.2021 01:07:12.424,8.80236,8.79612,1,1
23.08.2021 01:07:12.524,8.80236,8.79606,1.25,1
23.08.2021 01:07:12.575,8.801860000000001,8.79606,1.25,1
23.08.2021 01:07:12.697,8.801860000000001,8.796130000000002,1,1
23.08.2021 01:07:12.848,8.80152,8.796130000000002,1,1
23.08.2021 01:07:13.481,8.80142,8.796130000000002,1,1
23.08.2021 01:07:13.984,8.80133,8.796130000000002,1,1
23.08.2021 01:07:14.341,8.8017,8.796130000000002,1,1
23.08.2021 01:07:14.893,8.80428,8.796130000000002,1.6,1
23.08.2021 01:07:15.008,8.80207,8.79614,1,1
23.08.2021 01:07:15.109,8.80189,8.796130000000002,1,1
23.08.2021 01:07:15.645,8.80183,8.796130000000002,1,1
23.08.2021 01:07:15.746,8.80229,8.7962,1,1
23.08.2021 01:07:16.262,8.80212,8.79616,1,1
23.08.2021 01:07:16.606,8.80193,8.79616,1,1
23.08.2021 01:07:17.189,8.80197,8.79616,1,1
23.08.2021 01:07:17.727,8.801910000000001,8.79616,1,1
23.08.2021 01:07:18.253,8.80193,8.79616,1,1
23.08.2021 01:07:19.004,8.8019,8.79616,1,1
23.08.2021 01:07:19.497,8.80174,8.79616,1,1
23.08.2021 01:07:20.038,8.801810000000001,8.79617,1,1
23.08.2021 01:07:20.613,8.80178,8.79616,1,1
23.08.2021 01:07:21.188,8.80189,8.79616,1,1
23.08.2021 01:07:21.803,8.801860000000001,8.79616,1,1
23.08.2021 01:07:22.330,8.80189,8.79616,1,1
23.08.2021 01:07:22.920,8.801810000000001,8.79617,1,1
23.08.2021 01:07:23.449,8.80178,8.79616,1,1
23.08.2021 01:07:24.324,8.80174,8.79616,1,1
23.08.2021 01:07:24.687,8.80206,8.79616,1,1
23.08.2021 01:07:24.787,8.801580000000001,8.79616,1,1
23.08.2021 01:07:24.888,8.80193,8.79616,1,1
23.08.2021 01:07:24.939,8.80193,8.79619,1,1
23.08.2021 01:07:25.386,8.801660000000002,8.79619,1,1
23.08.2021 01:07:25.679,8.80184,8.7962,1,1
23.08.2021 01:07:25.729,8.801660000000002,8.79619,1,1
23.08.2021 01:07:25.936,8.80189,8.79619,1,1
23.08.2021 01:07:26.014,8.8017,8.79619,1,1
23.08.2021 01:07:26.242,8.80189,8.79619,1,1
23.08.2021 01:07:26.587,8.80172,8.79619,1,1
23.08.2021 01:07:26.939,8.80151,8.79619,1,1
23.08.2021 01:07:27.472,8.801630000000001,8.79619,1,1
23.08.2021 01:07:28.514,8.801630000000001,8.7962,1,1
23.08.2021 01:07:29.045,8.801630000000001,8.79619,1,1
23.08.2021 01:07:29.583,8.80146,8.79619,1,1
23.08.2021 01:07:29.684,8.80146,8.79573,1,1
23.08.2021 01:07:30.168,8.80145,8.79573,1,1
23.08.2021 01:07:30.753,8.80145,8.79738,1,1
23.08.2021 01:07:30.860,8.80145,8.79834,1,1
23.08.2021 01:07:30.961,8.8032,8.79834,1,1
23.08.2021 01:07:31.112,8.8032,8.79834,1.5,1
23.08.2021 01:07:31.213,8.80249,8.79818,1,1
23.08.2021 01:07:37.341,8.802389999999999,8.7982,1,1
23.08.2021 01:07:37.674,8.80224,8.7982,1,1
23.08.2021 01:07:39.070,8.80074,8.797210000000002,1,1
23.08.2021 01:07:39.637,8.80074,8.7973,1,1
