Gmt time,Ask,Bid,AskVolume,BidVolume
16.08.2021 00:00:00.121,1.3550600000000002,1.3549,1,1
16.08.2021 00:00:02.826,1.35505,1.35489,1,1
16.08.2021 00:00:16.948,1.35504,1.35488,1,1
16.08.2021 00:00:28.362,1.35503,1.3548700000000002,1,1
16.08.2021 00:00:30.044,1.355,1.3548700000000002,1,1
16.08.2021 00:00:30.146,1.355,1.3548600000000002,1,1
16.08.2021 00:00:31.340,1.355,1.35484,1,1.5
16.08.2021 00:01:11.628,1.355,1.3548200000000001,1,1.12
16.08.2021 00:01:13.080,1.3549600000000002,1.35481,1,1
16.08.2021 00:01:13.181,1.3549200000000001,1.3548,1,2.25
16.08.2021 00:01:13.382,1.35493,1.3547500000000001,1,1
16.08.2021 00:01:13.433,1.3549,1.3547500000000001,1,1
16.08.2021 00:01:16.533,1.3549200000000001,1.3547500000000001,1,1
16.08.2021 00:01:16.738,1.3549200000000001,1.3547600000000002,1,1
16.08.2021 00:01:22.507,1.35493,1.35479,1,1
16.08.2021 00:01:33.428,1.3549600000000002,1.35479,1,1
16.08.2021 00:01:33.529,1.3549600000000002,1.35481,1,1
16.08.2021 00:01:34.427,1.3549700000000002,1.35481,1,1
16.08.2021 00:01:41.950,1.3549700000000002,1.3548200000000001,1,1
16.08.2021 00:01:42.113,1.3549700000000002,1.3548,1,1.12
16.08.2021 00:01:44.387,1.3549900000000001,1.35481,1,1
16.08.2021 00:01:44.674,1.3549700000000002,1.35481,1,1
16.08.2021 00:01:45.962,1.35498,1.3548200000000001,1,1
16.08.2021 00:01:51.094,1.3549900000000001,1.35484,1,1
16.08.2021 00:01:58.562,1.3549900000000001,1.3548200000000001,1,1.12
16.08.2021 00:01:58.686,1.355,1.35483,1,1
16.08.2021 00:01:59.144,1.355,1.3548600000000002,1,1
16.08.2021 00:01:59.548,1.3550200000000001,1.3548700000000002,1,1
16.08.2021 00:02:27.282,1.35503,1.35488,1,1
16.08.2021 00:02:43.851,1.35505,1.35488,1,1
16.08.2021 00:02:44.034,1.35505,1.35489,1,1
16.08.2021 00:02:44.136,1.35505,1.35491,1.12,1
16.08.2021 00:02:46.921,1.35505,1.35489,1,1
16.08.2021 00:02:46.972,1.35503,1.3548700000000002,1,1.12
16.08.2021 00:02:57.499,1.35501,1.3548700000000002,1,1
16.08.2021 00:03:00.133,1.35503,1.3548700000000002,1,1
16.08.2021 00:03:15.928,1.355,1.3548600000000002,1,1
16.08.2021 00:03:16.029,1.3549900000000001,1.35485,1,1
16.08.2021 00:03:16.284,1.3549700000000002,1.35484,1,1
16.08.2021 00:03:16.385,1.3549700000000002,1.35483,1,1
16.08.2021 00:03:43.089,1.3549700000000002,1.35481,1,1
16.08.2021 00:03:55.711,1.3550200000000001,1.35484,2.1,1
16.08.2021 00:03:56.210,1.35501,1.35485,1.1,1
16.08.2021 00:03:56.950,1.35501,1.35485,1.1,1
16.08.2021 00:03:58.858,1.35501,1.35484,1.1,1
16.08.2021 00:03:59.214,1.35501,1.35483,1.7,1
16.08.2021 00:03:59.315,1.35498,1.35484,1.1,1
16.08.2021 00:03:59.943,1.35498,1.3548200000000001,2.85,1
16.08.2021 00:04:00.044,1.35495,1.3548,1,1
16.08.2021 00:04:00.914,1.3549700000000002,1.35479,1.1,1
16.08.2021 00:04:02.933,1.35495,1.3548,1,1
16.08.2021 00:04:03.034,1.35495,1.35479,1,1
16.08.2021 00:04:03.252,1.35495,1.35478,1.1,1
16.08.2021 00:04:03.353,1.35493,1.35479,1.57,1
16.08.2021 00:04:03.588,1.35494,1.35477,1.57,1
16.08.2021 00:04:03.689,1.35493,1.35478,1.97,1
16.08.2021 00:04:04.135,1.35494,1.35477,1.22,1
16.08.2021 00:04:05.962,1.3549200000000001,1.35478,1.1,1
16.08.2021 00:04:06.150,1.3549200000000001,1.35478,1.1,1
16.08.2021 00:04:06.733,1.3549200000000001,1.35478,1.1,1
16.08.2021 00:04:07.790,1.3549200000000001,1.35478,1.1,1
16.08.2021 00:04:08.092,1.35494,1.35479,2.82,1
16.08.2021 00:04:13.236,1.35495,1.35478,2.82,1
16.08.2021 00:04:13.723,1.35495,1.35478,2.82,1
16.08.2021 00:04:14.727,1.35495,1.35478,3.82,1
16.08.2021 00:04:14.828,1.35494,1.35479,2.82,1
16.08.2021 00:04:15.111,1.35495,1.35478,2.82,1
16.08.2021 00:04:15.212,1.35493,1.35479,1,1
16.08.2021 00:04:19.044,1.35493,1.35479,1,1
16.08.2021 00:04:19.170,1.35493,1.35479,1,1
16.08.2021 00:04:19.958,1.35493,1.35479,1,1
16.08.2021 00:04:20.070,1.35495,1.35478,2.82,1
16.08.2021 00:04:20.845,1.35494,1.35479,2.82,1
16.08.2021 00:04:21.131,1.35495,1.35478,2.82,1
16.08.2021 00:04:21.852,1.35495,1.35478,2.82,1
16.08.2021 00:04:21.962,1.35495,1.35478,2.82,1
16.08.2021 00:04:26.573,1.35494,1.35479,2.07,1
16.08.2021 00:04:27.532,1.3549200000000001,1.35478,1,1
16.08.2021 00:04:29.362,1.3549200000000001,1.35477,1,1
16.08.2021 00:04:29.980,1.35489,1.3547500000000001,1,1
16.08.2021 00:04:34.022,1.3548700000000002,1.35471,1,1.5
16.08.2021 00:04:35.275,1.35485,1.35471,1,1
16.08.2021 00:04:37.169,1.3548600000000002,1.3547200000000001,1,1
16.08.2021 00:04:38.745,1.3548700000000002,1.3547200000000001,1,1
16.08.2021 00:04:40.447,1.35488,1.35473,1,1
16.08.2021 00:05:01.255,1.3549,1.3547500000000001,1,1
16.08.2021 00:05:01.406,1.35491,1.35477,1.5,1
16.08.2021 00:05:01.507,1.35489,1.35479,1,1
16.08.2021 00:05:01.770,1.35495,1.3548,1.5,1
16.08.2021 00:05:02.023,1.35495,1.35478,1.5,1
16.08.2021 00:05:02.758,1.35495,1.35478,1,1
16.08.2021 00:05:08.152,1.3549600000000002,1.35481,1.5,1
16.08.2021 00:05:08.254,1.355,1.35483,1.62,1
16.08.2021 00:05:08.355,1.35501,1.35488,1.1,1
16.08.2021 00:05:08.456,1.3550200000000001,1.35488,1.5,1
16.08.2021 00:05:09.542,1.35503,1.35488,2,1
16.08.2021 00:05:14.775,1.35504,1.3548700000000002,1.5,1
16.08.2021 00:05:22.590,1.35504,1.3548700000000002,1.62,1
16.08.2021 00:05:34.506,1.3550200000000001,1.3548600000000002,1,1
16.08.2021 00:05:36.051,1.355,1.3548600000000002,1,1
16.08.2021 00:05:44.162,1.35501,1.35485,1.5,1
16.08.2021 00:05:45.166,1.355,1.3548600000000002,1.12,1
16.08.2021 00:05:51.401,1.355,1.35484,1,1
16.08.2021 00:05:51.452,1.35498,1.35481,1,1
16.08.2021 00:05:56.671,1.3549600000000002,1.3548,1,1
16.08.2021 00:05:57.085,1.3549600000000002,1.35479,1,1
16.08.2021 00:06:17.986,1.35501,1.35483,1,1
16.08.2021 00:06:26.100,1.35498,1.3548200000000001,1,1
16.08.2021 00:06:27.042,1.3549600000000002,1.35481,1,1
16.08.2021 00:06:27.166,1.3549700000000002,1.35479,1,1
16.08.2021 00:06:27.585,1.3549600000000002,1.35478,1,1.12
16.08.2021 00:06:35.327,1.35498,1.35481,1,1
16.08.2021 00:06:37.287,1.3549700000000002,1.35481,1,1.12
16.08.2021 00:06:40.077,1.35498,1.35483,1,1
16.08.2021 00:06:40.345,1.355,1.35484,1,1
16.08.2021 00:06:58.292,1.3549700000000002,1.35481,1,1.62
16.08.2021 00:06:58.342,1.3549700000000002,1.3548,1,1.12
16.08.2021 00:07:04.196,1.3549600000000002,1.3548200000000001,1,1
16.08.2021 00:07:04.246,1.3549900000000001,1.3548200000000001,1,1.12
16.08.2021 00:07:04.757,1.355,1.35483,1,1.12
16.08.2021 00:07:04.808,1.3549900000000001,1.35485,1,1.62
16.08.2021 00:07:05.125,1.355,1.3548600000000002,1,1.12
16.08.2021 00:07:07.215,1.35501,1.35485,1,1
16.08.2021 00:07:07.560,1.3550200000000001,1.3548700000000002,1,1
16.08.2021 00:07:07.611,1.3550700000000002,1.3549,1,1.6
16.08.2021 00:07:07.712,1.3551,1.35495,1.12,1
16.08.2021 00:07:08.432,1.35513,1.3549600000000002,1,1.12
16.08.2021 00:07:09.462,1.35513,1.35494,1,2.26
16.08.2021 00:07:15.974,1.35512,1.35495,1,1.57
16.08.2021 00:07:28.371,1.35514,1.3549700000000002,1,1
16.08.2021 00:07:41.145,1.35515,1.3549900000000001,1,1
16.08.2021 00:08:07.044,1.35514,1.35498,1,1
16.08.2021 00:08:15.682,1.3551700000000002,1.3550200000000001,1,1
16.08.2021 00:08:15.783,1.3551900000000001,1.35503,1,1
16.08.2021 00:08:16.035,1.3552,1.3550600000000002,1.12,1
16.08.2021 00:08:17.742,1.3551900000000001,1.35504,1,1.5
16.08.2021 00:08:27.892,1.35521,1.35505,1,1
16.08.2021 00:08:40.161,1.35523,1.3550700000000002,2.75,1
16.08.2021 00:08:40.262,1.35523,1.3550700000000002,1,1
16.08.2021 00:08:40.362,1.35521,1.3550600000000002,1,1
16.08.2021 00:08:50.219,1.3552,1.3550600000000002,1,1
16.08.2021 00:09:07.592,1.3552,1.35504,1,1
16.08.2021 00:09:07.697,1.3551900000000001,1.35504,1,1
16.08.2021 00:09:12.183,1.35521,1.35503,1.12,1
16.08.2021 00:09:28.410,1.35522,1.35504,1,1
16.08.2021 00:09:30.284,1.35524,1.3550600000000002,3.35,1
16.08.2021 00:10:03.335,1.35522,1.3550700000000002,1.1,1
16.08.2021 00:10:06.334,1.35523,1.35505,1.1,1
16.08.2021 00:10:06.777,1.35522,1.35505,1.1,1
16.08.2021 00:10:07.004,1.35521,1.35504,1,1
16.08.2021 00:10:08.975,1.35521,1.35505,1.1,1
16.08.2021 00:10:11.386,1.35521,1.35505,1.1,1
16.08.2021 00:10:12.283,1.35521,1.3550600000000002,1.1,1
16.08.2021 00:10:18.766,1.35522,1.35505,1.1,1
16.08.2021 00:10:22.428,1.35521,1.35505,1.1,1
16.08.2021 00:10:38.056,1.35521,1.3550600000000002,3.2,1
16.08.2021 00:10:46.735,1.3551900000000001,1.35505,1,1
16.08.2021 00:10:59.556,1.35521,1.35504,1,1
16.08.2021 00:11:00.228,1.3552,1.35504,1.95,1
16.08.2021 00:11:00.400,1.3552,1.3550200000000001,1,1
16.08.2021 00:11:00.451,1.3551900000000001,1.35501,1,1
16.08.2021 00:11:00.501,1.3551700000000002,1.355,1,1
16.08.2021 00:11:00.703,1.3551600000000001,1.355,2.32,1
16.08.2021 00:11:00.854,1.3551600000000001,1.35498,1.01,1
16.08.2021 00:11:01.005,1.35514,1.3549900000000001,1.1,1
16.08.2021 00:11:06.457,1.35514,1.3549600000000002,1.97,1
16.08.2021 00:11:06.508,1.35513,1.3549600000000002,1.1,1
16.08.2021 00:11:06.610,1.35512,1.35494,2.47,1
16.08.2021 00:11:06.668,1.3551,1.35491,1,1
16.08.2021 00:11:06.769,1.3550900000000001,1.35491,2.1,1
16.08.2021 00:11:06.870,1.3550900000000001,1.35493,1.72,1
16.08.2021 00:11:06.971,1.3551,1.35493,1,1
16.08.2021 00:11:07.324,1.35512,1.35493,1.72,1
16.08.2021 00:11:07.629,1.35511,1.35495,1.1,1
16.08.2021 00:11:07.781,1.35513,1.3549600000000002,3.2,1
16.08.2021 00:11:12.331,1.35513,1.35498,2.07,1
16.08.2021 00:11:12.381,1.35514,1.3549700000000002,1.95,1
16.08.2021 00:11:20.495,1.35513,1.35498,1.22,1
16.08.2021 00:11:20.596,1.35514,1.35495,1.95,1
16.08.2021 00:11:20.698,1.35513,1.3549600000000002,2.72,1
16.08.2021 00:11:20.799,1.35513,1.3549900000000001,2.7,1
16.08.2021 00:11:21.438,1.35513,1.3549900000000001,1.6,1
16.08.2021 00:11:26.921,1.35514,1.3549600000000002,1.6,1
16.08.2021 00:11:29.297,1.35514,1.3549600000000002,1.7,1
16.08.2021 00:11:33.889,1.35511,1.35498,1.12,1
16.08.2021 00:11:33.940,1.35512,1.355,1.5,1
16.08.2021 00:11:34.041,1.35512,1.355,1,1
16.08.2021 00:11:34.297,1.35515,1.355,2.45,1
16.08.2021 00:11:34.727,1.35513,1.3549900000000001,1,1
16.08.2021 00:11:35.284,1.35512,1.3549900000000001,1,1
16.08.2021 00:11:35.403,1.35513,1.3549900000000001,1,1
16.08.2021 00:11:41.984,1.35514,1.3549900000000001,1.12,1
16.08.2021 00:11:44.427,1.35513,1.3549900000000001,1,1
16.08.2021 00:11:44.537,1.35513,1.35498,1,1
16.08.2021 00:11:53.166,1.35514,1.35498,1.12,1
16.08.2021 00:12:00.056,1.35514,1.355,1.12,1
16.08.2021 00:12:00.266,1.35514,1.35501,1,1
16.08.2021 00:12:00.408,1.3551600000000001,1.355,1,1
16.08.2021 00:12:01.112,1.35514,1.355,1,1
16.08.2021 00:12:01.609,1.3551600000000001,1.35501,1,1
16.08.2021 00:12:02.317,1.35518,1.35504,2.75,1
16.08.2021 00:12:02.367,1.3552,1.35505,4.25,1
16.08.2021 00:12:02.418,1.35518,1.3550600000000002,1,1
16.08.2021 00:12:03.923,1.35518,1.3550700000000002,1,1
16.08.2021 00:12:04.024,1.35518,1.35508,1,1
16.08.2021 00:12:08.271,1.35518,1.3550700000000002,1,1
16.08.2021 00:12:16.474,1.35518,1.35508,1,1
16.08.2021 00:12:17.036,1.35522,1.3550900000000001,1.12,1
16.08.2021 00:12:18.695,1.35523,1.3550700000000002,1.12,1
16.08.2021 00:12:26.745,1.35524,1.3550900000000001,2.75,1
16.08.2021 00:12:27.448,1.3552,1.35508,1,1
16.08.2021 00:12:43.771,1.35523,1.35511,1.12,1
16.08.2021 00:12:43.922,1.35522,1.35511,1,1
16.08.2021 00:12:44.507,1.35522,1.3550900000000001,1,1
16.08.2021 00:12:45.954,1.3552700000000002,1.35508,1.12,1
16.08.2021 00:12:48.960,1.3552600000000001,1.35508,1,1
16.08.2021 00:12:49.061,1.3552600000000001,1.3550900000000001,1,1
16.08.2021 00:12:50.215,1.35525,1.3550900000000001,1,1
16.08.2021 00:12:50.535,1.3552600000000001,1.3550900000000001,1,1
16.08.2021 00:13:00.801,1.3552600000000001,1.3551,1,1
16.08.2021 00:13:00.905,1.3552700000000002,1.3551,2.37,1
16.08.2021 00:13:02.812,1.3552700000000002,1.3551,1,1
16.08.2021 00:13:17.731,1.3552700000000002,1.35511,1.12,1
16.08.2021 00:13:17.832,1.35528,1.3551,1.5,1
16.08.2021 00:13:26.930,1.35529,1.3551,3.2,1
16.08.2021 00:13:27.031,1.35528,1.35511,3.12,1
16.08.2021 00:13:30.975,1.3552700000000002,1.35511,2.75,1
16.08.2021 00:13:35.194,1.35528,1.35514,2.25,1
16.08.2021 00:13:35.295,1.35531,1.3552,1,1
16.08.2021 00:13:35.396,1.35534,1.35522,1.5,1
16.08.2021 00:13:35.727,1.3553600000000001,1.35523,1.5,1
16.08.2021 00:13:35.828,1.3553700000000002,1.35521,1.5,1
16.08.2021 00:13:35.878,1.3553700000000002,1.3552,2,1
16.08.2021 00:13:36.015,1.3553700000000002,1.3551900000000001,2.75,1
16.08.2021 00:13:36.066,1.3553700000000002,1.3551900000000001,2.62,1
16.08.2021 00:13:36.217,1.3553700000000002,1.3551900000000001,1.62,1
16.08.2021 00:13:37.166,1.3553600000000001,1.3552,1.87,1
16.08.2021 00:13:40.574,1.3553700000000002,1.3552,2.62,1
16.08.2021 00:13:41.120,1.3553600000000001,1.3552,1,1
16.08.2021 00:13:50.275,1.3553700000000002,1.35521,2.45,1
16.08.2021 00:13:51.161,1.3553700000000002,1.3552,1,1
16.08.2021 00:13:52.164,1.3553700000000002,1.3552,1.62,1
16.08.2021 00:13:54.656,1.3553600000000001,1.3552,3.12,1
16.08.2021 00:13:55.181,1.3553600000000001,1.3552,1.62,1
16.08.2021 00:14:08.041,1.35535,1.3551900000000001,1.87,1
16.08.2021 00:14:08.193,1.35535,1.35518,1,1
16.08.2021 00:14:08.344,1.35528,1.3551,2.44,1
16.08.2021 00:14:08.445,1.3552700000000002,1.3551,1.6,1
16.08.2021 00:14:08.546,1.3552600000000001,1.35508,1.2,1
16.08.2021 00:14:08.647,1.35524,1.3550900000000001,2,1
16.08.2021 00:14:11.577,1.35524,1.35508,2,1
16.08.2021 00:14:12.832,1.35525,1.3550700000000002,2.07,1
16.08.2021 00:14:15.641,1.35524,1.3550900000000001,1.6,1
16.08.2021 00:14:18.354,1.35525,1.35508,2.62,1
16.08.2021 00:14:33.260,1.3552700000000002,1.35511,1,1
16.08.2021 00:14:33.311,1.3553000000000002,1.35511,1.95,1
16.08.2021 00:14:33.361,1.3553000000000002,1.35513,1.95,1
16.08.2021 00:14:33.462,1.3553000000000002,1.35514,1.87,1
16.08.2021 00:14:36.287,1.35534,1.35514,4.35,1
16.08.2021 00:14:45.445,1.35533,1.35513,2.07,1
16.08.2021 00:15:00.516,1.3553000000000002,1.35512,1,1
16.08.2021 00:15:07.266,1.35529,1.35513,1.1,1
16.08.2021 00:15:09.977,1.35532,1.35513,3.97,1
16.08.2021 00:15:10.205,1.35532,1.35511,1.1,1
16.08.2021 00:15:10.626,1.35532,1.35512,1.1,1
16.08.2021 00:15:14.041,1.35531,1.35514,2.07,1
16.08.2021 00:15:14.177,1.35532,1.35512,2.07,1
16.08.2021 00:15:14.778,1.35531,1.35514,1.6,1
16.08.2021 00:15:15.266,1.35532,1.35513,1.6,1
16.08.2021 00:15:17.170,1.35532,1.35512,1.6,1
16.08.2021 00:15:17.850,1.35529,1.35512,1.39,1
16.08.2021 00:15:20.734,1.35531,1.35513,4.72,1
16.08.2021 00:15:20.835,1.35528,1.35513,1,1
16.08.2021 00:15:21.324,1.3553000000000002,1.35514,2,1
16.08.2021 00:15:23.922,1.35531,1.3551600000000001,2,1
16.08.2021 00:15:24.027,1.35532,1.3551900000000001,2.44,1
16.08.2021 00:15:24.243,1.35532,1.3552,1.5,1
16.08.2021 00:15:24.358,1.35531,1.3552,1,1
16.08.2021 00:15:25.068,1.35529,1.3551900000000001,1,1
16.08.2021 00:15:28.928,1.35528,1.35518,1,1
16.08.2021 00:15:30.415,1.35532,1.3551700000000002,1,1
16.08.2021 00:15:30.466,1.35531,1.3552,1,1
16.08.2021 00:15:32.070,1.35531,1.35521,1,1
16.08.2021 00:15:36.162,1.35539,1.3552,1.24,1
16.08.2021 00:15:36.212,1.35541,1.35523,1.15,1
16.08.2021 00:15:36.313,1.35541,1.3553000000000002,1,1
16.08.2021 00:15:36.364,1.35545,1.3553000000000002,2.7,1
16.08.2021 00:15:36.806,1.35545,1.35533,1.5,1
16.08.2021 00:15:36.857,1.35545,1.3553000000000002,1.12,1
16.08.2021 00:15:37.146,1.35543,1.35531,1,1
16.08.2021 00:15:37.315,1.35544,1.35529,1.2,1
16.08.2021 00:15:37.416,1.35544,1.3552600000000001,3.6,1
16.08.2021 00:15:37.753,1.35541,1.35525,1,1
16.08.2021 00:15:38.736,1.3554000000000002,1.35528,1,1
16.08.2021 00:15:39.533,1.35544,1.35528,4.32,1
16.08.2021 00:15:42.687,1.35541,1.35528,1,1
16.08.2021 00:15:46.156,1.35543,1.35528,2.82,1
16.08.2021 00:15:46.207,1.35544,1.3552600000000001,2.85,1
16.08.2021 00:15:48.938,1.35541,1.35524,1.12,1
16.08.2021 00:15:49.039,1.35541,1.35523,2.14,1
16.08.2021 00:15:51.961,1.3554000000000002,1.35523,1,1
16.08.2021 00:15:52.062,1.35538,1.35523,1,1
16.08.2021 00:15:52.112,1.35539,1.35524,1.57,1
16.08.2021 00:15:52.179,1.3554000000000002,1.35523,2.07,1
16.08.2021 00:15:52.850,1.35539,1.35523,2.82,1
16.08.2021 00:15:55.153,1.3554000000000002,1.35521,2.07,1
16.08.2021 00:16:00.131,1.35535,1.35522,1,1
16.08.2021 00:16:00.250,1.3553600000000001,1.35523,1,1
16.08.2021 00:16:00.420,1.35539,1.35524,3.5,1
16.08.2021 00:16:00.572,1.3554000000000002,1.35524,2.75,1
16.08.2021 00:16:01.523,1.35542,1.3552600000000001,1,1
16.08.2021 00:16:01.573,1.35542,1.3552700000000002,1.62,1
16.08.2021 00:16:01.875,1.35542,1.35528,1.62,1
16.08.2021 00:16:02.271,1.35543,1.3552700000000002,1.5,1
16.08.2021 00:16:02.678,1.3554000000000002,1.3552700000000002,1,1
16.08.2021 00:16:03.177,1.35544,1.35525,4.25,1
16.08.2021 00:16:04.693,1.35543,1.3552600000000001,1.2,1
16.08.2021 00:16:05.472,1.35542,1.35525,1.12,1
16.08.2021 00:16:09.794,1.35543,1.35524,2.75,1
16.08.2021 00:16:13.187,1.35541,1.35528,1.12,1
16.08.2021 00:16:13.288,1.35539,1.3552700000000002,1,1
16.08.2021 00:16:13.589,1.35538,1.3553000000000002,1,1
16.08.2021 00:16:13.802,1.35544,1.35529,1.62,1
16.08.2021 00:16:17.766,1.35544,1.3553000000000002,1.62,1
16.08.2021 00:16:18.316,1.35545,1.35528,2,1
16.08.2021 00:16:21.816,1.35545,1.3553000000000002,2.07,1
16.08.2021 00:16:22.141,1.35541,1.3553000000000002,1,1
16.08.2021 00:16:23.141,1.35542,1.3552600000000001,1,1
16.08.2021 00:16:23.242,1.35542,1.35529,1.5,1
16.08.2021 00:16:23.419,1.35544,1.35528,2.62,1
16.08.2021 00:16:25.270,1.35544,1.35528,1.5,1
16.08.2021 00:16:26.207,1.35544,1.3552600000000001,1.6,1
16.08.2021 00:16:26.308,1.35544,1.35529,1.5,1
16.08.2021 00:16:26.459,1.35545,1.35529,2.25,1
16.08.2021 00:16:28.842,1.35541,1.3553000000000002,1,1
16.08.2021 00:16:29.138,1.35541,1.35531,1,1
16.08.2021 00:16:29.189,1.35543,1.35531,1,1
16.08.2021 00:16:33.463,1.35543,1.3553000000000002,1,1
16.08.2021 00:16:36.151,1.3554000000000002,1.35528,1,1
16.08.2021 00:16:36.252,1.35541,1.35528,1,1
16.08.2021 00:16:36.453,1.35538,1.35528,1,1
16.08.2021 00:16:40.110,1.35543,1.3552700000000002,1.5,1
16.08.2021 00:16:40.238,1.35539,1.35528,1,1
16.08.2021 00:16:44.553,1.35542,1.3552700000000002,1.12,1
16.08.2021 00:16:45.437,1.35541,1.3552600000000001,1.12,1
16.08.2021 00:16:45.488,1.35541,1.35528,1.12,1
16.08.2021 00:16:46.819,1.35543,1.3552600000000001,2.75,1
16.08.2021 00:16:48.766,1.35542,1.3552700000000002,2.75,1
16.08.2021 00:16:51.185,1.35542,1.35528,2.62,1
16.08.2021 00:16:51.345,1.35539,1.35528,1,1
16.08.2021 00:16:53.318,1.3554000000000002,1.35529,1,1
16.08.2021 00:16:56.080,1.35539,1.35529,1,1
16.08.2021 00:16:56.245,1.35543,1.35528,1,1
16.08.2021 00:16:56.350,1.35544,1.35528,3.07,1
16.08.2021 00:16:56.766,1.35543,1.35529,3.2,1
16.08.2021 00:17:02.190,1.35542,1.35528,1.12,1
16.08.2021 00:17:03.084,1.35542,1.35529,1.12,1
16.08.2021 00:17:03.192,1.3554000000000002,1.35528,1,1
16.08.2021 00:17:03.293,1.35541,1.3552600000000001,1.1,1
16.08.2021 00:17:03.394,1.35541,1.35525,1,1
16.08.2021 00:17:03.444,1.35541,1.3552700000000002,1.5,1
16.08.2021 00:17:07.136,1.35543,1.35528,2.75,1
16.08.2021 00:17:07.237,1.35542,1.35529,2.25,1
16.08.2021 00:17:07.709,1.35543,1.3552600000000001,1.5,1
16.08.2021 00:17:14.327,1.35543,1.35525,2.82,1
16.08.2021 00:17:16.319,1.35541,1.35525,1,1
16.08.2021 00:17:18.489,1.35541,1.3552600000000001,2.62,1
16.08.2021 00:17:20.267,1.35542,1.35525,2.75,1
16.08.2021 00:17:25.879,1.3554000000000002,1.35525,1,1
16.08.2021 00:17:27.974,1.35539,1.35525,1,1
16.08.2021 00:17:28.125,1.3554000000000002,1.3552600000000001,1.12,1
16.08.2021 00:17:37.136,1.35542,1.35524,2.75,1
16.08.2021 00:17:37.333,1.35542,1.35525,2.75,1
16.08.2021 00:17:37.435,1.35541,1.35525,2.75,1
16.08.2021 00:17:43.675,1.35543,1.3552600000000001,2.07,1
16.08.2021 00:17:43.910,1.35542,1.35525,4.32,1
16.08.2021 00:17:49.762,1.35541,1.35525,1.12,1
16.08.2021 00:17:49.863,1.35539,1.35525,1,1
16.08.2021 00:17:49.964,1.35539,1.3552600000000001,1,1
16.08.2021 00:17:59.505,1.35541,1.3552700000000002,1.87,1
16.08.2021 00:18:06.817,1.35542,1.3552700000000002,2.25,1
16.08.2021 00:18:07.066,1.35543,1.3552700000000002,1,1
16.08.2021 00:18:24.500,1.35544,1.35528,3.2,1
16.08.2021 00:18:25.814,1.35539,1.3552600000000001,1,1
16.08.2021 00:18:26.484,1.3554000000000002,1.35524,1,1
16.08.2021 00:18:31.220,1.35541,1.35524,1,1
16.08.2021 00:18:31.351,1.35538,1.35524,1,1
16.08.2021 00:18:31.616,1.35541,1.35525,3.37,1
16.08.2021 00:18:38.460,1.35541,1.3552600000000001,1,1
16.08.2021 00:18:41.321,1.35539,1.35524,1,1
16.08.2021 00:18:43.146,1.35538,1.35523,1.5,1
16.08.2021 00:19:02.712,1.35539,1.35523,1,1
16.08.2021 00:19:03.159,1.35538,1.35525,1,1
16.08.2021 00:19:03.458,1.35541,1.35524,1.12,1
16.08.2021 00:19:05.564,1.3554000000000002,1.35523,1,1
16.08.2021 00:19:05.615,1.3553700000000002,1.35524,1,1
16.08.2021 00:19:06.793,1.3553700000000002,1.35525,1,1
16.08.2021 00:19:06.894,1.35538,1.35523,1,1
16.08.2021 00:19:06.944,1.3554000000000002,1.35522,1.5,1
16.08.2021 00:19:06.995,1.3553700000000002,1.35522,1,1.5
16.08.2021 00:19:19.909,1.3553700000000002,1.3552,1,1
16.08.2021 00:19:20.874,1.35538,1.35521,1.12,1
16.08.2021 00:19:29.140,1.35535,1.3552,1,1
16.08.2021 00:19:34.541,1.35534,1.3551900000000001,1,1
16.08.2021 00:19:34.642,1.35532,1.3551700000000002,1.12,1
16.08.2021 00:19:35.192,1.35531,1.3551700000000002,1.12,1
16.08.2021 00:19:37.221,1.35531,1.3551600000000001,1.87,1
16.08.2021 00:19:43.976,1.3553000000000002,1.35515,1.12,1
16.08.2021 00:19:44.027,1.3552600000000001,1.3551,1,1
16.08.2021 00:19:48.159,1.35529,1.35511,3.12,1
16.08.2021 00:19:48.311,1.35529,1.35511,1.12,1
16.08.2021 00:19:52.162,1.35528,1.35513,1,1
16.08.2021 00:19:52.285,1.3553000000000002,1.35514,1,1
16.08.2021 00:19:56.305,1.35531,1.35514,1.87,1
16.08.2021 00:19:57.561,1.35532,1.35515,2.37,1
16.08.2021 00:19:57.975,1.35532,1.35515,1.12,1
16.08.2021 00:20:03.180,1.35534,1.3551700000000002,2.37,1
16.08.2021 00:20:04.914,1.35534,1.3551700000000002,1.87,1
16.08.2021 00:20:06.587,1.3553700000000002,1.3552,2.75,1
16.08.2021 00:20:06.796,1.3553600000000001,1.35521,1,1
16.08.2021 00:20:07.062,1.35534,1.3551700000000002,1,1
16.08.2021 00:20:07.113,1.35538,1.3552,1,1
16.08.2021 00:20:07.214,1.35535,1.3552,1,1
16.08.2021 00:20:09.963,1.35538,1.35522,1,1
16.08.2021 00:20:13.674,1.3554000000000002,1.35523,1,1
16.08.2021 00:20:13.775,1.3554000000000002,1.35525,1.12,1
16.08.2021 00:20:14.679,1.35541,1.3552600000000001,1.5,1
16.08.2021 00:20:14.827,1.35541,1.3552600000000001,1,1
16.08.2021 00:20:31.296,1.35541,1.35525,1,1
16.08.2021 00:20:51.741,1.3554000000000002,1.35524,1,1
16.08.2021 00:22:55.140,1.3553700000000002,1.35523,1,1
16.08.2021 00:23:32.470,1.35535,1.35521,1,1
16.08.2021 00:23:32.741,1.35534,1.3552,1,1
16.08.2021 00:23:33.236,1.35532,1.35518,1,1.87
16.08.2021 00:25:00.975,1.35535,1.3551700000000002,1,1
16.08.2021 00:25:01.356,1.3553600000000001,1.3551900000000001,1,1
16.08.2021 00:25:01.919,1.3553700000000002,1.3552,1,1
16.08.2021 00:25:03.017,1.35538,1.35524,1,1
16.08.2021 00:25:03.514,1.35541,1.35525,1.12,1
16.08.2021 00:25:03.621,1.35542,1.3552600000000001,1,1
16.08.2021 00:25:03.722,1.35544,1.3552700000000002,1.5,1
16.08.2021 00:25:03.923,1.35544,1.3553000000000002,1.5,1
16.08.2021 00:25:04.154,1.35545,1.35529,1.12,1
16.08.2021 00:25:11.552,1.35545,1.35529,1.5,1
16.08.2021 00:25:12.539,1.35544,1.3553000000000002,1.12,1
16.08.2021 00:25:20.227,1.35544,1.3553000000000002,1.5,1
16.08.2021 00:25:51.674,1.3554700000000002,1.3553000000000002,2,1
16.08.2021 00:25:51.775,1.3554700000000002,1.35531,1.5,1
16.08.2021 00:25:53.250,1.3554700000000002,1.35532,1.5,1
16.08.2021 00:25:53.301,1.3555000000000001,1.35532,2.62,1
16.08.2021 00:25:53.351,1.3555000000000001,1.35538,1,1
16.08.2021 00:25:53.452,1.3555000000000001,1.35539,1,1
16.08.2021 00:25:53.704,1.35554,1.35538,1,1
16.08.2021 00:25:53.806,1.35555,1.35538,1.87,1
16.08.2021 00:25:54.943,1.35555,1.35539,1.87,1
16.08.2021 00:25:55.258,1.35555,1.35538,1,1
16.08.2021 00:25:55.695,1.35556,1.35541,1.62,1
16.08.2021 00:25:58.191,1.35556,1.3554000000000002,2,1
16.08.2021 00:25:58.292,1.35555,1.35538,1.5,1
16.08.2021 00:25:58.554,1.35554,1.3553700000000002,1,1
16.08.2021 00:25:58.806,1.35552,1.3553700000000002,1,1
16.08.2021 00:25:58.957,1.35552,1.35535,1,1
16.08.2021 00:25:59.058,1.35548,1.3553000000000002,1.5,1.87
16.08.2021 00:25:59.108,1.35545,1.35533,1,1
16.08.2021 00:25:59.242,1.3554700000000002,1.35533,1.5,1
16.08.2021 00:25:59.393,1.3554700000000002,1.3553000000000002,1.12,1
16.08.2021 00:25:59.861,1.35546,1.35529,1,1
16.08.2021 00:26:00.100,1.35548,1.35531,1,1
16.08.2021 00:26:01.342,1.35549,1.35532,1,1
16.08.2021 00:26:01.443,1.3555000000000001,1.35532,1,1
16.08.2021 00:26:01.563,1.35551,1.35534,1,1
16.08.2021 00:26:10.267,1.35551,1.35535,1,1
16.08.2021 00:26:19.760,1.35548,1.35534,1,1
16.08.2021 00:27:23.725,1.3554700000000002,1.35531,1,1
16.08.2021 00:28:08.762,1.35546,1.3553000000000002,1,1
16.08.2021 00:28:41.363,1.35544,1.35528,1,1.5
16.08.2021 00:28:50.083,1.35541,1.3552700000000002,1,1.5
16.08.2021 00:28:50.184,1.35542,1.35525,1,1.12
16.08.2021 00:29:01.075,1.35543,1.3552600000000001,1,1.95
16.08.2021 00:29:01.176,1.35544,1.3552700000000002,1,1.12
16.08.2021 00:29:06.272,1.35543,1.35528,1,1.62
16.08.2021 00:29:06.423,1.35546,1.35529,1,1
16.08.2021 00:29:47.661,1.35546,1.35529,1,2.75
16.08.2021 00:29:47.792,1.3554700000000002,1.35529,1,2.75
16.08.2021 00:29:48.746,1.35545,1.35528,1,3.12
16.08.2021 00:29:49.146,1.35545,1.35528,1,2.62
16.08.2021 00:29:53.461,1.35544,1.35528,1,1
16.08.2021 00:29:53.562,1.3554000000000002,1.3552700000000002,1,1.5
16.08.2021 00:29:53.664,1.35541,1.35525,1,1.87
16.08.2021 00:29:54.216,1.3554000000000002,1.35525,1,2.62
16.08.2021 00:29:57.273,1.35542,1.35524,1,1.12
16.08.2021 00:29:59.390,1.35542,1.35525,1,1
16.08.2021 00:30:01.078,1.35541,1.3552600000000001,1,2.07
16.08.2021 00:30:01.179,1.35542,1.3552600000000001,1,3.2
16.08.2021 00:30:01.779,1.35544,1.3552700000000002,1,1.5
16.08.2021 00:30:01.914,1.35544,1.3552700000000002,1,2.37
16.08.2021 00:30:04.774,1.35543,1.35528,1,1.87
16.08.2021 00:30:53.533,1.35543,1.35528,1,2
16.08.2021 00:30:55.361,1.35543,1.3553000000000002,1,1.5
16.08.2021 00:30:55.412,1.3554700000000002,1.35532,1,1
16.08.2021 00:30:55.462,1.35548,1.35534,1,1
16.08.2021 00:31:01.128,1.3555000000000001,1.3553600000000001,1,1
16.08.2021 00:31:01.229,1.35553,1.3553700000000002,1,1
16.08.2021 00:31:19.282,1.35554,1.35538,1,1
16.08.2021 00:31:45.799,1.35553,1.3553700000000002,1,1
16.08.2021 00:31:58.773,1.35554,1.35538,1,1
16.08.2021 00:32:20.777,1.35551,1.35538,1,1
16.08.2021 00:32:20.878,1.35551,1.3553600000000001,1,1.62
16.08.2021 00:32:24.685,1.35551,1.3553600000000001,1,1.12
16.08.2021 00:32:24.786,1.3555000000000001,1.35533,1,1.62
16.08.2021 00:32:25.063,1.3555000000000001,1.35533,1,3.37
16.08.2021 00:32:26.653,1.35548,1.35534,1,1.87
16.08.2021 00:32:41.264,1.35548,1.35534,1,1
16.08.2021 00:32:41.365,1.35551,1.35534,1,2.37
16.08.2021 00:32:42.231,1.3555000000000001,1.35535,1,2.25
16.08.2021 00:32:56.406,1.3555000000000001,1.35534,1,1.5
16.08.2021 00:32:56.586,1.3555000000000001,1.35534,1,1.5
16.08.2021 00:32:57.450,1.35549,1.35535,1,1
16.08.2021 00:33:01.302,1.3555000000000001,1.35533,1,1.87
16.08.2021 00:33:01.637,1.3555000000000001,1.35534,1,1
16.08.2021 00:33:04.193,1.3555000000000001,1.35533,1,1.5
16.08.2021 00:33:05.710,1.35549,1.35534,1,2.37
16.08.2021 00:33:07.885,1.3555000000000001,1.35535,1,1.5
16.08.2021 00:33:07.986,1.35554,1.3553700000000002,1,1
16.08.2021 00:33:08.324,1.35554,1.35539,1,1
16.08.2021 00:33:08.475,1.35554,1.3553700000000002,1,2.37
16.08.2021 00:33:16.152,1.35554,1.3553700000000002,1,1.12
16.08.2021 00:33:16.667,1.35553,1.35538,1,1.5
16.08.2021 00:33:16.768,1.35553,1.35538,1,1.12
16.08.2021 00:33:17.206,1.35553,1.35538,1,1.5
16.08.2021 00:33:17.497,1.35554,1.3553700000000002,1,1.12
16.08.2021 00:33:18.212,1.35554,1.3553700000000002,1,1.5
16.08.2021 00:33:18.706,1.35553,1.35538,1,1.12
16.08.2021 00:33:18.809,1.35554,1.3553700000000002,1,1.5
16.08.2021 00:33:20.732,1.35553,1.35538,1,1.12
16.08.2021 00:33:23.337,1.35554,1.3553700000000002,1,1.5
16.08.2021 00:33:23.438,1.35553,1.35538,1,1.12
16.08.2021 00:33:28.851,1.35553,1.35538,1,1.5
16.08.2021 00:33:28.952,1.35553,1.35538,1,1.12
16.08.2021 00:33:57.956,1.35552,1.3553700000000002,1,1.5
16.08.2021 00:35:02.477,1.35552,1.35542,1,1
16.08.2021 00:35:03.001,1.35553,1.3553600000000001,1,1
16.08.2021 00:35:40.501,1.35552,1.35541,1,1
16.08.2021 00:35:54.026,1.35552,1.3553700000000002,1,2.25
16.08.2021 00:36:22.920,1.35552,1.35538,1,1
16.08.2021 00:36:23.020,1.35556,1.35539,1,1
16.08.2021 00:36:23.071,1.35558,1.35543,1,1
16.08.2021 00:36:27.646,1.35558,1.35541,1,1
16.08.2021 00:37:09.974,1.3555700000000002,1.3554000000000002,1,1
16.08.2021 00:37:10.025,1.35554,1.35538,1,1.5
16.08.2021 00:37:10.302,1.35553,1.35538,1,1.12
16.08.2021 00:37:10.749,1.35552,1.35535,1,1
16.08.2021 00:37:11.076,1.3555000000000001,1.35535,1,1
16.08.2021 00:37:11.328,1.3555000000000001,1.35533,1,1
16.08.2021 00:37:11.681,1.3554700000000002,1.35531,1,2.82
16.08.2021 00:37:13.313,1.35548,1.3553000000000002,1,1.5
16.08.2021 00:37:17.423,1.35546,1.35531,1,1
16.08.2021 00:37:20.041,1.3554700000000002,1.3553000000000002,1,1
16.08.2021 00:37:23.008,1.35546,1.35531,1,1
16.08.2021 00:37:23.159,1.3554700000000002,1.3553000000000002,1,1
16.08.2021 00:37:24.408,1.35545,1.35531,1,1
16.08.2021 00:37:56.146,1.35546,1.35528,1,1.5
16.08.2021 00:38:00.266,1.35544,1.3552700000000002,1,1.62
16.08.2021 00:38:00.367,1.35543,1.35528,1,1.5
16.08.2021 00:38:46.135,1.35543,1.35528,1,2
16.08.2021 00:39:39.901,1.35544,1.3552700000000002,1,3.37
16.08.2021 00:39:49.138,1.35543,1.35528,1,3.5
16.08.2021 00:39:49.289,1.35545,1.35528,1,2.62
16.08.2021 00:40:30.598,1.35544,1.35529,1,1.62
16.08.2021 00:40:32.610,1.35545,1.35528,1,1.5
16.08.2021 00:41:13.037,1.3554700000000002,1.3553000000000002,1,1
16.08.2021 00:41:58.351,1.35544,1.35528,1,1
16.08.2021 00:41:58.503,1.35541,1.3552600000000001,1,2
16.08.2021 00:41:58.654,1.3554000000000002,1.3552700000000002,1,1.87
16.08.2021 00:41:59.783,1.3554000000000002,1.3552600000000001,1,1.12
16.08.2021 00:42:00.356,1.3554000000000002,1.35523,1,1.62
16.08.2021 00:42:02.789,1.35539,1.35524,1,1.5
16.08.2021 00:42:18.856,1.3554000000000002,1.35525,1,1.5
16.08.2021 00:42:30.701,1.35538,1.35524,1,1.5
16.08.2021 00:42:30.751,1.35538,1.35524,1,1
16.08.2021 00:42:30.902,1.3553600000000001,1.35522,1,1
16.08.2021 00:42:31.003,1.3553700000000002,1.35523,1,1
16.08.2021 00:42:31.205,1.35538,1.35524,1.5,1
16.08.2021 00:43:00.720,1.3553700000000002,1.35523,1,1.12
16.08.2021 00:43:01.104,1.3553600000000001,1.35522,1,1.12
16.08.2021 00:43:01.205,1.35535,1.3551900000000001,1,1
16.08.2021 00:43:01.306,1.35532,1.35518,1,1
16.08.2021 00:43:01.457,1.35531,1.3551700000000002,1,1
16.08.2021 00:43:03.158,1.35529,1.35515,1,1
16.08.2021 00:45:11.994,1.35528,1.35511,1,1.5
16.08.2021 00:45:12.780,1.35528,1.35512,1,1.5
16.08.2021 00:45:27.360,1.35528,1.35511,1,1
16.08.2021 00:45:32.532,1.3552600000000001,1.35512,1,1
16.08.2021 00:45:33.600,1.35525,1.3551,1,1.5
16.08.2021 00:45:34.876,1.35525,1.3550900000000001,1,1
16.08.2021 00:45:51.018,1.35523,1.3550900000000001,1,1.12
16.08.2021 00:46:21.035,1.35522,1.35508,1,1.12
16.08.2021 00:46:21.136,1.3552,1.3550700000000002,1,1.5
16.08.2021 00:46:21.237,1.35521,1.35505,1,2.62
16.08.2021 00:46:44.275,1.3552,1.35513,1,1
16.08.2021 00:46:52.217,1.3552,1.3550600000000002,1,1
16.08.2021 00:47:00.824,1.35522,1.35508,1,1
16.08.2021 00:47:01.038,1.35524,1.3551,1,1
16.08.2021 00:47:04.063,1.3552700000000002,1.35511,1,1
16.08.2021 00:48:00.664,1.35529,1.35515,1.12,1
16.08.2021 00:48:54.194,1.35528,1.35513,1,1
16.08.2021 00:48:54.395,1.3552600000000001,1.35512,1,1
16.08.2021 00:49:26.901,1.35529,1.35512,1,1
16.08.2021 00:49:39.090,1.3552600000000001,1.35512,1,1
16.08.2021 00:50:00.278,1.3552700000000002,1.35512,1,1
16.08.2021 00:50:02.735,1.35528,1.35515,1,1
16.08.2021 00:50:03.792,1.3553000000000002,1.35515,1.5,1
16.08.2021 00:50:14.558,1.35531,1.35515,1.5,1
16.08.2021 00:50:14.659,1.35531,1.3551900000000001,1.5,1
16.08.2021 00:50:14.760,1.3553000000000002,1.35521,1.5,1
16.08.2021 00:50:15.012,1.3553000000000002,1.3552,1,1
16.08.2021 00:50:15.113,1.35535,1.3552,1.12,1
16.08.2021 00:50:40.130,1.35534,1.3551900000000001,1.12,1
16.08.2021 00:50:46.235,1.35534,1.35521,1.12,1
16.08.2021 00:51:04.479,1.35535,1.35521,2.25,1
16.08.2021 00:51:04.747,1.35535,1.35522,1.5,1
16.08.2021 00:51:04.848,1.35535,1.35523,1,1
16.08.2021 00:51:05.444,1.3553600000000001,1.35522,1,1
16.08.2021 00:51:05.545,1.3553600000000001,1.35522,1,1
16.08.2021 00:51:06.689,1.35534,1.35522,1,1
16.08.2021 00:51:06.740,1.35534,1.3552,1,1
16.08.2021 00:51:09.351,1.3553600000000001,1.3551900000000001,1.5,1
16.08.2021 00:51:09.610,1.35534,1.3552,1,1
16.08.2021 00:51:09.873,1.35535,1.35518,1.5,1
16.08.2021 00:51:17.703,1.35533,1.3551900000000001,1,1
16.08.2021 00:51:32.612,1.35533,1.35521,1,1
16.08.2021 00:51:37.287,1.35534,1.35521,1,1
16.08.2021 00:51:52.415,1.35535,1.35521,1.12,1
16.08.2021 00:51:52.516,1.3553600000000001,1.35523,1,1
16.08.2021 00:51:53.370,1.3553700000000002,1.35522,1,1
16.08.2021 00:51:53.650,1.3553700000000002,1.35521,1,1
16.08.2021 00:51:57.041,1.35535,1.3552,1,1
16.08.2021 00:51:57.303,1.35534,1.3552,1,1
16.08.2021 00:51:57.404,1.3553600000000001,1.3551900000000001,1.12,1
16.08.2021 00:51:58.388,1.35535,1.3551900000000001,1,1
16.08.2021 00:52:02.530,1.35534,1.35521,1,1
16.08.2021 00:52:03.194,1.3553600000000001,1.35521,2.37,1
16.08.2021 00:52:03.244,1.3553700000000002,1.35522,1,1
16.08.2021 00:52:03.758,1.3553600000000001,1.35524,1,1
16.08.2021 00:52:04.115,1.35538,1.35523,1,1
16.08.2021 00:52:05.106,1.3553700000000002,1.35524,1,1
16.08.2021 00:52:05.962,1.35538,1.35522,3,1
16.08.2021 00:52:06.122,1.35538,1.35522,3.12,1
16.08.2021 00:52:15.857,1.35534,1.3552,1,1
16.08.2021 00:52:18.288,1.3553600000000001,1.35521,1.5,1
16.08.2021 00:52:18.848,1.3553700000000002,1.3552,1.12,1
16.08.2021 00:52:24.945,1.3553600000000001,1.35521,1.5,1
16.08.2021 00:52:48.609,1.35535,1.35523,1.12,1
16.08.2021 00:52:48.760,1.3553600000000001,1.3552,1.87,1
16.08.2021 00:52:52.769,1.35535,1.35522,1.12,1
16.08.2021 00:52:52.870,1.3553600000000001,1.35522,1,1
16.08.2021 00:52:52.971,1.3554000000000002,1.35524,1,1
16.08.2021 00:52:53.122,1.35541,1.35525,1,1
16.08.2021 00:52:53.439,1.35542,1.3552600000000001,1,1
16.08.2021 00:53:06.951,1.35541,1.35525,1,1
16.08.2021 00:54:17.119,1.35539,1.35525,1,1
16.08.2021 00:54:19.249,1.35539,1.35523,1,1
16.08.2021 00:54:19.367,1.3553600000000001,1.35522,1,1
16.08.2021 00:54:54.656,1.35539,1.35523,1,1
16.08.2021 00:55:00.360,1.35534,1.3552,1,2.25
16.08.2021 00:55:00.511,1.3553600000000001,1.3552,1,1
16.08.2021 00:55:02.335,1.35535,1.3552,1,1.5
16.08.2021 00:55:03.200,1.35534,1.3551700000000002,1,1
16.08.2021 00:55:14.574,1.35535,1.3551900000000001,1,1
16.08.2021 00:55:23.674,1.35533,1.35518,1,1
16.08.2021 00:55:23.994,1.35532,1.3551700000000002,1,1.87
16.08.2021 00:55:26.578,1.35534,1.3551700000000002,1,1
16.08.2021 00:56:00.585,1.35531,1.3551700000000002,1,1
16.08.2021 00:56:03.897,1.35533,1.35518,1,1
16.08.2021 00:56:24.628,1.3553600000000001,1.3552,1,1
16.08.2021 00:56:26.263,1.3553600000000001,1.35522,1.5,1
16.08.2021 00:56:30.475,1.35538,1.35522,1,1.12
16.08.2021 00:56:30.576,1.3554000000000002,1.35524,1.12,1.12
16.08.2021 00:56:30.677,1.35538,1.35524,1,1
16.08.2021 00:56:36.329,1.35539,1.35522,1,1
16.08.2021 00:56:47.742,1.35538,1.35522,1,1
16.08.2021 00:57:32.376,1.3553700000000002,1.35521,1,1
16.08.2021 00:57:49.518,1.3553700000000002,1.35522,1.5,1
16.08.2021 00:57:52.186,1.3553600000000001,1.3551900000000001,1,1
16.08.2021 00:57:56.976,1.35534,1.3551900000000001,1,1
16.08.2021 00:57:58.478,1.35534,1.3551700000000002,1,1
16.08.2021 00:58:24.885,1.35532,1.3551600000000001,1,1
16.08.2021 00:58:36.871,1.35532,1.3551700000000002,1,1
16.08.2021 00:58:44.285,1.35532,1.3551600000000001,1,1
16.08.2021 00:59:01.698,1.35534,1.3551700000000002,1,1
16.08.2021 00:59:02.261,1.35535,1.3552,1,1
16.08.2021 00:59:12.331,1.35539,1.35521,1.2,1
16.08.2021 00:59:15.012,1.35539,1.35522,5.25,1
16.08.2021 00:59:35.616,1.35539,1.35521,3,1
16.08.2021 00:59:40.913,1.35539,1.3552,1,1
16.08.2021 00:59:41.484,1.35535,1.3552,1,1
16.08.2021 00:59:41.585,1.35534,1.3552,1,1
16.08.2021 00:59:54.917,1.35535,1.3552,2.62,1
16.08.2021 00:59:57.896,1.3553600000000001,1.3551900000000001,2.87,1
16.08.2021 01:00:00.132,1.3553600000000001,1.35518,3.62,1
16.08.2021 01:00:00.648,1.35534,1.35518,1,1
16.08.2021 01:00:01.047,1.35532,1.35518,1,1
16.08.2021 01:00:01.098,1.35532,1.3551600000000001,1.2,1
16.08.2021 01:00:01.149,1.35531,1.35514,1,1
16.08.2021 01:00:01.450,1.35531,1.35515,2.25,1
16.08.2021 01:00:01.729,1.3553000000000002,1.35515,1,1
16.08.2021 01:00:02.029,1.3553000000000002,1.35515,1.5,1
16.08.2021 01:00:02.180,1.3553000000000002,1.35513,1.12,1
16.08.2021 01:00:02.563,1.3553000000000002,1.35515,1.12,1
16.08.2021 01:00:06.067,1.35529,1.35518,1,1
16.08.2021 01:00:06.689,1.3552700000000002,1.3551700000000002,1,1
16.08.2021 01:00:21.760,1.3552700000000002,1.35515,1,1
16.08.2021 01:00:24.082,1.3552700000000002,1.35513,1,1
16.08.2021 01:00:26.730,1.3552700000000002,1.35514,1,1
16.08.2021 01:00:27.976,1.3552700000000002,1.35513,1,1
16.08.2021 01:00:28.077,1.3552600000000001,1.35513,1,1
16.08.2021 01:00:28.177,1.3552700000000002,1.3551,1,1
16.08.2021 01:00:28.695,1.3553000000000002,1.3551,1.2,1
16.08.2021 01:00:32.368,1.35531,1.35511,3.95,1
16.08.2021 01:00:32.419,1.3553000000000002,1.35515,2.45,1
16.08.2021 01:00:33.671,1.35531,1.35515,4.32,1
16.08.2021 01:00:42.787,1.3553000000000002,1.35514,1,1
16.08.2021 01:00:43.027,1.35529,1.35512,3.37,1
16.08.2021 01:00:43.653,1.35529,1.35511,1.5,1
16.08.2021 01:00:43.840,1.3552700000000002,1.35512,1,1
16.08.2021 01:00:47.458,1.35529,1.35512,3,1
16.08.2021 01:00:47.620,1.35529,1.35511,2.25,1
16.08.2021 01:00:49.309,1.35528,1.3551,1,1
16.08.2021 01:00:51.328,1.3552700000000002,1.3551,1,1
16.08.2021 01:01:32.323,1.3552600000000001,1.35513,1,1
16.08.2021 01:01:38.948,1.3552600000000001,1.35511,1.5,1
16.08.2021 01:01:39.322,1.35525,1.35511,1,1
16.08.2021 01:01:40.827,1.3552700000000002,1.3551,1.5,1
16.08.2021 01:02:00.690,1.35528,1.3551,1,1
16.08.2021 01:02:01.042,1.35528,1.35513,2.21,1
16.08.2021 01:02:01.519,1.35528,1.35515,1.87,1
16.08.2021 01:02:02.015,1.3553000000000002,1.35514,2.25,1
16.08.2021 01:02:06.791,1.35529,1.35513,1.5,1
16.08.2021 01:02:13.716,1.35529,1.35514,3.07,1
16.08.2021 01:02:22.521,1.3552600000000001,1.35514,1,1
16.08.2021 01:02:27.721,1.3553000000000002,1.35514,2.25,1
16.08.2021 01:02:28.299,1.3552600000000001,1.35514,1,1
16.08.2021 01:02:45.946,1.35531,1.35513,2.75,1
16.08.2021 01:02:47.479,1.35531,1.35513,2.62,1
16.08.2021 01:02:48.670,1.35531,1.35514,1.87,1
16.08.2021 01:02:48.771,1.35531,1.35515,3.75,1
16.08.2021 01:02:49.681,1.35532,1.35514,3.87,1
16.08.2021 01:02:54.876,1.35532,1.35515,2.75,1
16.08.2021 01:03:03.575,1.3553000000000002,1.35515,1.12,1
16.08.2021 01:03:28.627,1.35531,1.35513,1.12,1
16.08.2021 01:03:50.061,1.35529,1.35513,1,1
16.08.2021 01:03:52.906,1.35531,1.35514,1,1
16.08.2021 01:03:54.582,1.35532,1.35514,3.12,1
16.08.2021 01:03:55.640,1.35532,1.35514,3.12,1
16.08.2021 01:03:55.869,1.35524,1.35514,1,1
16.08.2021 01:03:56.415,1.3553000000000002,1.35515,2,1
16.08.2021 01:03:59.223,1.3553000000000002,1.35514,1,1
16.08.2021 01:04:08.141,1.3553000000000002,1.35515,1.87,1
16.08.2021 01:04:18.662,1.35532,1.3551600000000001,1.87,1
16.08.2021 01:04:19.861,1.35531,1.35518,1.87,1
16.08.2021 01:04:20.171,1.3553600000000001,1.3551700000000002,2.82,1
16.08.2021 01:04:21.176,1.35535,1.35518,1.95,1
16.08.2021 01:04:23.179,1.3553600000000001,1.3551700000000002,2.07,1
16.08.2021 01:04:25.629,1.35535,1.3551900000000001,1.6,1
16.08.2021 01:04:26.069,1.3553600000000001,1.3552,1.5,1
16.08.2021 01:04:26.170,1.35539,1.35521,1.22,1
16.08.2021 01:04:26.515,1.35539,1.35521,1.1,1
16.08.2021 01:04:29.724,1.35538,1.3552,1,1
16.08.2021 01:04:39.269,1.3553700000000002,1.35521,2.82,1
16.08.2021 01:04:47.269,1.35538,1.3552,2.7,1
16.08.2021 01:04:54.769,1.35538,1.35521,3.75,1
16.08.2021 01:04:56.941,1.35539,1.35521,1.5,1
16.08.2021 01:04:57.041,1.35542,1.3552600000000001,2.1,1
16.08.2021 01:04:57.142,1.35541,1.3552700000000002,1.57,1
16.08.2021 01:04:57.243,1.35541,1.3552600000000001,1.57,1
16.08.2021 01:04:57.344,1.35542,1.3552600000000001,1.5,1
16.08.2021 01:05:06.354,1.35543,1.35528,1.12,1
16.08.2021 01:05:06.455,1.35545,1.35529,1.6,1
16.08.2021 01:05:06.707,1.35544,1.3553000000000002,1.5,1
16.08.2021 01:05:06.808,1.35545,1.35532,1,1
16.08.2021 01:05:07.388,1.3554700000000002,1.35533,1.62,1
16.08.2021 01:05:10.152,1.3554700000000002,1.3553000000000002,1.12,1
16.08.2021 01:05:12.098,1.3554700000000002,1.35531,1.57,1
16.08.2021 01:05:12.586,1.35548,1.35532,1,1
16.08.2021 01:05:13.054,1.35548,1.35532,1,1
16.08.2021 01:05:13.406,1.35546,1.35533,1,1
16.08.2021 01:05:14.404,1.3554700000000002,1.35532,1,1
16.08.2021 01:05:16.027,1.3554700000000002,1.3553000000000002,1.5,1
16.08.2021 01:05:18.416,1.3554700000000002,1.3553000000000002,2.37,1
16.08.2021 01:05:20.441,1.35546,1.35531,1.62,1
16.08.2021 01:05:22.065,1.3554700000000002,1.3553000000000002,1,1
16.08.2021 01:05:22.166,1.35549,1.35534,1.62,1
16.08.2021 01:05:22.504,1.3555000000000001,1.35533,1.5,1
16.08.2021 01:05:28.219,1.35552,1.35535,2.82,1
16.08.2021 01:05:29.122,1.35552,1.35535,2.82,1
16.08.2021 01:05:29.291,1.3555000000000001,1.35535,1,1
16.08.2021 01:05:29.528,1.3555000000000001,1.3553600000000001,1.12,1
16.08.2021 01:05:29.679,1.3555000000000001,1.35535,1.5,1
16.08.2021 01:05:30.044,1.35549,1.35534,2.25,1
16.08.2021 01:05:30.993,1.35546,1.35534,1,1
16.08.2021 01:05:36.131,1.35546,1.35533,1,1
16.08.2021 01:05:40.846,1.35546,1.3553000000000002,1,1
16.08.2021 01:05:41.115,1.35543,1.35529,1,1
16.08.2021 01:06:01.079,1.35541,1.3552700000000002,1,1
16.08.2021 01:06:01.180,1.3554000000000002,1.3552600000000001,1,1
16.08.2021 01:06:01.897,1.35538,1.35524,1,1.12
16.08.2021 01:06:02.049,1.3553600000000001,1.3552,1,2
16.08.2021 01:06:02.150,1.3553600000000001,1.3552,1,1
16.08.2021 01:06:32.967,1.35535,1.3551900000000001,1,1
16.08.2021 01:06:35.022,1.3553600000000001,1.35522,1.5,1
16.08.2021 01:06:35.073,1.35539,1.35521,1.5,1
16.08.2021 01:06:35.490,1.35539,1.35522,3,1
16.08.2021 01:06:36.539,1.3554000000000002,1.35522,2.62,1
16.08.2021 01:06:39.017,1.35539,1.35525,1.87,1
16.08.2021 01:06:41.699,1.35542,1.3552600000000001,2,1
16.08.2021 01:06:43.765,1.35542,1.3552700000000002,1.87,1
16.08.2021 01:06:43.866,1.35542,1.35528,1.87,1
16.08.2021 01:06:44.103,1.35543,1.35528,1.87,1
16.08.2021 01:06:44.275,1.35544,1.35528,1.5,1
16.08.2021 01:06:44.385,1.35545,1.3553000000000002,1.87,1
16.08.2021 01:06:44.486,1.35546,1.3553000000000002,1.5,1
16.08.2021 01:06:44.600,1.3554700000000002,1.3553000000000002,1,1
16.08.2021 01:06:44.751,1.3554700000000002,1.35531,1,1
16.08.2021 01:06:45.650,1.3554700000000002,1.35532,1,1
16.08.2021 01:06:46.632,1.35548,1.35531,1,1
16.08.2021 01:06:47.585,1.35549,1.35531,1.12,1
16.08.2021 01:06:47.636,1.35549,1.35534,2.75,1
16.08.2021 01:06:47.958,1.3555000000000001,1.35534,1.5,1
16.08.2021 01:06:48.098,1.3555000000000001,1.3553600000000001,1.5,1
16.08.2021 01:06:48.595,1.3555000000000001,1.3553600000000001,1,1
16.08.2021 01:07:01.344,1.3555000000000001,1.35535,1.5,1
16.08.2021 01:07:01.905,1.3555000000000001,1.3553700000000002,2.25,1
16.08.2021 01:07:15.805,1.35553,1.3553600000000001,2,1
16.08.2021 01:07:17.536,1.35551,1.3553700000000002,1,1
16.08.2021 01:07:17.841,1.35549,1.35535,1,1
16.08.2021 01:07:23.964,1.35548,1.35534,1,1
16.08.2021 01:07:30.989,1.35548,1.35533,1,1
16.08.2021 01:07:36.593,1.3555000000000001,1.35532,1.87,1
16.08.2021 01:07:47.859,1.35549,1.3553600000000001,1.87,1
16.08.2021 01:07:47.960,1.35551,1.35538,2.81,1
16.08.2021 01:07:48.953,1.3554700000000002,1.35538,1,1
16.08.2021 01:07:52.774,1.35548,1.35539,1,1
16.08.2021 01:08:02.583,1.3554700000000002,1.35538,1,1
16.08.2021 01:08:08.581,1.35553,1.3553700000000002,1,1
16.08.2021 01:08:09.158,1.3555000000000001,1.3553600000000001,1,1
16.08.2021 01:08:14.202,1.35552,1.35538,1,1
16.08.2021 01:08:14.353,1.35551,1.35535,1,1
16.08.2021 01:08:27.002,1.35552,1.3553600000000001,1,2.25
16.08.2021 01:08:27.103,1.35554,1.35538,1,1
16.08.2021 01:08:27.506,1.35554,1.3554000000000002,1,1
16.08.2021 01:08:40.426,1.35552,1.35538,1,1
16.08.2021 01:08:41.457,1.35553,1.35539,1,1
16.08.2021 01:08:57.877,1.35552,1.3553700000000002,1,2.45
16.08.2021 01:09:09.114,1.35553,1.3553600000000001,1,1.5
16.08.2021 01:09:16.798,1.35553,1.3553600000000001,1,1.5
16.08.2021 01:09:16.902,1.35552,1.3553700000000002,1,1.12
16.08.2021 01:09:19.053,1.35553,1.3553600000000001,1,1.5
16.08.2021 01:09:20.206,1.35552,1.3553700000000002,1,1.12
16.08.2021 01:09:22.766,1.35552,1.3553700000000002,1,1.5
16.08.2021 01:09:22.869,1.35553,1.3553600000000001,1,1.12
16.08.2021 01:09:24.480,1.35552,1.3553700000000002,1,1.5
16.08.2021 01:09:28.850,1.35553,1.3553600000000001,1,1.12
16.08.2021 01:09:28.951,1.35552,1.3553700000000002,1,1.5
16.08.2021 01:09:29.295,1.35553,1.3553700000000002,1,1.5
16.08.2021 01:09:29.515,1.35555,1.3554000000000002,1,1
16.08.2021 01:09:53.549,1.3555700000000002,1.35541,1,1
16.08.2021 01:10:14.430,1.35558,1.35544,1,1
16.08.2021 01:10:14.531,1.3556000000000001,1.35543,1,1
16.08.2021 01:10:17.580,1.35562,1.35544,1.95,1
16.08.2021 01:10:18.269,1.35562,1.35544,1.7,1
16.08.2021 01:10:18.320,1.35558,1.35541,1,1
16.08.2021 01:10:24.900,1.35559,1.35543,1,1
16.08.2021 01:11:58.748,1.3555700000000002,1.35541,1,1
16.08.2021 01:11:59.060,1.35555,1.3554000000000002,1,2.25
16.08.2021 01:11:59.111,1.35553,1.3553700000000002,1,1.7
16.08.2021 01:11:59.780,1.35553,1.3553700000000002,1,2.82
16.08.2021 01:12:26.011,1.3555700000000002,1.35539,1,1.5
16.08.2021 01:12:26.208,1.3555700000000002,1.35541,1,1
16.08.2021 01:13:00.983,1.35558,1.35542,1,1
16.08.2021 01:13:27.978,1.35556,1.35542,1,1
16.08.2021 01:13:28.080,1.35553,1.35539,1,1
16.08.2021 01:13:28.181,1.35552,1.35538,1,1
16.08.2021 01:13:28.437,1.35555,1.35538,2.25,1
16.08.2021 01:13:28.538,1.35553,1.3553600000000001,1.87,1
16.08.2021 01:13:28.639,1.35553,1.35535,1.12,1
16.08.2021 01:13:28.791,1.35553,1.3553600000000001,1,1
16.08.2021 01:13:31.056,1.35554,1.35538,1.12,1
16.08.2021 01:13:31.962,1.35555,1.35538,1,1
16.08.2021 01:13:32.063,1.35556,1.3554000000000002,1,1
16.08.2021 01:13:37.070,1.35558,1.35539,2.85,1
16.08.2021 01:13:37.377,1.35558,1.35539,2.1,1
16.08.2021 01:13:38.154,1.35558,1.35541,1.6,1
16.08.2021 01:13:53.590,1.3555700000000002,1.35542,2.85,1
16.08.2021 01:13:53.640,1.35555,1.3554000000000002,1.5,1
16.08.2021 01:13:53.742,1.35556,1.35539,1.12,1
16.08.2021 01:13:55.542,1.35554,1.35538,1,1
16.08.2021 01:14:24.346,1.35551,1.3553700000000002,1,1
16.08.2021 01:15:03.445,1.3555000000000001,1.35533,1,1.5
16.08.2021 01:15:14.344,1.35551,1.35535,1,1
16.08.2021 01:15:56.435,1.35549,1.35535,1,1
16.08.2021 01:16:19.532,1.35546,1.3553000000000002,1,1
16.08.2021 01:16:31.313,1.35545,1.35529,1,1
16.08.2021 01:16:36.951,1.35546,1.3553000000000002,1,1
16.08.2021 01:16:38.559,1.35546,1.35529,1,1
16.08.2021 01:16:48.108,1.35546,1.3553000000000002,1,1
16.08.2021 01:17:14.507,1.35548,1.35532,1,1
16.08.2021 01:17:17.930,1.35546,1.35532,1,1
16.08.2021 01:17:20.240,1.35544,1.3553000000000002,1,1
16.08.2021 01:18:46.865,1.35541,1.3552700000000002,1,1.12
16.08.2021 01:18:47.016,1.35541,1.35528,1,1
16.08.2021 01:18:47.145,1.35541,1.3552700000000002,1,1
16.08.2021 01:18:52.289,1.35541,1.3552600000000001,1,1
16.08.2021 01:18:53.585,1.3554000000000002,1.3552700000000002,1,1
16.08.2021 01:18:57.270,1.3554000000000002,1.35525,1,2.37
16.08.2021 01:19:37.029,1.35539,1.35523,1,2.75
16.08.2021 01:19:37.133,1.35538,1.35523,1,2.75
16.08.2021 01:19:37.658,1.35533,1.35521,1,2.62
16.08.2021 01:19:37.759,1.35534,1.35518,1,1.6
16.08.2021 01:19:37.809,1.35532,1.35518,1,1.5
16.08.2021 01:19:37.860,1.35533,1.35515,1,2.82
16.08.2021 01:19:38.159,1.3553000000000002,1.3551600000000001,1,2.82
16.08.2021 01:19:39.717,1.35531,1.35514,1,2.62
16.08.2021 01:19:39.768,1.35528,1.35512,1,1.6
16.08.2021 01:19:40.291,1.3552600000000001,1.35513,1,1.5
16.08.2021 01:19:40.342,1.35528,1.35508,1,1.6
16.08.2021 01:19:40.392,1.35523,1.35508,1.5,2.1
16.08.2021 01:19:40.493,1.35523,1.35505,1,2.85
16.08.2021 01:19:40.544,1.35522,1.3550600000000002,1,1.2
16.08.2021 01:19:47.105,1.35525,1.3550600000000002,1,1.95
16.08.2021 01:19:47.156,1.35525,1.35508,1,1
16.08.2021 01:19:47.206,1.35528,1.3550900000000001,1,1
16.08.2021 01:19:47.257,1.35523,1.3550900000000001,1,1
16.08.2021 01:19:47.948,1.3552700000000002,1.3551,1,1
16.08.2021 01:19:51.770,1.35528,1.3550900000000001,1,1.5
16.08.2021 01:19:56.074,1.35522,1.35511,1,1.12
16.08.2021 01:19:56.175,1.3552700000000002,1.35511,1,1.12
16.08.2021 01:19:56.399,1.35531,1.35513,1,1.12
16.08.2021 01:19:56.500,1.35531,1.35515,1,1
16.08.2021 01:19:57.635,1.35528,1.35515,1,1.5
16.08.2021 01:19:57.685,1.35531,1.35515,1,2.25
16.08.2021 01:19:57.786,1.35532,1.3551600000000001,1,1.5
16.08.2021 01:19:57.887,1.3553600000000001,1.3551700000000002,1,1
16.08.2021 01:19:59.817,1.35532,1.3551600000000001,1,2.75
16.08.2021 01:20:00.048,1.35531,1.3551900000000001,1,1.5
16.08.2021 01:20:00.149,1.35531,1.3551700000000002,1,2.37
16.08.2021 01:20:01.033,1.35532,1.3551600000000001,1,1.87
16.08.2021 01:20:04.015,1.35532,1.3551600000000001,1,2.37
16.08.2021 01:20:05.218,1.35532,1.3551600000000001,1,1.5
16.08.2021 01:20:16.152,1.3553000000000002,1.3551700000000002,1,1.5
16.08.2021 01:20:16.535,1.3553000000000002,1.3551600000000001,1,1.5
16.08.2021 01:20:17.601,1.3553000000000002,1.35515,1,1.87
16.08.2021 01:20:22.155,1.3553000000000002,1.35513,1,2
16.08.2021 01:20:22.481,1.3552700000000002,1.35513,1,2.75
16.08.2021 01:20:22.663,1.3552700000000002,1.35513,1,1.12
16.08.2021 01:20:22.764,1.35524,1.3551,1,1
16.08.2021 01:20:22.866,1.35524,1.3550900000000001,1,1
16.08.2021 01:20:23.348,1.35524,1.35505,1,4.7
16.08.2021 01:20:25.471,1.35523,1.3550900000000001,1,1
16.08.2021 01:20:26.351,1.35524,1.3550700000000002,1,1
16.08.2021 01:20:28.062,1.35523,1.3550700000000002,1,1
16.08.2021 01:20:30.263,1.35522,1.35505,1,4.7
16.08.2021 01:20:30.793,1.35522,1.35505,1,3.95
16.08.2021 01:20:31.781,1.3552,1.35505,1,1
16.08.2021 01:20:38.174,1.35522,1.35504,1,3.95
16.08.2021 01:20:38.354,1.3552,1.35505,1,3.2
16.08.2021 01:20:38.455,1.35518,1.35505,1,1.12
16.08.2021 01:20:43.520,1.3551900000000001,1.35501,1,2.47
16.08.2021 01:20:43.721,1.35513,1.3549600000000002,1,1.3
16.08.2021 01:20:43.823,1.35513,1.35494,1,1.6
16.08.2021 01:20:43.974,1.35515,1.3549600000000002,1,1.12
16.08.2021 01:20:44.024,1.35513,1.35495,1,1.6
16.08.2021 01:20:45.349,1.35511,1.3549600000000002,1,1
16.08.2021 01:20:45.500,1.3551,1.3549600000000002,1,1
16.08.2021 01:20:47.167,1.35511,1.35495,1,1.7
16.08.2021 01:20:47.319,1.35511,1.35495,1,1.5
16.08.2021 01:20:47.669,1.35513,1.35495,1,2.25
16.08.2021 01:20:47.770,1.35513,1.3549700000000002,1,1.5
16.08.2021 01:20:50.757,1.35514,1.35498,1,1
16.08.2021 01:20:51.088,1.3551600000000001,1.3549900000000001,1,1
16.08.2021 01:20:54.824,1.35514,1.35498,1,2.37
16.08.2021 01:20:54.925,1.35512,1.3549600000000002,1,2
16.08.2021 01:20:54.975,1.35514,1.3549600000000002,1,2.75
16.08.2021 01:20:55.385,1.35515,1.3549700000000002,1,5.25
16.08.2021 01:20:55.486,1.35515,1.35498,1,1
16.08.2021 01:20:55.855,1.3551600000000001,1.355,1,1
16.08.2021 01:20:55.956,1.3551700000000002,1.355,1,1.87
16.08.2021 01:20:57.779,1.3551700000000002,1.3549900000000001,1,1.87
16.08.2021 01:20:57.830,1.35515,1.3549900000000001,1,1.12
16.08.2021 01:20:57.880,1.3551600000000001,1.355,1,1.87
16.08.2021 01:20:57.981,1.3551600000000001,1.3549900000000001,1,1.12
16.08.2021 01:20:58.333,1.3551600000000001,1.355,1,1.87
16.08.2021 01:21:07.996,1.3551600000000001,1.35501,1,1
16.08.2021 01:21:08.097,1.3551600000000001,1.35503,1,1
16.08.2021 01:21:08.495,1.35518,1.3550200000000001,1,1
16.08.2021 01:21:10.925,1.35515,1.355,1,1.37
16.08.2021 01:21:11.026,1.35518,1.35501,1,1.5
16.08.2021 01:21:13.071,1.3551700000000002,1.35501,1,1.5
16.08.2021 01:21:15.467,1.3551700000000002,1.355,1,1
16.08.2021 01:21:15.572,1.3551600000000001,1.355,1,2.25
16.08.2021 01:21:21.820,1.35514,1.355,1,1
16.08.2021 01:21:22.275,1.35514,1.3549700000000002,1,3.5
16.08.2021 01:21:25.270,1.35513,1.35498,1,3.5
16.08.2021 01:21:49.616,1.35512,1.3549700000000002,1,1
16.08.2021 01:21:51.131,1.35514,1.3549700000000002,1,2
16.08.2021 01:21:51.635,1.35514,1.3549900000000001,1,1
16.08.2021 01:21:52.156,1.35514,1.355,1,1
16.08.2021 01:21:52.207,1.3551700000000002,1.355,1,1
16.08.2021 01:21:53.464,1.35513,1.35501,1,1
16.08.2021 01:21:53.565,1.3551,1.3549900000000001,1,1
16.08.2021 01:21:55.148,1.3551,1.35498,1,1
16.08.2021 01:21:55.350,1.3550900000000001,1.3549600000000002,1,1.87
16.08.2021 01:21:59.867,1.3550900000000001,1.35495,1,2.62
16.08.2021 01:22:08.024,1.3551,1.35495,1,1
16.08.2021 01:22:08.176,1.3550900000000001,1.35495,1,2.7
16.08.2021 01:22:14.472,1.3550900000000001,1.3549600000000002,1,1
16.08.2021 01:22:15.856,1.3550900000000001,1.35494,1,2.75
16.08.2021 01:22:23.052,1.3551,1.35495,1,1.12
16.08.2021 01:22:43.271,1.3550900000000001,1.35495,1,1.12
16.08.2021 01:22:44.512,1.3550900000000001,1.3549200000000001,1,1.62
16.08.2021 01:22:44.819,1.35508,1.35491,1,1.62
16.08.2021 01:22:45.287,1.3550700000000002,1.3549200000000001,1,1.5
16.08.2021 01:22:46.541,1.3550700000000002,1.35493,1,1
16.08.2021 01:22:47.275,1.3550900000000001,1.35493,1,1
16.08.2021 01:22:47.604,1.3550900000000001,1.35494,1,1
16.08.2021 01:22:49.537,1.3551,1.35493,1,1.62
16.08.2021 01:22:51.543,1.3550900000000001,1.35494,1,1.5
16.08.2021 01:22:53.584,1.3551,1.35493,1,3.87
16.08.2021 01:23:07.390,1.3550900000000001,1.35491,1,2.37
16.08.2021 01:23:07.441,1.3550900000000001,1.35491,1,1.5
16.08.2021 01:23:07.542,1.3550900000000001,1.3549200000000001,1,2.25
16.08.2021 01:23:07.862,1.35508,1.3549200000000001,1,1.5
16.08.2021 01:23:08.552,1.35504,1.35493,1,1
16.08.2021 01:23:08.703,1.35505,1.3548700000000002,1,1.7
16.08.2021 01:23:08.944,1.35503,1.35488,1,1
16.08.2021 01:23:14.770,1.35504,1.35485,1,3.95
16.08.2021 01:23:22.159,1.35501,1.3548600000000002,1,2
16.08.2021 01:23:24.041,1.35501,1.35489,1,1
16.08.2021 01:23:24.166,1.35503,1.3548600000000002,1,1.5
16.08.2021 01:23:26.117,1.3550200000000001,1.3548600000000002,1,1.12
16.08.2021 01:23:26.359,1.35501,1.35484,1,1.5
16.08.2021 01:23:26.410,1.3549900000000001,1.35485,1,1
16.08.2021 01:23:26.511,1.3549900000000001,1.3548200000000001,1,4.75
16.08.2021 01:23:26.776,1.3549900000000001,1.3548200000000001,1,1
16.08.2021 01:23:26.978,1.355,1.35483,1,1
16.08.2021 01:23:27.080,1.3549700000000002,1.35483,1,1
16.08.2021 01:23:27.181,1.3549700000000002,1.35481,1,1.5
16.08.2021 01:23:27.232,1.35495,1.35481,1,1
16.08.2021 01:23:28.029,1.3549600000000002,1.35481,1,1.5
16.08.2021 01:23:28.197,1.35498,1.35481,1,1
16.08.2021 01:23:29.209,1.3549900000000001,1.35481,1,1
16.08.2021 01:23:29.310,1.355,1.35483,1,1
16.08.2021 01:23:29.727,1.35501,1.35484,1,1
16.08.2021 01:23:30.176,1.35503,1.3548600000000002,1,1
16.08.2021 01:23:31.525,1.35504,1.3548700000000002,1,1.5
16.08.2021 01:23:31.626,1.35505,1.3549,1,1
16.08.2021 01:23:31.752,1.3550600000000002,1.3549,1,1
16.08.2021 01:23:31.853,1.3550700000000002,1.3549,1,1
16.08.2021 01:23:34.086,1.3550900000000001,1.3549200000000001,1,1
16.08.2021 01:23:42.094,1.3550600000000002,1.35489,1,1.5
16.08.2021 01:23:42.145,1.35505,1.35488,1,1.87
16.08.2021 01:23:44.130,1.35503,1.3548600000000002,1,1.12
16.08.2021 01:23:44.486,1.3550200000000001,1.35488,1,1
16.08.2021 01:23:44.537,1.35505,1.35488,1,1
16.08.2021 01:23:44.834,1.3550600000000002,1.35488,1,1
16.08.2021 01:23:48.957,1.3550700000000002,1.35489,1,1
16.08.2021 01:23:50.129,1.3550700000000002,1.3549,1,1
16.08.2021 01:23:50.947,1.3550700000000002,1.3549200000000001,1,1
16.08.2021 01:23:55.436,1.3550600000000002,1.3549,1,3.37
16.08.2021 01:23:58.119,1.35508,1.3549,1,1
16.08.2021 01:24:00.149,1.3550600000000002,1.3549,1,2.25
16.08.2021 01:24:03.504,1.3550700000000002,1.3549,1,1.95
16.08.2021 01:24:03.554,1.35508,1.35491,1,1.87
16.08.2021 01:24:04.112,1.35508,1.35493,1,1
16.08.2021 01:24:04.300,1.3550900000000001,1.35491,1,2.7
16.08.2021 01:24:04.401,1.3550900000000001,1.35493,1,1
16.08.2021 01:24:07.513,1.3551,1.35494,1,1
16.08.2021 01:24:12.177,1.3550700000000002,1.35495,1,1
16.08.2021 01:24:12.278,1.35508,1.35491,1,4.32
16.08.2021 01:24:14.666,1.3551,1.3549200000000001,1,1.6
16.08.2021 01:25:02.474,1.3550700000000002,1.3549200000000001,1,1.6
16.08.2021 01:25:02.795,1.35508,1.3549,1,2.45
16.08.2021 01:25:03.096,1.3550900000000001,1.35491,1,1.87
16.08.2021 01:25:22.377,1.35508,1.35493,1,1.5
16.08.2021 01:25:22.478,1.3550900000000001,1.35493,1,1
16.08.2021 01:25:37.927,1.3550900000000001,1.35494,1,2.25
16.08.2021 01:26:24.142,1.35511,1.3549600000000002,1,1.12
16.08.2021 01:26:24.795,1.35513,1.3549700000000002,1,1
16.08.2021 01:26:49.241,1.35512,1.3549600000000002,1,1
16.08.2021 01:26:50.963,1.3551,1.35493,1,1.87
16.08.2021 01:27:10.231,1.3551,1.35493,1,1.75
16.08.2021 01:27:10.332,1.3551,1.35493,1,1.51
16.08.2021 01:27:10.383,1.35512,1.35495,1,1.12
16.08.2021 01:27:14.243,1.35512,1.35495,1,1.5
16.08.2021 01:27:14.554,1.35511,1.3549600000000002,1,2
16.08.2021 01:27:14.655,1.35513,1.3549600000000002,1,2
16.08.2021 01:27:16.031,1.35512,1.3549700000000002,1,2
16.08.2021 01:27:53.464,1.35512,1.35498,1,1
16.08.2021 01:28:13.811,1.35511,1.3549700000000002,1,1
16.08.2021 01:28:15.694,1.3551,1.35495,1,1.7
16.08.2021 01:28:51.845,1.3551,1.35495,1,1.72
16.08.2021 01:28:53.536,1.3550900000000001,1.35493,1,1.5
16.08.2021 01:28:53.637,1.35508,1.35494,1,1.12
16.08.2021 01:28:53.738,1.3550900000000001,1.35495,1,1
16.08.2021 01:28:54.326,1.35508,1.35493,1,1
16.08.2021 01:28:54.859,1.35508,1.3549600000000002,1,1
16.08.2021 01:29:00.245,1.35508,1.35495,1,1
16.08.2021 01:29:01.256,1.3551,1.35494,1,1.12
16.08.2021 01:29:01.730,1.35512,1.35495,1,1
16.08.2021 01:29:07.655,1.35511,1.35493,1,2.45
16.08.2021 01:29:11.380,1.35511,1.35493,1,2.32
16.08.2021 01:29:11.481,1.35508,1.35494,1,3
16.08.2021 01:29:23.045,1.3550900000000001,1.35494,1,1
16.08.2021 01:29:36.481,1.35508,1.35495,1,1.5
16.08.2021 01:29:36.532,1.3551,1.35495,1,2
16.08.2021 01:29:37.481,1.35511,1.35494,1,2
16.08.2021 01:29:39.151,1.3551,1.35495,1,2
16.08.2021 01:29:40.621,1.35511,1.35494,1,1.12
16.08.2021 01:29:40.978,1.3551,1.35494,1,1
16.08.2021 01:29:41.180,1.3551,1.35493,1,1.5
16.08.2021 01:29:52.795,1.35508,1.3549200000000001,1,1.6
16.08.2021 01:30:00.930,1.35508,1.3549700000000002,1,1
16.08.2021 01:30:00.981,1.35508,1.35495,1,1.12
16.08.2021 01:30:01.082,1.3550900000000001,1.35494,1,1.5
16.08.2021 01:30:01.233,1.3550900000000001,1.35494,1,1.12
16.08.2021 01:30:01.333,1.3551,1.35495,1,1.87
16.08.2021 01:30:01.667,1.3551,1.35494,1,1.12
16.08.2021 01:30:01.921,1.3550900000000001,1.35494,1,1.12
16.08.2021 01:30:10.344,1.3550900000000001,1.35495,1,1
16.08.2021 01:30:14.857,1.3550700000000002,1.35495,1,1
16.08.2021 01:30:14.958,1.3550700000000002,1.35494,1,1.12
16.08.2021 01:30:17.978,1.3550700000000002,1.35493,1,1.12
16.08.2021 01:30:52.844,1.3550700000000002,1.35491,1,1.6
16.08.2021 01:31:08.369,1.35505,1.35491,1,1
16.08.2021 01:31:08.470,1.3550600000000002,1.35491,1,1.31
16.08.2021 01:31:08.521,1.35508,1.3549200000000001,1,1
16.08.2021 01:31:08.623,1.3550600000000002,1.3549,1,2.62
16.08.2021 01:31:08.724,1.35505,1.35491,1,1.5
16.08.2021 01:31:09.662,1.3550600000000002,1.3549,1,1
16.08.2021 01:31:10.442,1.35504,1.3549,1,1
16.08.2021 01:32:01.706,1.3550600000000002,1.3549,1,1
16.08.2021 01:32:08.409,1.35508,1.35494,1,1
16.08.2021 01:32:08.510,1.3550900000000001,1.35495,1,1
16.08.2021 01:32:10.719,1.3550900000000001,1.35493,1,1
16.08.2021 01:32:10.970,1.35508,1.3549200000000001,1,1
16.08.2021 01:32:11.474,1.35508,1.35491,1,1.12
16.08.2021 01:32:11.575,1.3550700000000002,1.35491,1,1
16.08.2021 01:32:30.934,1.3550600000000002,1.3549200000000001,1.5,1
16.08.2021 01:32:30.985,1.35505,1.35489,1.12,1.12
16.08.2021 01:32:35.912,1.35504,1.3549,1.5,1.12
16.08.2021 01:32:41.024,1.35505,1.35489,1,1
16.08.2021 01:32:41.499,1.3550700000000002,1.35491,1,1
16.08.2021 01:32:53.076,1.35508,1.35494,1,1
16.08.2021 01:32:53.379,1.3551,1.35493,1.5,1
16.08.2021 01:32:57.205,1.3550900000000001,1.35493,1,1
16.08.2021 01:33:00.764,1.35505,1.35491,1,1.57
16.08.2021 01:33:22.066,1.35505,1.35489,1,4.32
16.08.2021 01:33:22.550,1.35504,1.35489,1,2.07
16.08.2021 01:33:22.651,1.35504,1.35489,1,1
16.08.2021 01:33:35.182,1.35508,1.35491,1,1
16.08.2021 01:33:35.284,1.35505,1.3549,1,1
16.08.2021 01:33:35.390,1.35505,1.35489,1,1.12
16.08.2021 01:33:37.597,1.35501,1.35488,1,1
16.08.2021 01:33:38.111,1.35501,1.3548700000000002,1,1.1
16.08.2021 01:33:41.384,1.355,1.3548600000000002,1,3.2
16.08.2021 01:33:41.535,1.35501,1.35485,1,1.1
16.08.2021 01:33:42.463,1.355,1.3548600000000002,1,1.57
16.08.2021 01:33:43.786,1.35501,1.35485,1,1.7
16.08.2021 01:33:45.960,1.35501,1.35485,1,1.57
16.08.2021 01:33:46.475,1.355,1.3548600000000002,1,1.7
16.08.2021 01:33:46.576,1.35503,1.3548600000000002,1,1.12
16.08.2021 01:33:46.627,1.35501,1.3548600000000002,1,1.12
16.08.2021 01:33:47.261,1.35501,1.35485,1,1.7
16.08.2021 01:33:47.362,1.3550200000000001,1.35488,1,1.2
16.08.2021 01:34:00.337,1.3550200000000001,1.3548600000000002,1,1.72
16.08.2021 01:34:00.882,1.3550200000000001,1.3548700000000002,1,1.72
16.08.2021 01:34:00.983,1.35504,1.3548700000000002,1,2.47
16.08.2021 01:34:01.084,1.35504,1.3548700000000002,1,2.47
16.08.2021 01:34:02.269,1.35505,1.35489,1,1.1
16.08.2021 01:34:02.470,1.35505,1.35489,1,1.72
16.08.2021 01:34:03.341,1.35505,1.35493,1,1
16.08.2021 01:34:03.392,1.35505,1.3549,1,1.22
16.08.2021 01:34:18.655,1.35504,1.3549,1,2.72
16.08.2021 01:34:18.954,1.3550200000000001,1.3549,1,2.72
16.08.2021 01:34:22.037,1.35505,1.35491,1,1.1
16.08.2021 01:34:27.845,1.35508,1.3549200000000001,1,1
16.08.2021 01:34:35.139,1.3550900000000001,1.35493,1,1
16.08.2021 01:34:57.253,1.3551,1.35494,1,1
16.08.2021 01:35:30.615,1.35512,1.3549600000000002,1.12,1
16.08.2021 01:35:52.713,1.3551,1.35494,1,1
16.08.2021 01:36:00.358,1.35508,1.35491,1,1.95
16.08.2021 01:36:00.459,1.35505,1.35491,1,1.5
16.08.2021 01:36:00.711,1.35503,1.3549,1,1
16.08.2021 01:36:01.099,1.35508,1.35491,1.62,1
16.08.2021 01:36:01.436,1.35508,1.35491,1.62,1
16.08.2021 01:36:03.146,1.35508,1.35491,1.62,1
16.08.2021 01:36:10.160,1.35508,1.35491,1.62,1
16.08.2021 01:36:12.163,1.3550700000000002,1.3549200000000001,1.62,1
16.08.2021 01:36:27.932,1.3550900000000001,1.35495,2.25,1
16.08.2021 01:36:28.285,1.35512,1.35495,1,1
16.08.2021 01:36:29.870,1.35508,1.3549600000000002,1,1
16.08.2021 01:36:29.921,1.3550900000000001,1.3549200000000001,1.5,1
16.08.2021 01:36:30.022,1.35508,1.35493,2,1
16.08.2021 01:36:31.202,1.3550700000000002,1.35493,1,1
16.08.2021 01:36:34.690,1.3550700000000002,1.35491,1.12,1
16.08.2021 01:36:36.929,1.3550600000000002,1.3549200000000001,1.5,1
16.08.2021 01:36:37.305,1.355,1.3549200000000001,1,1
16.08.2021 01:36:37.355,1.35501,1.3548700000000002,1,1.5
16.08.2021 01:36:37.406,1.35504,1.3548700000000002,1,1.12
16.08.2021 01:36:37.457,1.35503,1.3549,2.07,1
16.08.2021 01:36:37.507,1.3550200000000001,1.35485,1.12,1
16.08.2021 01:36:39.137,1.35503,1.35488,1.7,1
16.08.2021 01:36:39.390,1.35504,1.3548700000000002,1.5,1
16.08.2021 01:36:53.114,1.3550200000000001,1.3548700000000002,2.37,1
16.08.2021 01:36:53.215,1.3550200000000001,1.3548600000000002,2,1
16.08.2021 01:36:53.595,1.3550200000000001,1.3548600000000002,1,1
16.08.2021 01:36:55.117,1.35503,1.3548600000000002,1,1
16.08.2021 01:36:55.218,1.35504,1.35489,1,1
16.08.2021 01:36:56.199,1.35505,1.35489,1.87,1
16.08.2021 01:37:00.195,1.35504,1.3549,1.62,1
16.08.2021 01:37:02.203,1.35504,1.3549,1.12,1
16.08.2021 01:37:02.619,1.35504,1.3549,1.5,1
16.08.2021 01:37:03.614,1.35505,1.35489,1.12,1
16.08.2021 01:37:04.361,1.35505,1.35491,1.5,1
16.08.2021 01:37:08.632,1.35505,1.35491,1,1
16.08.2021 01:37:12.644,1.3550700000000002,1.3549,1.5,1
16.08.2021 01:37:12.764,1.3550700000000002,1.3549200000000001,2,1
16.08.2021 01:37:19.254,1.3550700000000002,1.3549,1.5,1
16.08.2021 01:37:41.585,1.3550700000000002,1.35491,1,1
16.08.2021 01:37:41.636,1.3550700000000002,1.35494,1,1
16.08.2021 01:37:41.737,1.35514,1.35498,2.37,1
16.08.2021 01:37:41.787,1.35513,1.3549900000000001,1.5,1
16.08.2021 01:37:42.055,1.3551600000000001,1.355,1.5,1
16.08.2021 01:37:42.710,1.3551600000000001,1.3550200000000001,1,1
16.08.2021 01:38:36.751,1.35515,1.35501,1,1
16.08.2021 01:39:01.462,1.35514,1.35498,1,1
16.08.2021 01:39:11.380,1.3551600000000001,1.3549900000000001,1,1
16.08.2021 01:39:26.791,1.35514,1.35498,1,1.5
16.08.2021 01:39:33.546,1.35511,1.3549700000000002,1,1.12
16.08.2021 01:40:00.815,1.3551,1.355,1,1
16.08.2021 01:40:01.930,1.3551,1.3549600000000002,1,1.12
16.08.2021 01:40:17.014,1.35512,1.35498,1,1
16.08.2021 01:40:21.395,1.35513,1.3549900000000001,1.12,1
16.08.2021 01:40:27.771,1.35512,1.35498,1,1
16.08.2021 01:40:49.324,1.35511,1.35495,1,1
16.08.2021 01:40:50.026,1.3551,1.35494,1,1.87
16.08.2021 01:41:02.837,1.35511,1.35495,1,1
16.08.2021 01:41:23.545,1.3551,1.35495,1,1
16.08.2021 01:42:00.470,1.3550900000000001,1.35493,1,1
16.08.2021 01:42:01.056,1.35508,1.3549200000000001,1,1
16.08.2021 01:42:03.516,1.3550600000000002,1.3549,1,1
16.08.2021 01:42:49.669,1.35503,1.35489,1,1
16.08.2021 01:42:49.770,1.3549900000000001,1.35485,1,1.5
16.08.2021 01:42:49.922,1.3549700000000002,1.35484,1,1.12
16.08.2021 01:42:50.023,1.3549700000000002,1.35483,1,1
16.08.2021 01:42:50.124,1.35494,1.3548,1,1.12
16.08.2021 01:42:50.226,1.3549200000000001,1.3547600000000002,1,1.5
16.08.2021 01:42:50.327,1.3549200000000001,1.3547600000000002,1,1
16.08.2021 01:43:14.183,1.3549,1.35474,1,1.5
16.08.2021 01:43:17.291,1.3549,1.35474,1,2
16.08.2021 01:43:17.535,1.35493,1.35477,1,1
16.08.2021 01:43:22.559,1.35494,1.35481,1,1.5
16.08.2021 01:43:22.661,1.355,1.3548700000000002,1,1
16.08.2021 01:43:22.967,1.35501,1.3548700000000002,1.12,1.5
16.08.2021 01:43:23.087,1.35501,1.3548700000000002,1,1
16.08.2021 01:43:23.379,1.35503,1.35489,1.87,1
16.08.2021 01:43:27.034,1.3550200000000001,1.3548600000000002,1,1
16.08.2021 01:43:32.021,1.35503,1.35489,2.25,1
16.08.2021 01:43:37.850,1.35505,1.3549,1,1
16.08.2021 01:43:41.716,1.3550700000000002,1.3549200000000001,2.25,1
16.08.2021 01:43:42.208,1.3550900000000001,1.3549200000000001,1,1
16.08.2021 01:43:42.721,1.3551,1.35494,1,1
16.08.2021 01:43:42.872,1.35512,1.3549700000000002,1.7,1
16.08.2021 01:43:43.161,1.35514,1.3549700000000002,2,1
16.08.2021 01:43:43.751,1.35514,1.3549700000000002,1.5,1
16.08.2021 01:43:45.809,1.35511,1.3549700000000002,1,1
16.08.2021 01:44:39.917,1.35513,1.3549900000000001,1,1
16.08.2021 01:44:40.018,1.35518,1.35503,1.62,1
16.08.2021 01:44:40.068,1.3551900000000001,1.35503,1.12,1.5
16.08.2021 01:45:01.062,1.3552,1.35504,1,1
16.08.2021 01:45:01.213,1.35523,1.3550700000000002,1.5,1
16.08.2021 01:45:01.264,1.35523,1.3550900000000001,1,1
16.08.2021 01:45:04.868,1.3552600000000001,1.35511,1,1
16.08.2021 01:45:04.919,1.35528,1.35511,1,1
16.08.2021 01:45:05.719,1.3552700000000002,1.35513,1,1
16.08.2021 01:45:05.820,1.35529,1.35512,1,1
16.08.2021 01:45:15.298,1.35528,1.35511,1,1
16.08.2021 01:45:21.321,1.3552700000000002,1.35511,1,1
16.08.2021 01:45:21.422,1.35525,1.3550900000000001,1,1
16.08.2021 01:45:21.768,1.35524,1.35508,1,1
16.08.2021 01:45:29.481,1.3552600000000001,1.3551,1,1
16.08.2021 01:45:48.340,1.3552700000000002,1.35511,1,1
16.08.2021 01:45:53.207,1.3552700000000002,1.35512,1,1
16.08.2021 01:45:55.182,1.35528,1.35512,1,1
16.08.2021 01:46:02.338,1.3552700000000002,1.35512,1,1
16.08.2021 01:46:30.703,1.35529,1.35512,1,1
16.08.2021 01:46:51.099,1.3552700000000002,1.35511,1,1
16.08.2021 01:46:51.930,1.3552600000000001,1.35511,1,1
16.08.2021 01:47:02.611,1.35524,1.3551,1,1
16.08.2021 01:47:30.155,1.35522,1.35508,1,1
16.08.2021 01:47:43.338,1.35523,1.3551,1,1
16.08.2021 01:47:43.580,1.35522,1.3550600000000002,1,1.5
16.08.2021 01:47:43.841,1.35521,1.3550700000000002,1,1
16.08.2021 01:48:21.030,1.35521,1.3551,1,1
16.08.2021 01:48:25.277,1.35522,1.3550600000000002,1,1
16.08.2021 01:48:28.171,1.3551900000000001,1.35505,1,1
16.08.2021 01:48:28.576,1.35518,1.35504,1,1.12
16.08.2021 01:48:28.677,1.3551600000000001,1.3550200000000001,1,2
16.08.2021 01:48:28.973,1.3551700000000002,1.35501,1,1.12
16.08.2021 01:48:29.111,1.35515,1.35501,1,1.62
16.08.2021 01:48:30.409,1.3551600000000001,1.355,1,1
16.08.2021 01:48:30.512,1.35513,1.355,1,1.5
16.08.2021 01:48:46.550,1.35514,1.3549900000000001,1,1.5
16.08.2021 01:48:46.746,1.3551600000000001,1.355,1,1.12
16.08.2021 01:48:51.037,1.3551600000000001,1.35501,1,1
16.08.2021 01:49:28.340,1.3551600000000001,1.35503,1,1
16.08.2021 01:49:32.367,1.35515,1.3550200000000001,1,1
16.08.2021 01:49:41.936,1.3551600000000001,1.355,1,1.5
16.08.2021 01:49:51.292,1.3551600000000001,1.35501,1,1
16.08.2021 01:50:06.702,1.35515,1.35501,1,1
16.08.2021 01:50:06.752,1.35513,1.355,1,1
16.08.2021 01:50:06.854,1.35514,1.35498,1,1
16.08.2021 01:50:11.368,1.35512,1.3549700000000002,1,2.25
16.08.2021 01:50:11.469,1.35513,1.3549700000000002,1,1.12
16.08.2021 01:50:19.709,1.35514,1.35498,1,1
16.08.2021 01:50:27.116,1.35511,1.3549900000000001,1,1
16.08.2021 01:50:29.405,1.35514,1.35498,1,1.5
16.08.2021 01:50:36.398,1.35513,1.3550200000000001,1,1
16.08.2021 01:50:39.674,1.35513,1.3549900000000001,1,1.5
16.08.2021 01:51:02.061,1.35515,1.3549900000000001,1,1
16.08.2021 01:51:19.218,1.3551600000000001,1.3550200000000001,1,1.5
16.08.2021 01:51:19.319,1.3551700000000002,1.35503,1,1
16.08.2021 01:51:31.229,1.35515,1.35503,1,1
16.08.2021 01:51:31.725,1.35518,1.3550200000000001,1,1
16.08.2021 01:51:45.005,1.3551700000000002,1.3550600000000002,1,1
16.08.2021 01:51:45.422,1.35514,1.35505,1,1
16.08.2021 01:51:45.760,1.35513,1.35505,1,1
16.08.2021 01:51:48.277,1.35513,1.35503,1,1
16.08.2021 01:51:48.378,1.3551600000000001,1.3550200000000001,1,1
16.08.2021 01:51:48.882,1.35518,1.3550200000000001,1,1.5
16.08.2021 01:51:49.083,1.35518,1.35503,1,2.37
16.08.2021 01:51:51.705,1.3551900000000001,1.35504,1,1
16.08.2021 01:51:51.756,1.35521,1.3550700000000002,1,1
16.08.2021 01:52:24.197,1.35523,1.3550900000000001,1.87,1
16.08.2021 01:52:53.612,1.35524,1.35511,1,1
16.08.2021 01:52:56.884,1.35523,1.3550900000000001,1,1
16.08.2021 01:52:56.935,1.3552700000000002,1.35512,1.5,1
16.08.2021 01:52:57.158,1.3552700000000002,1.35512,1.12,1
16.08.2021 01:52:58.160,1.3552700000000002,1.35512,1.5,1
16.08.2021 01:52:59.164,1.3552700000000002,1.35512,1.12,1
16.08.2021 01:53:00.164,1.35528,1.35511,1.5,1
16.08.2021 01:53:13.221,1.35528,1.35511,1.12,1
16.08.2021 01:53:25.355,1.3553000000000002,1.3551600000000001,1,1
16.08.2021 01:53:25.456,1.35534,1.3551900000000001,3.97,1
16.08.2021 01:53:25.557,1.35535,1.35518,3.85,1
16.08.2021 01:53:25.658,1.35534,1.3551900000000001,3,1
16.08.2021 01:53:25.759,1.35535,1.3552,1,1
16.08.2021 01:53:25.860,1.35538,1.35521,2.32,1
16.08.2021 01:53:26.011,1.35535,1.35521,1.12,1
16.08.2021 01:53:26.272,1.35535,1.35522,1.5,1
16.08.2021 01:53:27.023,1.35534,1.35522,1,1
16.08.2021 01:53:27.546,1.3553600000000001,1.35521,1.25,1
16.08.2021 01:53:27.915,1.35535,1.35522,1.6,1
16.08.2021 01:53:27.966,1.3553600000000001,1.3551900000000001,2.35,1
16.08.2021 01:53:33.720,1.35535,1.3552,1.57,1
16.08.2021 01:53:35.060,1.3553700000000002,1.35521,2.07,1
16.08.2021 01:53:35.161,1.35539,1.35525,1.62,1
16.08.2021 01:53:35.262,1.35543,1.3552700000000002,1.95,1
16.08.2021 01:53:36.276,1.35544,1.3552700000000002,1.95,1
16.08.2021 01:53:44.054,1.35544,1.35528,1.57,1
16.08.2021 01:53:44.207,1.35545,1.35529,2.07,1
16.08.2021 01:53:45.328,1.35546,1.35529,2.7,1
16.08.2021 01:53:57.244,1.35548,1.3553000000000002,2.45,1
16.08.2021 01:53:57.295,1.3554700000000002,1.35533,1.62,1
16.08.2021 01:53:57.345,1.35545,1.35531,1.12,1
16.08.2021 01:54:02.220,1.35545,1.35533,1,1
16.08.2021 01:54:02.270,1.35545,1.35531,1,1
16.08.2021 01:54:02.362,1.35543,1.35529,1,1
16.08.2021 01:54:04.416,1.35546,1.3553000000000002,1.12,1
16.08.2021 01:54:04.517,1.35549,1.35533,1,1
16.08.2021 01:54:04.618,1.3555000000000001,1.35534,1,1
16.08.2021 01:54:05.015,1.35548,1.35534,1,1
16.08.2021 01:54:11.136,1.35549,1.35535,1,1
16.08.2021 01:54:30.062,1.35549,1.35533,1,1
16.08.2021 01:54:35.647,1.35546,1.35532,1,1.5
16.08.2021 01:54:36.181,1.35545,1.35531,1,1
16.08.2021 01:54:36.309,1.35544,1.35528,1,1
16.08.2021 01:55:10.828,1.35544,1.35529,1,1
16.08.2021 01:55:14.106,1.35543,1.35529,1,1
16.08.2021 01:55:14.157,1.3554700000000002,1.3553000000000002,1.5,1
16.08.2021 01:55:14.308,1.3554700000000002,1.35531,1,1
16.08.2021 01:55:36.907,1.35548,1.3553000000000002,1,1
16.08.2021 01:55:49.216,1.35549,1.35532,1,1
16.08.2021 01:55:50.153,1.3555000000000001,1.35532,1,1
16.08.2021 01:55:50.655,1.3555000000000001,1.35534,1.12,1
16.08.2021 01:56:01.799,1.35552,1.35535,1,1
16.08.2021 01:56:09.114,1.35553,1.3553600000000001,1.1,1
16.08.2021 01:56:09.215,1.35552,1.3553600000000001,1,1
16.08.2021 01:56:09.614,1.35552,1.35535,1,1
16.08.2021 01:56:11.062,1.35552,1.3553700000000002,1,1
16.08.2021 01:56:12.197,1.35552,1.35534,1,1
16.08.2021 01:56:12.698,1.35552,1.3553700000000002,1,1
16.08.2021 01:56:22.176,1.35554,1.3553600000000001,1.57,1
16.08.2021 01:56:23.773,1.35554,1.3553600000000001,1.6,1
16.08.2021 01:56:23.974,1.35554,1.3553600000000001,1.1,1
16.08.2021 01:56:28.524,1.35549,1.35535,1,1
16.08.2021 01:56:31.091,1.3555000000000001,1.3553600000000001,1,1
16.08.2021 01:56:32.698,1.35549,1.35535,1,1
16.08.2021 01:56:32.799,1.35549,1.35533,1,1
16.08.2021 01:56:51.183,1.35546,1.35532,1,1.5
16.08.2021 01:56:55.282,1.3554700000000002,1.35531,1,1.12
16.08.2021 01:57:08.413,1.35546,1.35531,1,2.62
16.08.2021 01:57:08.514,1.35543,1.3553000000000002,1,1.5
16.08.2021 01:57:08.565,1.35542,1.3552700000000002,1,1.87
16.08.2021 01:57:08.673,1.35541,1.3552600000000001,1,1
16.08.2021 01:57:09.077,1.3554000000000002,1.35525,1,2.62
16.08.2021 01:57:09.366,1.3554000000000002,1.3552600000000001,1,1.5
16.08.2021 01:57:09.989,1.35541,1.35524,1,4.12
16.08.2021 01:57:11.480,1.3554700000000002,1.35531,2.07,1
16.08.2021 01:57:11.581,1.35548,1.3553000000000002,1.72,1
16.08.2021 01:57:12.324,1.35549,1.35531,2.1,1
16.08.2021 01:57:12.375,1.35549,1.35533,2,1
16.08.2021 01:57:12.499,1.3555000000000001,1.35533,1,1
16.08.2021 01:57:12.601,1.3555000000000001,1.35534,1,1
16.08.2021 01:57:12.753,1.35551,1.35534,2.37,1
16.08.2021 01:57:12.954,1.35552,1.35535,2.45,1
16.08.2021 01:57:13.005,1.35551,1.3553600000000001,1.95,1
16.08.2021 01:57:15.089,1.35551,1.35538,1.87,1
16.08.2021 01:57:17.465,1.35553,1.35538,1,1
16.08.2021 01:57:18.273,1.35553,1.35539,1,1
16.08.2021 01:57:18.762,1.35554,1.35539,1,1
16.08.2021 01:57:19.100,1.35556,1.35541,1,1
16.08.2021 01:57:19.253,1.35554,1.35541,1,1
16.08.2021 01:57:19.970,1.3555700000000002,1.35541,1,1
16.08.2021 01:57:20.165,1.3555700000000002,1.35541,1,1
16.08.2021 01:57:20.265,1.35558,1.35542,1,1
16.08.2021 01:57:20.567,1.35559,1.35542,1,1
16.08.2021 01:57:21.253,1.35562,1.35544,2.1,1
16.08.2021 01:57:21.381,1.35562,1.35546,1.6,1
16.08.2021 01:57:21.574,1.35562,1.3554700000000002,1.6,1
16.08.2021 01:57:21.726,1.3556100000000002,1.35548,1.87,1
16.08.2021 01:57:21.988,1.3556100000000002,1.35549,1.87,1
16.08.2021 01:57:22.268,1.35565,1.35548,1.72,1
16.08.2021 01:57:22.661,1.35565,1.35548,1.1,1
16.08.2021 01:57:26.864,1.35566,1.35548,2,1
16.08.2021 01:57:27.025,1.35566,1.35548,1.62,1
16.08.2021 01:57:27.330,1.35566,1.35549,1,1
16.08.2021 01:57:29.292,1.35566,1.35549,1,1
16.08.2021 01:57:38.453,1.35565,1.3555000000000001,1,1
16.08.2021 01:57:39.789,1.35568,1.3555000000000001,3.22,1
16.08.2021 01:57:40.350,1.3556700000000002,1.35552,3.22,1
16.08.2021 01:57:51.850,1.3556700000000002,1.3555000000000001,3.22,1
16.08.2021 01:57:56.093,1.3556700000000002,1.35552,3.22,1
16.08.2021 01:57:58.592,1.35568,1.35551,1.1,1
16.08.2021 01:57:58.743,1.3556700000000002,1.35552,1.1,1
16.08.2021 01:58:05.710,1.3557100000000002,1.35553,1.6,1
16.08.2021 01:58:05.811,1.3557100000000002,1.35554,1,1
16.08.2021 01:58:05.962,1.3557100000000002,1.35555,1.2,1
16.08.2021 01:58:07.258,1.3557100000000002,1.35556,1.1,1
16.08.2021 01:58:09.670,1.35572,1.35559,1.1,1
16.08.2021 01:58:11.504,1.35573,1.3555700000000002,1,1
16.08.2021 01:58:12.773,1.35573,1.3555700000000002,1,1
16.08.2021 01:58:16.078,1.35573,1.35559,1,1
16.08.2021 01:58:17.961,1.35573,1.3556100000000002,1,1
16.08.2021 01:58:18.378,1.35575,1.3556100000000002,1,1
16.08.2021 01:58:18.480,1.35576,1.3556000000000001,1,1
16.08.2021 01:58:18.631,1.3557700000000001,1.35563,1,1
16.08.2021 01:58:18.732,1.35579,1.35562,1,1
16.08.2021 01:58:18.833,1.35578,1.35562,2,1
16.08.2021 01:58:19.286,1.35579,1.35562,1.5,1
16.08.2021 01:58:20.773,1.3558000000000001,1.35562,1,1
16.08.2021 01:58:26.290,1.35579,1.35562,1,1
16.08.2021 01:58:30.120,1.35578,1.35563,1.5,1
16.08.2021 01:58:30.221,1.35578,1.35563,1.12,1
16.08.2021 01:58:30.322,1.35578,1.35563,1.5,1
16.08.2021 01:58:30.950,1.35578,1.35562,1.12,1
16.08.2021 01:58:31.846,1.35579,1.35562,1.12,1
16.08.2021 01:58:35.945,1.35579,1.35563,1.5,1
16.08.2021 01:58:39.256,1.3558000000000001,1.3556100000000002,1,1
16.08.2021 01:58:39.357,1.35579,1.35563,1,1
16.08.2021 01:58:50.202,1.3558000000000001,1.3556100000000002,1,1
16.08.2021 01:58:50.252,1.3558100000000002,1.35565,1.5,1
16.08.2021 01:58:54.758,1.3558200000000002,1.35565,1,1
16.08.2021 01:58:55.136,1.35583,1.35565,1,1
16.08.2021 01:58:55.326,1.35583,1.35566,1,1
16.08.2021 01:58:58.957,1.35583,1.3556700000000002,1,1
16.08.2021 01:58:59.058,1.35585,1.35568,1,1
16.08.2021 01:58:59.625,1.35585,1.35569,1.12,1
16.08.2021 01:59:01.565,1.3558700000000001,1.3557000000000001,1,1
16.08.2021 01:59:02.007,1.35585,1.35569,1,1
16.08.2021 01:59:07.227,1.35589,1.35569,1.5,1
16.08.2021 01:59:08.035,1.35588,1.3557000000000001,1.5,1
16.08.2021 01:59:08.707,1.3558700000000001,1.35569,1,1
16.08.2021 01:59:15.575,1.35586,1.3557000000000001,1.5,1
16.08.2021 01:59:20.121,1.3558200000000002,1.35568,1,1
16.08.2021 01:59:20.419,1.3558100000000002,1.35565,1,1
16.08.2021 01:59:20.521,1.35579,1.35563,1,1
16.08.2021 01:59:20.672,1.35578,1.35562,1,1.12
16.08.2021 01:59:35.780,1.35576,1.3556100000000002,1,1
16.08.2021 01:59:40.477,1.35576,1.35564,1,1
16.08.2021 01:59:43.750,1.3557700000000001,1.3556000000000001,1,1
16.08.2021 01:59:43.851,1.35578,1.3556100000000002,1,1
16.08.2021 01:59:45.710,1.3558000000000001,1.35559,1.5,1
16.08.2021 01:59:50.069,1.3558100000000002,1.35558,1,1
16.08.2021 01:59:54.974,1.3558200000000002,1.35558,1.5,1
16.08.2021 01:59:57.199,1.35583,1.35559,1,1
16.08.2021 01:59:57.450,1.35583,1.3556000000000001,1,1
16.08.2021 01:59:57.571,1.35584,1.35558,1,1.12
16.08.2021 01:59:57.672,1.3558200000000002,1.35559,1,1
16.08.2021 01:59:57.800,1.35583,1.3556100000000002,1,1
16.08.2021 02:00:00.288,1.35583,1.3556000000000001,1,1
16.08.2021 02:00:00.339,1.3558200000000002,1.35559,1,1
16.08.2021 02:00:00.389,1.3558200000000002,1.3556000000000001,1,1
16.08.2021 02:00:00.540,1.3558100000000002,1.35559,1,1
16.08.2021 02:00:01.116,1.3558100000000002,1.35559,1,1
16.08.2021 02:00:10.571,1.3558200000000002,1.3556000000000001,1,1
16.08.2021 02:00:15.396,1.3558200000000002,1.35566,1,1
16.08.2021 02:00:15.508,1.3558200000000002,1.35566,1,1
16.08.2021 02:00:17.773,1.35583,1.3556700000000002,1,1
16.08.2021 02:00:19.770,1.35584,1.3556700000000002,1,1
16.08.2021 02:00:20.551,1.35585,1.35565,1,1
16.08.2021 02:00:26.162,1.35584,1.35564,1.12,1
16.08.2021 02:00:36.091,1.35583,1.35566,1,1
16.08.2021 02:00:36.192,1.3558200000000002,1.35565,1,1
16.08.2021 02:00:36.243,1.35584,1.35566,1.1,1
16.08.2021 02:00:40.205,1.35584,1.3557100000000002,1.1,1
16.08.2021 02:00:44.232,1.35584,1.35566,1.1,1
16.08.2021 02:00:44.495,1.35586,1.3556700000000002,1.12,1
16.08.2021 02:00:44.816,1.35586,1.35568,1,1
16.08.2021 02:00:45.236,1.35589,1.35569,1,1
16.08.2021 02:00:45.337,1.35589,1.35568,1,1
16.08.2021 02:00:45.699,1.3558700000000001,1.35569,1,1
16.08.2021 02:00:48.341,1.3558700000000001,1.35568,1,1
16.08.2021 02:01:00.782,1.35586,1.3557100000000002,1,1
16.08.2021 02:01:00.933,1.35586,1.35572,1,1
16.08.2021 02:01:01.409,1.3558700000000001,1.35572,1,1
16.08.2021 02:01:02.189,1.3559100000000002,1.35575,1,1
16.08.2021 02:01:02.290,1.35594,1.3557700000000001,1.1,1
16.08.2021 02:01:02.391,1.35594,1.3557700000000001,1,1
16.08.2021 02:01:02.533,1.35594,1.3557700000000001,1,1
16.08.2021 02:01:08.488,1.35594,1.3557700000000001,1.62,1
16.08.2021 02:01:09.844,1.35595,1.35576,1.7,1
16.08.2021 02:01:10.674,1.35595,1.35576,1.7,1
16.08.2021 02:01:11.478,1.35594,1.3557700000000001,1.7,1
16.08.2021 02:01:11.579,1.35595,1.35575,1.2,1
16.08.2021 02:01:11.731,1.35594,1.3557700000000001,1.12,1
16.08.2021 02:01:14.716,1.35595,1.3557700000000001,1,1
16.08.2021 02:01:14.867,1.35586,1.3557100000000002,1,1
16.08.2021 02:01:14.968,1.35586,1.3557100000000002,1.5,1
16.08.2021 02:01:15.561,1.35585,1.35568,1,1
16.08.2021 02:01:16.536,1.35586,1.35569,1,1
16.08.2021 02:01:16.637,1.3558700000000001,1.35569,1,1
16.08.2021 02:01:16.738,1.35589,1.3557100000000002,1.12,1
16.08.2021 02:01:16.789,1.35589,1.35569,1.12,1
16.08.2021 02:01:18.367,1.35589,1.3557100000000002,1.12,1
16.08.2021 02:01:19.338,1.3559,1.3557000000000001,1.5,1
16.08.2021 02:01:24.182,1.3559,1.35572,1.5,1
16.08.2021 02:01:24.283,1.3559100000000002,1.3557100000000002,1,1
16.08.2021 02:01:26.238,1.3559200000000002,1.35573,1.12,1
16.08.2021 02:01:26.541,1.3559200000000002,1.35575,1.5,1
16.08.2021 02:01:27.122,1.35593,1.35574,1,1
16.08.2021 02:01:36.103,1.3559200000000002,1.35576,1,1
16.08.2021 02:01:36.504,1.3559,1.35575,1,1
16.08.2021 02:01:36.555,1.35593,1.35575,1.12,1
16.08.2021 02:01:41.723,1.35593,1.35575,1.62,1
16.08.2021 02:01:41.824,1.3559200000000002,1.35575,1,1
16.08.2021 02:01:41.975,1.3559200000000002,1.35573,1.12,1
16.08.2021 02:01:46.706,1.35589,1.35573,1,1
16.08.2021 02:01:48.853,1.35586,1.35572,1,1
16.08.2021 02:02:00.120,1.3558000000000001,1.3556700000000002,1,1
16.08.2021 02:02:00.170,1.3558000000000001,1.35564,1,1
16.08.2021 02:02:00.221,1.35578,1.35563,1,1
16.08.2021 02:02:00.322,1.35574,1.3556100000000002,1,1.5
16.08.2021 02:02:00.377,1.35574,1.35558,1,1
16.08.2021 02:02:00.478,1.35574,1.3556000000000001,1,1
16.08.2021 02:02:00.793,1.35573,1.35559,1,1
16.08.2021 02:02:06.946,1.35569,1.35555,1,1
16.08.2021 02:02:07.047,1.3556700000000002,1.35554,1,1
16.08.2021 02:02:07.148,1.3556700000000002,1.35551,1,1.5
16.08.2021 02:02:07.198,1.35566,1.35552,1,1
16.08.2021 02:02:07.300,1.35565,1.3555000000000001,1,1
16.08.2021 02:02:08.223,1.35566,1.35551,1,1.12
16.08.2021 02:02:08.772,1.35566,1.35552,1,1
16.08.2021 02:02:08.873,1.3556700000000002,1.3555000000000001,1,2
16.08.2021 02:02:09.226,1.35565,1.35551,1,1.5
16.08.2021 02:02:09.377,1.35565,1.35552,1,1
16.08.2021 02:02:09.529,1.35565,1.35551,1,1.12
16.08.2021 02:02:09.807,1.35566,1.35553,1,1
16.08.2021 02:02:10.176,1.35566,1.35551,1,1.5
16.08.2021 02:02:10.659,1.35565,1.35551,1,1.87
16.08.2021 02:02:10.941,1.35568,1.3555000000000001,1,2.7
16.08.2021 02:02:11.092,1.35568,1.35551,1,2.32
16.08.2021 02:02:11.317,1.35568,1.35552,1,1
16.08.2021 02:02:12.127,1.35568,1.3555000000000001,1,1.22
16.08.2021 02:02:13.346,1.3556700000000002,1.35553,1,1.5
16.08.2021 02:02:13.497,1.35568,1.35553,1,1
16.08.2021 02:02:14.270,1.35568,1.35552,1,1.5
16.08.2021 02:02:14.371,1.35568,1.35553,1,1
16.08.2021 02:02:15.124,1.35568,1.35552,1,1.87
16.08.2021 02:02:15.773,1.35568,1.35553,1,1
16.08.2021 02:02:16.125,1.3556700000000002,1.35553,1,2.62
16.08.2021 02:02:20.143,1.3556700000000002,1.35554,1,1
16.08.2021 02:02:22.883,1.35568,1.35554,1,1
16.08.2021 02:02:22.934,1.35568,1.35558,1,1
16.08.2021 02:02:23.173,1.35569,1.35553,1,2.25
16.08.2021 02:02:26.324,1.3557000000000001,1.35554,1,3
16.08.2021 02:02:26.374,1.3557000000000001,1.35556,1,1
16.08.2021 02:02:26.475,1.3557000000000001,1.3555700000000002,1,1
16.08.2021 02:02:26.576,1.3557000000000001,1.35556,1,1
16.08.2021 02:02:26.677,1.3557100000000002,1.35556,1,1
16.08.2021 02:02:27.125,1.3557100000000002,1.35555,1,1
16.08.2021 02:02:27.228,1.3557100000000002,1.35556,1,1
16.08.2021 02:02:27.380,1.3557000000000001,1.35556,1,2.25
16.08.2021 02:02:27.525,1.3557000000000001,1.3555700000000002,1,2.25
16.08.2021 02:02:27.679,1.3557100000000002,1.3555700000000002,1,1
16.08.2021 02:02:27.876,1.35572,1.3556100000000002,1,1
16.08.2021 02:02:27.977,1.35573,1.3556100000000002,1,1
16.08.2021 02:02:28.078,1.35575,1.35562,1,1
16.08.2021 02:02:28.128,1.35575,1.35559,1,1
16.08.2021 02:02:28.179,1.35575,1.35562,1,1
16.08.2021 02:02:28.393,1.35574,1.35564,1,1
16.08.2021 02:02:28.534,1.35576,1.35563,1,1
16.08.2021 02:02:34.964,1.35576,1.35564,1,1
16.08.2021 02:02:37.113,1.35576,1.35565,1,1
16.08.2021 02:02:37.692,1.3557700000000001,1.35565,1,1
16.08.2021 02:02:39.058,1.35578,1.35565,1,1
16.08.2021 02:02:39.359,1.3557700000000001,1.35564,1,1.5
16.08.2021 02:02:39.410,1.35579,1.35565,1,1
16.08.2021 02:02:39.561,1.3558100000000002,1.35565,1.12,1
16.08.2021 02:03:29.512,1.35579,1.35565,1,1
16.08.2021 02:03:42.627,1.3558000000000001,1.35566,1.12,1
16.08.2021 02:03:55.623,1.35579,1.35563,1,1
16.08.2021 02:03:55.724,1.35573,1.35559,1,1
16.08.2021 02:03:55.926,1.35572,1.3555700000000002,1,1
16.08.2021 02:03:56.553,1.35572,1.35556,1,1
16.08.2021 02:03:59.121,1.35573,1.3555700000000002,1,1
16.08.2021 02:03:59.431,1.35573,1.35559,1,1
16.08.2021 02:04:05.476,1.3557700000000001,1.3556100000000002,1,1
16.08.2021 02:04:05.577,1.35579,1.35563,1.12,1
16.08.2021 02:04:13.982,1.3557700000000001,1.3556000000000001,1,1
16.08.2021 02:04:21.848,1.3557700000000001,1.35564,1,1
16.08.2021 02:04:21.898,1.35579,1.35564,1,1
16.08.2021 02:04:21.999,1.3558000000000001,1.35563,1.62,1
16.08.2021 02:04:25.863,1.35579,1.35564,1.12,1
16.08.2021 02:04:25.964,1.3558000000000001,1.35566,1,1
16.08.2021 02:04:26.170,1.3558100000000002,1.35565,1,1
16.08.2021 02:04:26.273,1.3558000000000001,1.35566,1,1
16.08.2021 02:04:27.979,1.3558100000000002,1.35568,1,1
16.08.2021 02:04:28.165,1.3558200000000002,1.3556700000000002,1,1
16.08.2021 02:04:28.415,1.35583,1.35566,1,1
16.08.2021 02:04:48.539,1.35583,1.35566,1.62,1
16.08.2021 02:04:50.824,1.3558200000000002,1.35566,1,1
16.08.2021 02:04:52.691,1.3558200000000002,1.35568,1.5,1
16.08.2021 02:04:55.657,1.3558200000000002,1.35568,1.5,1
16.08.2021 02:04:55.761,1.3558200000000002,1.35568,1.5,1
16.08.2021 02:04:58.835,1.35583,1.35566,1.62,1
16.08.2021 02:04:59.695,1.3558200000000002,1.3556700000000002,1.7,1
16.08.2021 02:05:00.538,1.3558000000000001,1.35564,1.12,1
16.08.2021 02:05:08.565,1.35576,1.35562,1,1
16.08.2021 02:05:08.666,1.35576,1.3556000000000001,1,1
16.08.2021 02:05:27.231,1.3557700000000001,1.3556100000000002,1,1
16.08.2021 02:05:32.242,1.3557700000000001,1.35563,1,1
16.08.2021 02:05:48.302,1.35576,1.35562,1,1
16.08.2021 02:05:51.484,1.3557700000000001,1.35562,1,1
16.08.2021 02:06:00.354,1.3558000000000001,1.35562,1.12,1
16.08.2021 02:06:00.941,1.3557700000000001,1.35563,1,1
16.08.2021 02:06:04.733,1.35578,1.35564,1,1
16.08.2021 02:06:06.434,1.3558000000000001,1.35564,1,1
16.08.2021 02:06:06.744,1.3558000000000001,1.35566,1,1
16.08.2021 02:06:08.001,1.35579,1.35564,1,1
16.08.2021 02:06:08.052,1.3558100000000002,1.35566,1,1
16.08.2021 02:06:10.145,1.3558000000000001,1.35565,1.5,1
16.08.2021 02:06:15.761,1.3558000000000001,1.35566,1,1
16.08.2021 02:06:15.912,1.35583,1.3556700000000002,1,1
16.08.2021 02:06:20.263,1.35584,1.3557000000000001,1.12,1
16.08.2021 02:06:21.164,1.35586,1.3557000000000001,1,1
16.08.2021 02:06:27.543,1.35584,1.35569,1,1
16.08.2021 02:06:28.121,1.35583,1.35568,1,1
16.08.2021 02:06:35.710,1.35584,1.35568,1,1
16.08.2021 02:06:35.987,1.35586,1.3557000000000001,1,1
16.08.2021 02:06:40.605,1.35588,1.3557100000000002,1,1
16.08.2021 02:06:40.706,1.3559,1.35574,1.62,1
16.08.2021 02:06:41.685,1.3559100000000002,1.35573,1,1
16.08.2021 02:06:54.246,1.3559,1.35573,1,1
16.08.2021 02:07:12.783,1.3559,1.35575,1,1
16.08.2021 02:07:14.660,1.3559100000000002,1.35576,1,1
16.08.2021 02:07:15.365,1.3559,1.35576,1,1
16.08.2021 02:07:16.411,1.35589,1.35576,1,1
16.08.2021 02:07:16.612,1.35589,1.35575,1,1
16.08.2021 02:07:17.321,1.35589,1.35574,1,1
16.08.2021 02:07:17.572,1.35588,1.35574,1,1
16.08.2021 02:07:19.558,1.35588,1.3557100000000002,1,1
16.08.2021 02:07:26.210,1.35588,1.35572,1,1
16.08.2021 02:07:30.205,1.3558700000000001,1.35572,1,1
16.08.2021 02:07:33.509,1.35588,1.35572,1,1
16.08.2021 02:07:34.148,1.35588,1.3557100000000002,1,1
16.08.2021 02:07:36.104,1.35588,1.35572,1,1
16.08.2021 02:07:39.711,1.35588,1.35573,1,1
16.08.2021 02:07:46.359,1.35589,1.35573,1,1
16.08.2021 02:07:48.372,1.35589,1.35574,1,1
16.08.2021 02:08:01.710,1.3559,1.35575,1,1
16.08.2021 02:08:03.476,1.35589,1.35575,1,1
16.08.2021 02:08:04.161,1.3559100000000002,1.35574,1.5,1
16.08.2021 02:08:04.317,1.3559100000000002,1.3557700000000001,1.5,1
16.08.2021 02:08:04.418,1.3559200000000002,1.35578,1.62,1
16.08.2021 02:08:04.648,1.35594,1.3557700000000001,2.37,1
16.08.2021 02:08:05.959,1.35593,1.35578,1.5,1
16.08.2021 02:08:08.169,1.35593,1.35576,1,1
16.08.2021 02:08:24.593,1.3559200000000002,1.35579,1,1
16.08.2021 02:08:27.876,1.35593,1.35576,1,1
16.08.2021 02:08:38.444,1.3559,1.35575,1,1
16.08.2021 02:08:38.965,1.35589,1.35574,1,1
16.08.2021 02:09:07.149,1.3559100000000002,1.35574,1,1
16.08.2021 02:09:07.493,1.3559200000000002,1.35574,1.5,1
16.08.2021 02:09:10.173,1.35589,1.35574,1,1
16.08.2021 02:09:19.161,1.35593,1.35576,1.5,1
16.08.2021 02:09:19.262,1.35593,1.35576,1.12,1
16.08.2021 02:09:20.289,1.35593,1.35578,1.5,1
16.08.2021 02:09:34.540,1.35594,1.3558100000000002,1,1
16.08.2021 02:09:34.651,1.35593,1.35578,1,1
16.08.2021 02:09:51.409,1.3559700000000001,1.3558000000000001,1.62,1
16.08.2021 02:09:51.511,1.35596,1.3558100000000002,1.62,1
16.08.2021 02:09:52.266,1.3559700000000001,1.3558100000000002,1,1
16.08.2021 02:09:52.417,1.35598,1.35584,2,1
16.08.2021 02:09:53.258,1.35598,1.35584,2,1
16.08.2021 02:09:54.351,1.35599,1.35583,2,1
16.08.2021 02:09:54.879,1.35599,1.35588,1.5,1
16.08.2021 02:09:54.930,1.3560100000000002,1.3558700000000001,1.5,1
16.08.2021 02:09:54.981,1.356,1.3559,1,1
16.08.2021 02:09:55.031,1.35605,1.35589,1,1
16.08.2021 02:10:11.511,1.35605,1.3559100000000002,1,1
16.08.2021 02:10:11.562,1.35609,1.35594,1.5,1
16.08.2021 02:10:11.663,1.3561100000000001,1.35596,1,1
16.08.2021 02:10:11.965,1.3561,1.35595,1,1
16.08.2021 02:10:12.567,1.3561,1.35594,1,1
16.08.2021 02:10:14.365,1.3561200000000002,1.35595,2,1
16.08.2021 02:10:14.652,1.3561100000000001,1.35596,1.12,1
16.08.2021 02:10:25.196,1.3561100000000001,1.35595,1,1
16.08.2021 02:10:25.297,1.3561,1.35595,1,1
16.08.2021 02:10:39.395,1.35609,1.35594,1,1
16.08.2021 02:10:39.693,1.35609,1.35593,1,1
16.08.2021 02:10:40.016,1.35607,1.3559200000000002,1,1
16.08.2021 02:10:47.685,1.3561,1.35593,1,1
16.08.2021 02:10:53.191,1.35608,1.35593,1,1
16.08.2021 02:11:01.893,1.3561,1.3559200000000002,1,1
16.08.2021 02:11:02.334,1.3561100000000001,1.35594,1,1
16.08.2021 02:11:04.814,1.35609,1.35594,1,1
16.08.2021 02:11:14.892,1.3561100000000001,1.35594,1,1
16.08.2021 02:11:14.993,1.3561200000000002,1.35594,1.12,1
16.08.2021 02:11:20.774,1.3561200000000002,1.35594,2,1
16.08.2021 02:11:24.265,1.3561,1.35593,1,1
16.08.2021 02:11:36.472,1.35608,1.35594,1,1
16.08.2021 02:11:36.607,1.35606,1.3559200000000002,1,1
16.08.2021 02:11:56.455,1.35607,1.35594,1,1
16.08.2021 02:11:59.743,1.35607,1.3559100000000002,1,1
16.08.2021 02:11:59.794,1.35609,1.35594,1.12,1
16.08.2021 02:12:12.215,1.3561100000000001,1.3559200000000002,1.12,1
16.08.2021 02:12:12.265,1.3561100000000001,1.35594,1.12,1
16.08.2021 02:12:25.352,1.35609,1.35594,1,1
16.08.2021 02:12:29.046,1.3561,1.35595,1,1
16.08.2021 02:12:42.128,1.35609,1.35594,1,1
16.08.2021 02:12:42.724,1.35607,1.3559100000000002,1,1
16.08.2021 02:12:55.796,1.35609,1.3559200000000002,1,1
16.08.2021 02:12:55.897,1.3561100000000001,1.3559200000000002,1.5,1
16.08.2021 02:12:55.998,1.3561,1.35594,1.12,1
16.08.2021 02:12:56.406,1.3561200000000002,1.35595,1.5,1
16.08.2021 02:12:56.700,1.35609,1.35594,1,1
16.08.2021 02:13:23.222,1.35608,1.3559200000000002,1,1
16.08.2021 02:13:38.430,1.35603,1.35588,1,1.5
16.08.2021 02:13:45.469,1.35603,1.35586,1,1
16.08.2021 02:13:59.648,1.3560400000000001,1.35588,1,1
16.08.2021 02:14:00.148,1.35605,1.35588,1,1
16.08.2021 02:14:00.693,1.35606,1.35589,1,1
16.08.2021 02:14:02.037,1.35607,1.35589,1,1
16.08.2021 02:14:02.540,1.35606,1.35589,1,2.25
16.08.2021 02:14:03.111,1.35606,1.3559,1,1
16.08.2021 02:14:03.541,1.35607,1.3559200000000002,1,1
16.08.2021 02:14:04.585,1.35607,1.3559100000000002,1,1
16.08.2021 02:14:07.174,1.3560200000000002,1.3559,1,1
16.08.2021 02:14:07.225,1.3560200000000002,1.3558700000000001,1,1.2
16.08.2021 02:14:07.856,1.3560200000000002,1.35584,1,1
16.08.2021 02:14:08.283,1.356,1.35584,1,3.82
16.08.2021 02:14:11.445,1.35599,1.35588,1,1
16.08.2021 02:14:11.496,1.3559700000000001,1.3558200000000002,1,1.62
16.08.2021 02:14:11.597,1.3559700000000001,1.3558100000000002,1,1
16.08.2021 02:14:12.578,1.3559700000000001,1.3558000000000001,1,1
16.08.2021 02:14:14.261,1.3559700000000001,1.3558200000000002,1,1
16.08.2021 02:14:28.848,1.35596,1.3558100000000002,1,1.12
16.08.2021 02:14:29.652,1.3559700000000001,1.35578,1,1.72
16.08.2021 02:14:40.021,1.35594,1.3558000000000001,1,1.12
16.08.2021 02:14:40.253,1.35593,1.35579,1,1.12
16.08.2021 02:14:41.114,1.35593,1.3558200000000002,1,1
16.08.2021 02:15:11.127,1.3559,1.35583,1,1
16.08.2021 02:15:11.178,1.3559200000000002,1.35578,1,1
16.08.2021 02:15:11.229,1.3559,1.3557700000000001,1,3.12
16.08.2021 02:15:11.380,1.3559200000000002,1.3558200000000002,1,1
16.08.2021 02:15:11.823,1.35593,1.35583,1,1
16.08.2021 02:15:11.874,1.35593,1.3558100000000002,1,1
16.08.2021 02:15:16.127,1.35593,1.3558000000000001,1,1
16.08.2021 02:15:16.287,1.35593,1.3558100000000002,1,1
16.08.2021 02:15:17.149,1.35594,1.35579,1,1
16.08.2021 02:15:17.676,1.35593,1.3558100000000002,1,1
16.08.2021 02:15:18.122,1.35594,1.35579,1,1
16.08.2021 02:15:18.559,1.3559200000000002,1.3558100000000002,1,1
16.08.2021 02:15:18.609,1.3559100000000002,1.3557700000000001,1,1.5
16.08.2021 02:15:18.862,1.3559,1.35576,1,1
16.08.2021 02:15:19.013,1.3559,1.35573,1,1.62
16.08.2021 02:15:19.574,1.3559,1.35573,1,1
16.08.2021 02:15:22.572,1.3559,1.35572,1,2.62
16.08.2021 02:15:23.576,1.3559,1.35572,1,2.75
16.08.2021 02:15:24.585,1.3559,1.35572,1,2.62
16.08.2021 02:15:25.586,1.3559,1.35572,1,3.57
16.08.2021 02:15:27.595,1.3559200000000002,1.35575,1,1
16.08.2021 02:15:39.203,1.3559,1.35574,1,1
16.08.2021 02:15:39.253,1.3559,1.3557100000000002,1,3.6
16.08.2021 02:15:41.708,1.35589,1.3557100000000002,1,2.47
16.08.2021 02:15:47.931,1.35589,1.3557000000000001,1,3.22
16.08.2021 02:15:51.636,1.35588,1.35574,1,1
16.08.2021 02:16:03.707,1.3558700000000001,1.35574,1,1
16.08.2021 02:16:04.707,1.35586,1.35573,1,1
16.08.2021 02:16:06.326,1.35584,1.35573,1,1
16.08.2021 02:16:06.432,1.35583,1.35573,1,1
16.08.2021 02:16:06.483,1.35583,1.3556700000000002,1,3.12
16.08.2021 02:16:06.835,1.3558100000000002,1.35568,1,1.87
16.08.2021 02:16:20.949,1.3558200000000002,1.35568,1,1.5
16.08.2021 02:16:26.605,1.3558200000000002,1.3556700000000002,1,2.25
16.08.2021 02:16:36.417,1.3558200000000002,1.35566,1,2.25
16.08.2021 02:16:41.822,1.3558700000000001,1.3557000000000001,1,1
16.08.2021 02:16:41.872,1.35583,1.35566,1,2.25
16.08.2021 02:16:42.441,1.3558200000000002,1.3556700000000002,1,2.37
16.08.2021 02:16:43.443,1.35583,1.35566,1,2.25
16.08.2021 02:16:44.449,1.3558200000000002,1.3556700000000002,1,2.37
16.08.2021 02:16:45.456,1.35583,1.35566,1,3
16.08.2021 02:16:46.458,1.3558200000000002,1.3556700000000002,1,3.12
16.08.2021 02:16:47.460,1.35583,1.35566,1,3
16.08.2021 02:16:53.429,1.3558100000000002,1.35565,1,1.5
16.08.2021 02:16:53.480,1.35578,1.35562,1,1.62
16.08.2021 02:16:53.581,1.3557700000000001,1.35559,1,1.5
16.08.2021 02:16:53.631,1.35576,1.3556000000000001,1,1.5
16.08.2021 02:16:55.754,1.35578,1.3556000000000001,1,1.12
16.08.2021 02:16:56.849,1.3558000000000001,1.35562,1,1.5
16.08.2021 02:16:56.979,1.3558000000000001,1.35562,1,1
16.08.2021 02:16:58.754,1.3558000000000001,1.35563,1,1
16.08.2021 02:16:58.855,1.35579,1.35563,1,2.07
16.08.2021 02:17:01.063,1.3558100000000002,1.35564,1,1.5
16.08.2021 02:17:01.383,1.35583,1.35566,1,1
16.08.2021 02:17:06.962,1.3558200000000002,1.35564,1,1
16.08.2021 02:17:07.063,1.3558200000000002,1.35562,1,2.37
16.08.2021 02:17:08.685,1.3558000000000001,1.35562,1,2.1
16.08.2021 02:17:08.807,1.3558000000000001,1.35564,1,1.95
16.08.2021 02:17:08.908,1.3558000000000001,1.35566,1,1
16.08.2021 02:17:09.283,1.3558200000000002,1.35565,1,1.57
16.08.2021 02:17:09.516,1.3558100000000002,1.35566,1,1.6
16.08.2021 02:17:09.617,1.3558200000000002,1.35566,1,2.1
16.08.2021 02:17:09.725,1.3558200000000002,1.35566,1,2.85
16.08.2021 02:17:10.103,1.35586,1.3556700000000002,1,1.7
16.08.2021 02:17:10.254,1.35585,1.35569,1,1.7
16.08.2021 02:17:10.435,1.35588,1.35569,1,1.6
16.08.2021 02:17:11.040,1.3558700000000001,1.3557100000000002,1,1.7
16.08.2021 02:17:11.141,1.35589,1.3557000000000001,1,1.5
16.08.2021 02:17:11.293,1.35589,1.3557000000000001,1,1
16.08.2021 02:17:11.446,1.35586,1.3557100000000002,1,1
16.08.2021 02:17:15.176,1.35586,1.3557000000000001,1,1.5
16.08.2021 02:17:21.312,1.35585,1.3557000000000001,1,1.5
16.08.2021 02:17:25.710,1.35583,1.3557000000000001,1,1
16.08.2021 02:17:31.912,1.35584,1.35572,1,1
16.08.2021 02:17:54.252,1.35584,1.35568,1,1.12
16.08.2021 02:18:02.022,1.3558100000000002,1.35569,1,2.62
16.08.2021 02:18:24.721,1.3558100000000002,1.35569,1,2.75
16.08.2021 02:18:29.765,1.3558200000000002,1.3556700000000002,1,1.5
16.08.2021 02:18:39.801,1.3558200000000002,1.3556700000000002,1,1.12
16.08.2021 02:18:55.352,1.3558200000000002,1.3556700000000002,1,1.5
16.08.2021 02:18:55.656,1.35583,1.35568,1,1.87
16.08.2021 02:18:55.707,1.35584,1.35569,1,1.87
16.08.2021 02:18:56.351,1.35585,1.35568,1,2.07
16.08.2021 02:18:58.355,1.35585,1.35568,1,2.07
16.08.2021 02:19:00.062,1.35585,1.35569,1,2.82
16.08.2021 02:19:09.557,1.35588,1.3557100000000002,1,1
16.08.2021 02:19:19.559,1.35588,1.35573,1,1
16.08.2021 02:19:29.822,1.35588,1.35573,1,1.62
16.08.2021 02:19:31.009,1.35588,1.35573,1,1.5
16.08.2021 02:19:32.863,1.35588,1.3557100000000002,1,1
16.08.2021 02:19:32.964,1.35586,1.3557000000000001,1,1.5
16.08.2021 02:19:33.065,1.3558700000000001,1.3557000000000001,1,2
16.08.2021 02:19:33.536,1.35586,1.35572,1,1
16.08.2021 02:19:33.856,1.35586,1.3557100000000002,1,2
16.08.2021 02:19:33.957,1.35588,1.35574,1,1
16.08.2021 02:20:32.060,1.35589,1.35575,1,1
16.08.2021 02:20:45.014,1.3559100000000002,1.35576,1.12,1
16.08.2021 02:20:48.458,1.35593,1.35575,1.87,1
16.08.2021 02:20:55.567,1.3559200000000002,1.35576,2,1
16.08.2021 02:20:56.567,1.35593,1.35575,1.87,1
16.08.2021 02:21:00.933,1.3559200000000002,1.35575,1,1
16.08.2021 02:21:16.538,1.3559100000000002,1.35576,1.62,1
16.08.2021 02:21:17.538,1.3559,1.35576,1,1
16.08.2021 02:21:17.639,1.3559100000000002,1.35574,1.62,1
16.08.2021 02:21:18.579,1.3559,1.35575,1.12,1
16.08.2021 02:21:19.540,1.3559100000000002,1.35574,2,1
16.08.2021 02:21:31.135,1.3559100000000002,1.35574,1.5,1
16.08.2021 02:21:46.360,1.35588,1.35572,1,1
16.08.2021 02:21:46.729,1.35585,1.3557000000000001,1,1
16.08.2021 02:21:46.830,1.35584,1.3557000000000001,1,1
16.08.2021 02:21:46.964,1.35584,1.3557000000000001,1.5,1
16.08.2021 02:21:47.679,1.3558200000000002,1.35568,1,1.5
16.08.2021 02:21:47.830,1.3558200000000002,1.35568,1,1
16.08.2021 02:21:54.719,1.3558200000000002,1.35566,1,1.12
16.08.2021 02:21:58.069,1.35584,1.3556700000000002,1.12,1
16.08.2021 02:22:02.731,1.35584,1.3556700000000002,1.5,1
16.08.2021 02:22:05.646,1.35585,1.35569,1.5,1
16.08.2021 02:22:05.868,1.35585,1.35569,1.5,1
16.08.2021 02:22:06.195,1.35584,1.3557000000000001,1,1
16.08.2021 02:22:06.648,1.35585,1.3557000000000001,1.87,1
16.08.2021 02:22:07.267,1.35585,1.3557000000000001,2,1
16.08.2021 02:22:09.745,1.35586,1.35569,2,1
16.08.2021 02:22:14.098,1.35585,1.35568,2.37,1
16.08.2021 02:22:14.754,1.35584,1.35569,2.37,1
16.08.2021 02:22:15.761,1.35585,1.35568,2.37,1
16.08.2021 02:22:17.227,1.35586,1.35569,1.5,1
16.08.2021 02:22:20.767,1.35585,1.3557000000000001,1.62,1
16.08.2021 02:22:41.003,1.35586,1.3557100000000002,1,1
16.08.2021 02:22:41.054,1.3558700000000001,1.3557100000000002,1.62,1
16.08.2021 02:22:41.104,1.35586,1.35572,2,1
16.08.2021 02:22:52.834,1.3558700000000001,1.3557100000000002,1,1
16.08.2021 02:22:53.269,1.35586,1.3557100000000002,1,1
16.08.2021 02:22:53.319,1.35586,1.35569,2.32,1
16.08.2021 02:22:53.420,1.35585,1.35569,1,1
16.08.2021 02:22:54.021,1.35584,1.3557000000000001,1.5,1
16.08.2021 02:22:54.071,1.35585,1.35572,1,1
