Gmt time,Ask,Bid,AskVolume,BidVolume
02.08.2021 00:00:00.073,1.3548,1.3546500000000001,1.5,1
02.08.2021 00:00:01.246,1.35481,1.35464,1.5,1
02.08.2021 00:00:01.408,1.3548200000000001,1.35463,1.12,1
02.08.2021 00:00:03.408,1.3548,1.35463,1,1
02.08.2021 00:00:03.535,1.35479,1.35464,1.5,1
02.08.2021 00:00:11.550,1.35481,1.3546500000000001,2.07,1
02.08.2021 00:00:14.887,1.3548,1.3546200000000002,2,1
02.08.2021 00:00:15.376,1.35479,1.35461,1.6,1
02.08.2021 00:00:15.477,1.35478,1.35464,1.5,1
02.08.2021 00:00:15.578,1.35478,1.35464,1.12,1
02.08.2021 00:00:16.020,1.3548200000000001,1.3546500000000001,1.5,1
02.08.2021 00:00:16.172,1.35484,1.35467,1.7,1
02.08.2021 00:00:16.553,1.35484,1.3546500000000001,1.1,1
02.08.2021 00:00:24.004,1.35485,1.3546500000000001,1.6,1
02.08.2021 00:00:25.778,1.35485,1.35469,1,1
02.08.2021 00:00:25.879,1.35491,1.35469,3.6,1
02.08.2021 00:00:26.130,1.35491,1.35471,2.85,1
02.08.2021 00:00:27.129,1.35491,1.35471,2.85,1
02.08.2021 00:00:27.504,1.3549200000000001,1.3547200000000001,2.82,1
02.08.2021 00:00:27.605,1.35491,1.35474,3.5,1
02.08.2021 00:00:27.994,1.35491,1.3547200000000001,2.75,1
02.08.2021 00:00:28.903,1.35491,1.35477,2.25,1
02.08.2021 00:00:29.004,1.35494,1.3547600000000002,1,1
02.08.2021 00:00:29.105,1.3549700000000002,1.3547500000000001,1.65,1
02.08.2021 00:00:29.156,1.3549700000000002,1.35477,2.11,1
02.08.2021 00:00:29.257,1.3549700000000002,1.3547600000000002,1.05,1
02.08.2021 00:00:30.256,1.3549600000000002,1.35479,1.05,1
02.08.2021 00:00:30.518,1.3549700000000002,1.3547500000000001,1.05,1
02.08.2021 00:00:30.619,1.35495,1.35477,1.5,1
02.08.2021 00:00:30.977,1.3549200000000001,1.35474,1.1,1
02.08.2021 00:00:31.078,1.35488,1.3547,1,1
02.08.2021 00:00:31.180,1.3548600000000002,1.35469,1,1
02.08.2021 00:00:31.281,1.35488,1.35471,1.12,1
02.08.2021 00:00:31.382,1.35488,1.3547200000000001,1.12,1
02.08.2021 00:00:33.013,1.3548600000000002,1.3546600000000002,1.12,1
02.08.2021 00:00:33.114,1.35485,1.35467,1,1
02.08.2021 00:00:33.215,1.3548600000000002,1.3546799999999999,2.37,1
02.08.2021 00:00:33.316,1.3548600000000002,1.35469,1.7,1
02.08.2021 00:00:33.479,1.35485,1.3546799999999999,1.7,1
02.08.2021 00:00:34.585,1.35485,1.3546799999999999,1.6,1
02.08.2021 00:00:34.686,1.3548600000000002,1.3546799999999999,1.6,1
02.08.2021 00:00:40.046,1.35483,1.3546500000000001,1.5,1
02.08.2021 00:00:40.147,1.3548200000000001,1.3546600000000002,1.6,1
02.08.2021 00:00:40.393,1.3548200000000001,1.3546500000000001,1.6,1
02.08.2021 00:00:41.118,1.35483,1.35464,1,1
02.08.2021 00:00:42.024,1.3548200000000001,1.3546500000000001,1.1,1
02.08.2021 00:00:42.075,1.35479,1.35461,1,1
02.08.2021 00:00:42.227,1.35477,1.35461,1.5,1
02.08.2021 00:00:42.278,1.3547600000000002,1.35459,1,1
02.08.2021 00:00:43.120,1.35478,1.35457,1,1
02.08.2021 00:00:43.221,1.35477,1.35458,2.07,1
02.08.2021 00:00:44.021,1.3547600000000002,1.35457,1,1
02.08.2021 00:00:45.218,1.3547500000000001,1.35458,2,1
02.08.2021 00:00:45.319,1.3547200000000001,1.3545500000000001,1,1
02.08.2021 00:00:45.420,1.3547,1.3545200000000002,1,1
02.08.2021 00:00:45.822,1.3546799999999999,1.3545,1,1
02.08.2021 00:00:46.402,1.3546600000000002,1.3545,1,1
02.08.2021 00:00:46.553,1.35467,1.35446,1,1
02.08.2021 00:00:46.755,1.35464,1.3544500000000002,1,1
02.08.2021 00:00:47.108,1.35464,1.35448,1.2,1
02.08.2021 00:00:48.177,1.35467,1.35447,1.1,1
02.08.2021 00:00:48.623,1.3546600000000002,1.35449,1.1,1
02.08.2021 00:00:50.030,1.35469,1.35449,2.32,1
02.08.2021 00:00:50.132,1.35471,1.3545200000000002,1.1,1
02.08.2021 00:00:50.233,1.35471,1.3545500000000001,1.5,1
02.08.2021 00:00:50.334,1.35471,1.3545500000000001,1,1
02.08.2021 00:00:50.673,1.3547200000000001,1.3545500000000001,1.2,1
02.08.2021 00:00:51.174,1.3547200000000001,1.3545600000000002,1,1
02.08.2021 00:00:51.325,1.3547200000000001,1.35458,1,1
02.08.2021 00:00:51.581,1.3547600000000002,1.35459,1,1
02.08.2021 00:00:51.632,1.35477,1.3546,1.6,1
02.08.2021 00:00:51.883,1.35478,1.3546,1.5,1
02.08.2021 00:00:51.934,1.35478,1.3546200000000002,1,1
02.08.2021 00:00:52.035,1.35479,1.35464,1,1
02.08.2021 00:00:52.245,1.3548,1.3546200000000002,1,1
02.08.2021 00:00:52.346,1.3548,1.35461,1,1
02.08.2021 00:00:54.003,1.3548,1.3546,1.6,1
02.08.2021 00:00:56.525,1.35481,1.35464,1.5,1
02.08.2021 00:00:56.679,1.3548200000000001,1.35467,1.5,1
02.08.2021 00:00:56.830,1.35481,1.35464,1.5,1
02.08.2021 00:00:58.086,1.35481,1.35464,1.12,1
02.08.2021 00:01:00.080,1.35481,1.3546500000000001,1.12,1
02.08.2021 00:01:00.281,1.35484,1.3546500000000001,1.5,1
02.08.2021 00:01:00.471,1.35484,1.3546799999999999,2.07,1
02.08.2021 00:01:00.521,1.35484,1.3546799999999999,3.57,1
02.08.2021 00:01:01.411,1.3548600000000002,1.3546600000000002,1.7,1
02.08.2021 00:01:01.637,1.3548700000000002,1.35469,1.72,1
02.08.2021 00:01:01.788,1.35491,1.3547,1.72,1
02.08.2021 00:01:01.989,1.3549,1.3547500000000001,1.1,1
02.08.2021 00:01:03.886,1.35488,1.35471,1,1
02.08.2021 00:01:03.987,1.3549,1.3547,1.1,1
02.08.2021 00:01:04.263,1.3549,1.3546799999999999,2.07,1
02.08.2021 00:01:04.414,1.35485,1.35469,1,1
02.08.2021 00:01:04.515,1.3548700000000002,1.3546799999999999,2.25,1
02.08.2021 00:01:04.820,1.35485,1.35467,1,1
02.08.2021 00:01:06.557,1.3548600000000002,1.3546600000000002,1.22,1
02.08.2021 00:01:11.359,1.3548600000000002,1.3546600000000002,1.2,1
02.08.2021 00:01:12.588,1.35484,1.35464,1.6,1
02.08.2021 00:01:12.689,1.35478,1.35459,1,1
02.08.2021 00:01:12.790,1.35477,1.35458,1,1
02.08.2021 00:01:15.256,1.35477,1.35459,1,1
02.08.2021 00:01:21.077,1.35479,1.35461,2.82,1
02.08.2021 00:01:21.204,1.3548,1.35461,1.5,1
02.08.2021 00:01:21.459,1.3548200000000001,1.35463,2.85,1
02.08.2021 00:01:21.560,1.35477,1.35459,1,1
02.08.2021 00:01:21.610,1.35478,1.35461,1,1
02.08.2021 00:01:21.711,1.35483,1.35463,3.97,1
02.08.2021 00:01:21.812,1.3548,1.35463,1.5,1
02.08.2021 00:01:22.996,1.35483,1.3546600000000002,2.82,1
02.08.2021 00:01:23.110,1.35484,1.3546500000000001,2.82,1
02.08.2021 00:01:23.161,1.35483,1.3546799999999999,2,1
02.08.2021 00:01:23.637,1.35485,1.35467,1.5,1
02.08.2021 00:01:28.545,1.3548700000000002,1.3546799999999999,3.2,1
02.08.2021 00:01:28.646,1.3548700000000002,1.3547200000000001,1.5,1
02.08.2021 00:01:28.747,1.3549,1.3547600000000002,1,1
02.08.2021 00:01:28.848,1.35493,1.35474,1.6,1
02.08.2021 00:01:28.949,1.3549200000000001,1.3547600000000002,1.6,1
02.08.2021 00:01:29.688,1.3549,1.35473,1.5,1
02.08.2021 00:01:29.788,1.3549,1.3547500000000001,1.5,1
02.08.2021 00:01:31.095,1.35491,1.3547500000000001,1.5,1
02.08.2021 00:01:31.247,1.3549,1.3547600000000002,1,1
02.08.2021 00:01:31.677,1.3549200000000001,1.3547600000000002,1.12,1
02.08.2021 00:01:35.007,1.35494,1.35478,1.12,1
02.08.2021 00:01:35.108,1.3549700000000002,1.35479,1.62,1
02.08.2021 00:01:35.210,1.3549600000000002,1.3548,1.12,1
02.08.2021 00:01:35.769,1.3549900000000001,1.35479,1.75,1
02.08.2021 00:01:36.610,1.35493,1.35478,1,1
02.08.2021 00:01:37.018,1.3549200000000001,1.3547500000000001,1,1
02.08.2021 00:01:37.119,1.35489,1.3547500000000001,1,1
02.08.2021 00:01:37.238,1.35491,1.35477,1,1
02.08.2021 00:01:37.394,1.3549,1.35474,1,1
02.08.2021 00:01:37.496,1.35488,1.35473,1,1
02.08.2021 00:01:37.597,1.35488,1.3547200000000001,1,1
02.08.2021 00:01:39.689,1.35488,1.35471,1,1
02.08.2021 00:01:39.790,1.35485,1.35471,1,1
02.08.2021 00:01:40.583,1.35483,1.3546799999999999,1,1.5
02.08.2021 00:01:40.684,1.35485,1.35469,1,1
02.08.2021 00:01:44.019,1.35485,1.35471,1,1
02.08.2021 00:01:44.120,1.3548700000000002,1.35471,1,1
02.08.2021 00:01:45.091,1.35489,1.35473,1,1
02.08.2021 00:01:50.323,1.3548700000000002,1.35471,1,1
02.08.2021 00:01:51.052,1.3548700000000002,1.35473,1,1
02.08.2021 00:01:53.152,1.3549,1.35474,1,1
02.08.2021 00:01:58.192,1.35491,1.3547500000000001,1,1
02.08.2021 00:01:58.729,1.3549200000000001,1.35478,1,1
02.08.2021 00:01:58.882,1.3549,1.35473,1,1
02.08.2021 00:02:02.342,1.35488,1.3547200000000001,1,1
02.08.2021 00:02:02.733,1.3548600000000002,1.3547,1,1.12
02.08.2021 00:02:02.834,1.35484,1.3547,1,1
02.08.2021 00:02:03.005,1.35483,1.3546799999999999,1,1.5
02.08.2021 00:02:03.795,1.35484,1.35467,1,1.12
02.08.2021 00:02:08.226,1.35483,1.35467,1,1
02.08.2021 00:02:11.241,1.35481,1.3546500000000001,1,1
02.08.2021 00:02:11.392,1.35478,1.35464,1,1
02.08.2021 00:02:11.647,1.35477,1.35461,1,1.12
02.08.2021 00:02:23.448,1.35474,1.3546,1,1
02.08.2021 00:02:23.599,1.35473,1.35459,1,1
02.08.2021 00:02:24.094,1.3547200000000001,1.3545600000000002,1,1.5
02.08.2021 00:02:29.404,1.35471,1.3545500000000001,1,1
02.08.2021 00:02:29.555,1.3547,1.35454,1,1
02.08.2021 00:02:29.883,1.35469,1.35453,1,1
02.08.2021 00:02:30.045,1.3546600000000002,1.3545200000000002,1,1.12
02.08.2021 00:02:31.993,1.35463,1.35449,1,1
02.08.2021 00:02:32.101,1.35461,1.35447,1,1
02.08.2021 00:02:36.418,1.35463,1.35447,1,1
02.08.2021 00:02:43.905,1.3546600000000002,1.3545,1,1
02.08.2021 00:02:43.955,1.35467,1.3545200000000002,1,1
02.08.2021 00:02:58.598,1.35469,1.35453,1,1
02.08.2021 00:03:09.019,1.35471,1.3545500000000001,1.12,1
02.08.2021 00:03:12.876,1.35469,1.35453,1,1
02.08.2021 00:03:21.358,1.3547,1.35454,1,1
02.08.2021 00:03:24.538,1.3547200000000001,1.35458,1.5,1
02.08.2021 00:03:24.790,1.3547200000000001,1.35458,1,1
02.08.2021 00:03:24.941,1.35473,1.35459,1.12,1
02.08.2021 00:03:25.142,1.3547500000000001,1.35461,1,1
02.08.2021 00:03:26.578,1.35474,1.35458,1,1
02.08.2021 00:03:30.063,1.35473,1.35457,1,1
02.08.2021 00:03:31.246,1.35474,1.35458,1,1
02.08.2021 00:03:31.347,1.35478,1.3546500000000001,1,1
02.08.2021 00:03:31.448,1.35479,1.3546500000000001,1,1
02.08.2021 00:03:31.808,1.3548200000000001,1.3546799999999999,1.12,1
02.08.2021 00:03:32.216,1.35481,1.35467,1,1
02.08.2021 00:03:32.508,1.35484,1.3546799999999999,1.5,1
02.08.2021 00:03:32.718,1.35481,1.3546500000000001,1,1.5
02.08.2021 00:03:33.018,1.35484,1.3546799999999999,1.5,1
02.08.2021 00:03:33.326,1.35481,1.35467,1,1
02.08.2021 00:03:44.858,1.3548200000000001,1.3546799999999999,1,1
02.08.2021 00:03:45.010,1.35484,1.3547,1.12,1
02.08.2021 00:03:45.262,1.3548600000000002,1.3547,1,1
02.08.2021 00:03:45.363,1.35488,1.35474,2.25,1
02.08.2021 00:03:45.464,1.35489,1.35477,1,1
02.08.2021 00:03:45.565,1.3549200000000001,1.3547600000000002,1,1
02.08.2021 00:03:51.219,1.35489,1.3547500000000001,1,1
02.08.2021 00:03:51.320,1.35489,1.35473,1,1
02.08.2021 00:03:51.624,1.3548600000000002,1.35469,1,1.5
02.08.2021 00:03:51.725,1.35484,1.35469,1,1
02.08.2021 00:03:56.480,1.3548700000000002,1.3547,1,1
02.08.2021 00:03:59.113,1.35485,1.3546799999999999,1,1.12
02.08.2021 00:04:00.210,1.35483,1.3546799999999999,1,1
02.08.2021 00:04:00.311,1.3548200000000001,1.35467,1,1.12
02.08.2021 00:04:00.779,1.3548200000000001,1.3546500000000001,1,1
02.08.2021 00:04:01.356,1.35479,1.35464,1,1.87
02.08.2021 00:04:01.773,1.35478,1.35463,1,1
02.08.2021 00:04:01.937,1.35477,1.3546200000000002,1,1
02.08.2021 00:04:07.758,1.3547600000000002,1.35459,1,1.12
02.08.2021 00:04:07.859,1.35474,1.35457,1,1.5
02.08.2021 00:04:07.960,1.3547200000000001,1.3545500000000001,1,1.62
02.08.2021 00:04:08.061,1.3547,1.3545500000000001,1,1.5
02.08.2021 00:04:08.162,1.3546799999999999,1.3545200000000002,1,2
02.08.2021 00:04:08.213,1.3546799999999999,1.3545200000000002,1,1.87
02.08.2021 00:04:08.263,1.3546500000000001,1.3545200000000002,1,1.5
02.08.2021 00:04:08.506,1.3546600000000002,1.3545,1,1.5
02.08.2021 00:04:08.557,1.3546500000000001,1.35448,1,1.12
02.08.2021 00:04:08.809,1.3546200000000002,1.35448,1,1
02.08.2021 00:04:08.910,1.35464,1.35448,1,1
02.08.2021 00:04:09.518,1.35464,1.3544500000000002,1,3.5
02.08.2021 00:04:09.619,1.35464,1.35446,1,1.5
02.08.2021 00:04:10.341,1.3546500000000001,1.35447,1,2
02.08.2021 00:04:14.935,1.3546600000000002,1.35448,1,1.5
02.08.2021 00:04:15.250,1.3546500000000001,1.35448,1,1
02.08.2021 00:04:15.351,1.3546799999999999,1.35451,1,1
02.08.2021 00:04:15.452,1.35469,1.35451,1,1.62
02.08.2021 00:04:15.603,1.3547,1.3545200000000002,1,1
02.08.2021 00:04:15.704,1.35469,1.35453,1,1
02.08.2021 00:04:15.847,1.35469,1.35453,1,3.12
02.08.2021 00:04:15.948,1.3546799999999999,1.35454,1,1.5
02.08.2021 00:04:16.057,1.35471,1.35453,1,1.5
02.08.2021 00:04:16.232,1.3546799999999999,1.35453,1,1.62
02.08.2021 00:04:17.127,1.3546799999999999,1.35453,1,1.5
02.08.2021 00:04:17.278,1.3546799999999999,1.3545200000000002,1,1
02.08.2021 00:04:17.379,1.35467,1.35453,1,1
02.08.2021 00:04:17.778,1.35467,1.3545200000000002,1,1
02.08.2021 00:04:18.740,1.35469,1.3545,1,1.5
02.08.2021 00:04:19.001,1.35469,1.3545,1,1.12
02.08.2021 00:04:19.052,1.3546600000000002,1.35449,1,1
02.08.2021 00:04:19.153,1.3546600000000002,1.3545,1,1
02.08.2021 00:04:20.212,1.35467,1.35448,1,1
02.08.2021 00:04:20.313,1.35463,1.35448,1,1.5
02.08.2021 00:04:20.414,1.3546200000000002,1.35448,1,1
02.08.2021 00:04:20.666,1.3546,1.3544500000000002,1,1
02.08.2021 00:04:20.817,1.35461,1.35444,1,1
02.08.2021 00:04:24.180,1.35461,1.3544200000000002,1,1.12
02.08.2021 00:04:24.231,1.35457,1.3544,1,1.5
02.08.2021 00:04:24.332,1.35458,1.3544100000000001,1,1.5
02.08.2021 00:04:25.055,1.35458,1.3544100000000001,1,1.12
02.08.2021 00:04:25.112,1.3545600000000002,1.3544,1,1
02.08.2021 00:04:25.264,1.35458,1.3544100000000001,1,1.12
02.08.2021 00:04:28.143,1.35458,1.3544200000000002,1,1
02.08.2021 00:04:28.300,1.35458,1.3544200000000002,1,1.5
02.08.2021 00:04:29.414,1.35461,1.3544200000000002,1,1.12
02.08.2021 00:04:29.783,1.3546,1.35443,1,1.5
02.08.2021 00:04:29.885,1.3546,1.35446,1,1
02.08.2021 00:04:32.940,1.3546,1.3544500000000002,1,1
02.08.2021 00:04:33.041,1.3546,1.35444,1,1.5
02.08.2021 00:04:33.218,1.3546200000000002,1.3544500000000002,1,1.5
02.08.2021 00:04:33.319,1.35463,1.3544500000000002,1,1
02.08.2021 00:04:33.647,1.35463,1.35444,1,1
02.08.2021 00:04:36.945,1.3546200000000002,1.3544500000000002,1,1.62
02.08.2021 00:04:37.951,1.35463,1.35444,1,1.5
02.08.2021 00:04:38.951,1.35463,1.35444,1,1
02.08.2021 00:04:40.976,1.35463,1.35444,1,1.5
02.08.2021 00:04:41.290,1.3546200000000002,1.35446,1,1
02.08.2021 00:04:45.546,1.3546200000000002,1.3544500000000002,1,1.5
02.08.2021 00:04:45.784,1.35461,1.35444,1,1
02.08.2021 00:04:50.744,1.35461,1.3544500000000002,1,1.5
02.08.2021 00:04:50.895,1.35461,1.35446,1,1
02.08.2021 00:04:50.996,1.35463,1.35447,1,2.25
02.08.2021 00:04:51.147,1.35463,1.35448,1,1
02.08.2021 00:04:51.528,1.35464,1.35451,1,1
02.08.2021 00:04:51.578,1.3546600000000002,1.3545200000000002,1,1
02.08.2021 00:04:51.629,1.3546799999999999,1.35453,1,1
02.08.2021 00:04:51.730,1.3547,1.3545200000000002,1,2
02.08.2021 00:05:00.086,1.35469,1.35453,1,2
02.08.2021 00:05:10.533,1.3546799999999999,1.3545,1,2
02.08.2021 00:05:10.684,1.35467,1.35449,1,1
02.08.2021 00:05:10.734,1.35467,1.35448,1,1
02.08.2021 00:05:11.307,1.35464,1.35447,1,1
02.08.2021 00:05:11.358,1.3546600000000002,1.35447,1,1
02.08.2021 00:05:11.409,1.35461,1.35446,1,1.5
02.08.2021 00:05:11.702,1.35463,1.3544500000000002,1,2.25
02.08.2021 00:05:11.803,1.3546,1.35446,1,1.12
02.08.2021 00:05:11.961,1.35463,1.3544500000000002,1,1.5
02.08.2021 00:05:12.011,1.35459,1.35444,1,1.5
02.08.2021 00:05:12.112,1.35463,1.35443,1,2
02.08.2021 00:05:12.308,1.35459,1.35444,1,1.5
02.08.2021 00:05:12.415,1.35461,1.35444,1,2
02.08.2021 00:05:14.052,1.35461,1.35444,1,1.5
02.08.2021 00:05:14.104,1.3546,1.35443,1,1
02.08.2021 00:05:14.154,1.35459,1.3544,1,3.5
02.08.2021 00:05:14.305,1.3545600000000002,1.35438,1,3.5
02.08.2021 00:05:14.406,1.35457,1.35438,1,2.75
02.08.2021 00:05:14.457,1.35457,1.35438,1,2.62
02.08.2021 00:05:15.701,1.3545500000000001,1.35439,1,1.12
02.08.2021 00:05:16.867,1.3545600000000002,1.35439,1,1
02.08.2021 00:05:16.968,1.35458,1.3544,1,1.5
02.08.2021 00:05:17.145,1.3546,1.3544100000000001,1,1.12
02.08.2021 00:05:17.257,1.3546,1.35443,1,1
02.08.2021 00:05:23.086,1.3546,1.35443,1,2
02.08.2021 00:05:28.687,1.3546,1.3544500000000002,1,1
02.08.2021 00:05:28.738,1.3546200000000002,1.3544500000000002,1,1.5
02.08.2021 00:05:28.851,1.3546200000000002,1.3544500000000002,1,2.75
02.08.2021 00:05:29.759,1.3546200000000002,1.35446,1,1.62
02.08.2021 00:05:34.777,1.3546200000000002,1.35446,1,1.5
02.08.2021 00:05:35.783,1.35463,1.3544500000000002,1,1.62
02.08.2021 00:05:46.453,1.35464,1.35448,1,1
02.08.2021 00:05:46.503,1.3546600000000002,1.35451,1,1
02.08.2021 00:05:46.554,1.35469,1.35451,1,2.62
02.08.2021 00:05:46.654,1.3547,1.35454,1,1
02.08.2021 00:05:46.856,1.3547,1.35453,1,1.12
02.08.2021 00:05:53.669,1.3546799999999999,1.35453,1,1
02.08.2021 00:05:56.061,1.3546600000000002,1.35453,1,1
02.08.2021 00:05:56.169,1.35467,1.3545,1,1.12
02.08.2021 00:05:56.220,1.35464,1.3545,1,1.12
02.08.2021 00:05:57.898,1.3546500000000001,1.35451,1,1
02.08.2021 00:05:57.999,1.35464,1.35451,1,1
02.08.2021 00:05:58.689,1.3546500000000001,1.35451,1,1
02.08.2021 00:06:01.529,1.3546600000000002,1.35451,1,2.25
02.08.2021 00:06:01.960,1.35467,1.35451,1,1
02.08.2021 00:06:07.863,1.35469,1.3545200000000002,1,1
02.08.2021 00:06:08.489,1.35469,1.35453,1,1
02.08.2021 00:06:08.540,1.35471,1.35454,1,1
02.08.2021 00:06:08.674,1.3547200000000001,1.35457,1,1
02.08.2021 00:06:08.826,1.3547600000000002,1.35459,1,1
02.08.2021 00:06:08.928,1.3548,1.35463,1.12,1
02.08.2021 00:06:08.978,1.35481,1.3546500000000001,1.12,1
02.08.2021 00:06:09.080,1.35484,1.3546600000000002,1,1
02.08.2021 00:06:09.181,1.3548600000000002,1.3546799999999999,1,1
02.08.2021 00:06:09.283,1.35484,1.3546500000000001,1,3
02.08.2021 00:06:09.384,1.35484,1.3546799999999999,1,1
02.08.2021 00:06:11.153,1.35485,1.35469,1,1
02.08.2021 00:06:11.657,1.35485,1.3547,1,1
02.08.2021 00:06:13.739,1.35485,1.3546799999999999,1,1
02.08.2021 00:06:13.841,1.3548600000000002,1.35469,1,1
02.08.2021 00:06:18.728,1.35485,1.35467,1,1
02.08.2021 00:06:19.132,1.35483,1.3546799999999999,1,1
02.08.2021 00:06:21.056,1.35485,1.35467,1,1
02.08.2021 00:06:21.107,1.3548,1.3546500000000001,1,1.5
02.08.2021 00:06:21.415,1.3548,1.35464,1,1.5
02.08.2021 00:06:21.554,1.3548200000000001,1.35464,1,1
02.08.2021 00:06:22.076,1.35478,1.35461,1,1
02.08.2021 00:06:22.177,1.3547600000000002,1.3546,1,1.62
02.08.2021 00:06:25.167,1.35477,1.3546200000000002,1,1
02.08.2021 00:06:25.704,1.35479,1.35463,1,1
02.08.2021 00:06:25.858,1.3548200000000001,1.35464,1,1
02.08.2021 00:06:37.760,1.3548,1.35463,1,1.12
02.08.2021 00:06:47.082,1.3548200000000001,1.35464,1,1.87
02.08.2021 00:06:47.183,1.35484,1.35467,1,1
02.08.2021 00:06:47.598,1.3548600000000002,1.3547200000000001,1,1
02.08.2021 00:06:47.699,1.35489,1.35474,1,1
02.08.2021 00:06:47.980,1.3549,1.35474,1,1
02.08.2021 00:06:48.324,1.35491,1.3547600000000002,1,1
02.08.2021 00:06:48.425,1.3549,1.3547500000000001,1,1
02.08.2021 00:06:48.809,1.35489,1.3547500000000001,1,1
02.08.2021 00:06:48.910,1.3549200000000001,1.35474,1,1
02.08.2021 00:06:49.011,1.35491,1.3547600000000002,1,1
02.08.2021 00:06:49.112,1.35491,1.3547600000000002,1,2
02.08.2021 00:06:54.003,1.35491,1.3547600000000002,1,1.5
02.08.2021 00:06:54.772,1.3549,1.3547500000000001,1,1
02.08.2021 00:06:54.873,1.35491,1.3547500000000001,1,1
02.08.2021 00:06:58.128,1.35489,1.3547500000000001,1,1
02.08.2021 00:07:00.228,1.35489,1.3547600000000002,1,1
02.08.2021 00:07:01.073,1.35489,1.35477,1,1
02.08.2021 00:07:01.124,1.3549600000000002,1.35481,1,1
02.08.2021 00:07:01.225,1.3549900000000001,1.35484,1.5,1
02.08.2021 00:07:01.275,1.35501,1.35483,1,2.85
02.08.2021 00:07:01.325,1.35504,1.35488,1,1
02.08.2021 00:07:01.426,1.35503,1.3548700000000002,1,1.6
02.08.2021 00:07:01.577,1.35504,1.3548600000000002,1,2.1
02.08.2021 00:07:02.268,1.3550600000000002,1.35489,1,1
02.08.2021 00:07:07.208,1.3550700000000002,1.35493,1,1
02.08.2021 00:07:07.790,1.35508,1.35494,1,1
02.08.2021 00:07:12.275,1.35511,1.35494,1,1
02.08.2021 00:07:15.502,1.35511,1.3549700000000002,1,1
02.08.2021 00:07:23.527,1.3550900000000001,1.3549200000000001,1,1.6
02.08.2021 00:07:24.368,1.3550900000000001,1.3549200000000001,1,1.1
02.08.2021 00:07:24.469,1.3550700000000002,1.35491,1,2.37
02.08.2021 00:07:24.649,1.3550600000000002,1.35489,1,1.7
02.08.2021 00:07:25.269,1.35505,1.35491,1,1
02.08.2021 00:07:25.369,1.35504,1.35489,1,2
02.08.2021 00:07:25.470,1.35504,1.3548700000000002,1,1.7
02.08.2021 00:07:25.571,1.35504,1.35489,1,1
02.08.2021 00:07:26.244,1.35501,1.3548600000000002,1,1.1
02.08.2021 00:07:27.238,1.355,1.35483,1,1.5
02.08.2021 00:07:27.514,1.3549700000000002,1.3548200000000001,1,1.6
02.08.2021 00:07:27.716,1.35498,1.35481,1,1.1
02.08.2021 00:07:27.817,1.35494,1.35481,1,1
02.08.2021 00:07:27.917,1.35494,1.35478,1,2.72
02.08.2021 00:07:28.018,1.3549600000000002,1.35478,1,2.72
02.08.2021 00:07:28.225,1.3549700000000002,1.35477,1,2.7
02.08.2021 00:07:29.258,1.3549600000000002,1.3548,1,1
02.08.2021 00:07:30.398,1.35495,1.35479,1,1.1
02.08.2021 00:07:31.694,1.3549600000000002,1.35478,1,1.1
02.08.2021 00:07:31.744,1.3549700000000002,1.35481,1,1
02.08.2021 00:07:31.795,1.3549900000000001,1.35483,1,1
02.08.2021 00:07:37.471,1.35498,1.35481,1,1.57
02.08.2021 00:07:39.370,1.35501,1.35484,1,1
02.08.2021 00:07:45.898,1.3549900000000001,1.3548200000000001,1,2.25
02.08.2021 00:07:47.319,1.35498,1.35481,1,1
02.08.2021 00:07:47.470,1.3549600000000002,1.35479,1,1.12
02.08.2021 00:07:47.571,1.35493,1.35478,1,1
02.08.2021 00:07:47.736,1.3549200000000001,1.35477,1,1.12
02.08.2021 00:07:47.837,1.35491,1.3547600000000002,1,1.12
02.08.2021 00:07:48.339,1.35489,1.3547500000000001,1,1
02.08.2021 00:07:48.440,1.3548600000000002,1.35469,1,2
02.08.2021 00:07:48.490,1.3548600000000002,1.35469,1,1.12
02.08.2021 00:07:50.555,1.3548700000000002,1.3547,1,1
02.08.2021 00:07:52.400,1.35488,1.35473,1,1
02.08.2021 00:07:52.501,1.3549,1.35473,1,1
02.08.2021 00:07:56.076,1.35488,1.35473,1,1
02.08.2021 00:07:56.177,1.3548600000000002,1.3547200000000001,1,1
02.08.2021 00:07:56.647,1.3548600000000002,1.3547,1,1
02.08.2021 00:07:56.749,1.35481,1.3546799999999999,1,1
02.08.2021 00:07:56.900,1.35481,1.35467,1,1.12
02.08.2021 00:07:57.001,1.3548,1.35464,1,1
02.08.2021 00:07:57.102,1.35474,1.3546,1,1.6
02.08.2021 00:07:57.203,1.35471,1.3545600000000002,1,2.25
02.08.2021 00:07:57.304,1.35469,1.3545500000000001,1,1.12
02.08.2021 00:07:57.697,1.35471,1.3545500000000001,1,1
02.08.2021 00:07:58.101,1.35471,1.35457,1,1
02.08.2021 00:08:02.171,1.35473,1.35459,1,1
02.08.2021 00:08:07.967,1.3547600000000002,1.3546,2.25,1
02.08.2021 00:08:09.636,1.35477,1.35461,1,1
02.08.2021 00:08:10.491,1.35477,1.3546200000000002,1,1
02.08.2021 00:08:12.320,1.35477,1.35461,1,1
02.08.2021 00:08:12.678,1.3547500000000001,1.35459,1,1
02.08.2021 00:08:12.930,1.35474,1.35457,1,1
02.08.2021 00:08:13.044,1.35473,1.3545600000000002,1,1
02.08.2021 00:08:13.880,1.35474,1.35457,1,1
02.08.2021 00:08:13.930,1.3547600000000002,1.35459,1,1
02.08.2021 00:08:14.384,1.35477,1.3546,1,1
02.08.2021 00:08:18.314,1.35479,1.3546200000000002,1,1
02.08.2021 00:08:20.023,1.3547600000000002,1.35461,1,1.5
02.08.2021 00:08:20.530,1.35479,1.35463,1,1
02.08.2021 00:08:27.170,1.3547600000000002,1.3546200000000002,1,1
02.08.2021 00:08:27.271,1.3547600000000002,1.3546,1,1
02.08.2021 00:08:32.324,1.35474,1.35458,1,1.5
02.08.2021 00:08:32.484,1.35473,1.35457,1,1
02.08.2021 00:08:37.823,1.35474,1.35458,1,1
02.08.2021 00:08:38.340,1.3547500000000001,1.35459,1,1
02.08.2021 00:08:38.441,1.3547600000000002,1.3546,1,1
02.08.2021 00:08:40.826,1.35478,1.3546200000000002,1,1
02.08.2021 00:08:52.465,1.35477,1.3546,1,1
02.08.2021 00:08:59.966,1.35473,1.35458,1,1
02.08.2021 00:09:00.526,1.35473,1.35459,1,1
02.08.2021 00:09:00.576,1.35478,1.3546,1,1
02.08.2021 00:09:00.677,1.35478,1.35463,1,1
02.08.2021 00:09:00.935,1.35477,1.3546,1,1
02.08.2021 00:09:01.387,1.35474,1.35459,1,2.25
02.08.2021 00:09:01.489,1.3547600000000002,1.35461,1,1
02.08.2021 00:09:08.681,1.3547500000000001,1.35458,1,2.25
02.08.2021 00:09:08.883,1.35474,1.35457,1,1
02.08.2021 00:09:08.984,1.35471,1.3545600000000002,1,1
02.08.2021 00:09:10.969,1.35473,1.3545600000000002,1,1
02.08.2021 00:09:11.258,1.3547,1.3545500000000001,1,1.12
02.08.2021 00:09:11.359,1.3547,1.35453,1,1.5
02.08.2021 00:09:11.611,1.3547200000000001,1.3545600000000002,1,1
02.08.2021 00:09:12.453,1.35473,1.35459,1.5,1
02.08.2021 00:09:12.971,1.35474,1.3546,1,1
02.08.2021 00:09:13.072,1.3547500000000001,1.35461,1,1
02.08.2021 00:09:14.330,1.35474,1.3546,1,1
02.08.2021 00:09:23.793,1.35478,1.3546200000000002,1,1
02.08.2021 00:09:29.103,1.35477,1.35461,1,1
02.08.2021 00:09:29.204,1.3547500000000001,1.35459,1,1
02.08.2021 00:09:30.508,1.35477,1.35461,1,1
02.08.2021 00:09:47.836,1.3547500000000001,1.35459,1,1
02.08.2021 00:09:48.203,1.3547200000000001,1.35458,1,1
02.08.2021 00:09:48.657,1.35471,1.35457,1,1
02.08.2021 00:09:50.369,1.3547,1.3545600000000002,1,1
02.08.2021 00:09:50.662,1.35471,1.35457,1,1
02.08.2021 00:10:01.565,1.35473,1.35459,1,1
02.08.2021 00:10:02.404,1.35474,1.3546,1,1
02.08.2021 00:10:02.505,1.35473,1.35459,1,1
02.08.2021 00:10:06.208,1.35469,1.3545600000000002,1,1
02.08.2021 00:10:06.309,1.3547,1.35454,1,1
02.08.2021 00:10:06.461,1.3547200000000001,1.3545600000000002,1,1
02.08.2021 00:10:27.721,1.3547,1.35454,1,1.5
02.08.2021 00:10:27.822,1.3546799999999999,1.35454,1,1
02.08.2021 00:10:27.925,1.35467,1.35451,1,1
02.08.2021 00:10:28.077,1.35464,1.3545,1,1
02.08.2021 00:10:32.091,1.3546600000000002,1.3545200000000002,1.5,1
02.08.2021 00:10:37.434,1.3546799999999999,1.35454,1,1
02.08.2021 00:10:37.585,1.35469,1.3545500000000001,1.12,1
02.08.2021 00:10:37.686,1.35471,1.35457,1.12,1
02.08.2021 00:10:40.013,1.3547,1.35454,1,1
02.08.2021 00:10:40.129,1.3547,1.35453,1,1
02.08.2021 00:10:44.050,1.35471,1.3545500000000001,1,1
02.08.2021 00:10:45.259,1.3547,1.35454,1,1
02.08.2021 00:10:45.360,1.3546500000000001,1.35453,1,1
02.08.2021 00:10:45.562,1.3546600000000002,1.3545,1,1
02.08.2021 00:10:57.767,1.35467,1.35453,1.87,1
02.08.2021 00:11:04.125,1.35467,1.3545200000000002,1,1
02.08.2021 00:11:06.826,1.3546600000000002,1.35449,1,1
02.08.2021 00:11:06.927,1.3546500000000001,1.35448,1,1
02.08.2021 00:11:21.195,1.35464,1.35447,1.5,1
02.08.2021 00:11:21.355,1.3546200000000002,1.35446,1,1
02.08.2021 00:11:21.808,1.3546200000000002,1.3544500000000002,1.57,1
02.08.2021 00:11:21.909,1.35457,1.35439,1,1
02.08.2021 00:11:21.960,1.35454,1.35439,1,1
02.08.2021 00:11:22.161,1.3545500000000001,1.3544100000000001,1,1
02.08.2021 00:11:22.262,1.3545600000000002,1.3544100000000001,1.87,1
02.08.2021 00:11:27.856,1.3545600000000002,1.35439,1,1
02.08.2021 00:11:28.309,1.35451,1.35437,1,1
02.08.2021 00:11:30.750,1.35453,1.35439,1,1
02.08.2021 00:11:31.537,1.3545500000000001,1.35439,1,1
02.08.2021 00:11:37.130,1.35453,1.35437,1,1
02.08.2021 00:11:40.708,1.3545500000000001,1.35439,1,1
02.08.2021 00:11:45.088,1.35453,1.35437,1,1
02.08.2021 00:11:45.471,1.35454,1.35437,2.7,1
02.08.2021 00:11:45.572,1.35451,1.35436,1.1,1
02.08.2021 00:11:45.673,1.35451,1.35436,1.6,1
02.08.2021 00:11:45.774,1.35454,1.35437,1.6,1
02.08.2021 00:11:45.877,1.35453,1.35438,1.12,1
02.08.2021 00:11:46.129,1.35454,1.35439,1,1
02.08.2021 00:11:47.366,1.35457,1.3544,1.5,1
02.08.2021 00:11:47.877,1.35457,1.3544200000000002,1.12,1
02.08.2021 00:11:48.028,1.3546,1.35443,1.35,1
02.08.2021 00:11:48.179,1.3546,1.35443,1,1
02.08.2021 00:11:48.280,1.3546,1.3544500000000002,1.2,1
02.08.2021 00:11:48.381,1.3546200000000002,1.3544500000000002,1,1
02.08.2021 00:11:48.482,1.3546200000000002,1.35447,1.1,1
02.08.2021 00:11:54.836,1.3546200000000002,1.3544500000000002,1,1
02.08.2021 00:11:54.937,1.3546,1.35443,1.12,1
02.08.2021 00:11:55.349,1.35458,1.3544100000000001,1,1
02.08.2021 00:12:00.794,1.3545500000000001,1.35438,1,1
02.08.2021 00:12:01.855,1.35457,1.3544200000000002,2.82,1
02.08.2021 00:12:01.956,1.3545600000000002,1.35439,1,1
02.08.2021 00:12:03.263,1.35457,1.3544200000000002,2.85,1
02.08.2021 00:12:03.365,1.3545600000000002,1.3544100000000001,1.12,1
02.08.2021 00:12:03.522,1.35458,1.3544100000000001,1,1
02.08.2021 00:12:07.430,1.3546,1.35443,1.12,1
02.08.2021 00:12:07.531,1.35461,1.35444,1,1
02.08.2021 00:12:13.809,1.35463,1.35446,1.12,1
02.08.2021 00:12:13.969,1.35464,1.3545,1.6,1
02.08.2021 00:12:14.070,1.35464,1.3545,1.12,1
02.08.2021 00:12:14.171,1.3546600000000002,1.35449,2.37,1
02.08.2021 00:12:14.463,1.3546600000000002,1.35451,1.5,1
02.08.2021 00:12:14.564,1.3546799999999999,1.3545200000000002,1,1
02.08.2021 00:12:16.186,1.35469,1.3545200000000002,1,1
02.08.2021 00:12:16.237,1.3547,1.35457,1,1
02.08.2021 00:12:16.288,1.35473,1.35458,2.37,1
02.08.2021 00:12:16.338,1.35473,1.3546,1,1
02.08.2021 00:12:16.439,1.35477,1.3546,1.57,1
02.08.2021 00:12:16.614,1.3547600000000002,1.35459,1,1
02.08.2021 00:12:16.715,1.35477,1.3546200000000002,1,1
02.08.2021 00:12:16.816,1.35478,1.3546200000000002,1,1
02.08.2021 00:12:17.116,1.3548,1.35464,1.1,1
02.08.2021 00:12:17.542,1.35477,1.3546200000000002,1,1
02.08.2021 00:12:20.865,1.35477,1.3546,1,1
02.08.2021 00:12:22.570,1.35479,1.3546200000000002,1,1
02.08.2021 00:12:23.129,1.3547600000000002,1.35461,1,1
02.08.2021 00:12:23.280,1.3547500000000001,1.35458,1,1
02.08.2021 00:12:23.582,1.35474,1.35457,1,1
02.08.2021 00:12:23.683,1.3547500000000001,1.35458,1.6,1
02.08.2021 00:12:23.733,1.35473,1.3545600000000002,1,1
02.08.2021 00:12:24.234,1.3547500000000001,1.35459,1,1
02.08.2021 00:12:24.693,1.3547600000000002,1.35459,1,1
02.08.2021 00:12:40.087,1.3547500000000001,1.3546,1.5,1
02.08.2021 00:12:53.628,1.35473,1.3545600000000002,1,1
02.08.2021 00:12:54.741,1.35473,1.35458,1.6,1
02.08.2021 00:12:54.842,1.35473,1.35458,1.5,1
02.08.2021 00:13:01.139,1.35473,1.3545600000000002,1,1
02.08.2021 00:13:01.559,1.3547,1.3545500000000001,1,1
02.08.2021 00:13:05.168,1.3547200000000001,1.3545500000000001,1.12,1
02.08.2021 00:13:05.269,1.35473,1.3545600000000002,2.45,1
02.08.2021 00:13:05.738,1.35471,1.3545600000000002,1.12,1
02.08.2021 00:13:40.795,1.35471,1.35454,1,1
02.08.2021 00:14:03.616,1.3547,1.3545500000000001,2.35,1
02.08.2021 00:14:03.666,1.35469,1.3545200000000002,1.57,1
02.08.2021 00:14:03.767,1.35461,1.35447,1,1
02.08.2021 00:14:05.588,1.3546,1.3544500000000002,1,1
02.08.2021 00:14:05.740,1.3546200000000002,1.35448,1.12,1
02.08.2021 00:14:10.584,1.35461,1.3544500000000002,1,1
02.08.2021 00:14:10.836,1.3546,1.35444,1,1
02.08.2021 00:14:13.979,1.3546,1.3544500000000002,1,1
02.08.2021 00:14:14.080,1.35463,1.3544500000000002,1.62,1
02.08.2021 00:14:14.549,1.3546,1.35444,1,1
02.08.2021 00:14:16.067,1.3546,1.35446,1,1
02.08.2021 00:14:16.168,1.3546200000000002,1.35446,1.12,1
02.08.2021 00:14:20.024,1.35463,1.35446,1,1
02.08.2021 00:14:20.134,1.35464,1.35448,1.12,1
02.08.2021 00:14:20.657,1.35463,1.35446,1,1
02.08.2021 00:14:20.758,1.35463,1.35449,1.12,1
02.08.2021 00:14:25.590,1.3546600000000002,1.3545,1.12,1
02.08.2021 00:14:41.985,1.3546500000000001,1.35448,1,1
02.08.2021 00:14:43.188,1.3546200000000002,1.35446,1,1
02.08.2021 00:14:44.975,1.3546,1.35446,1,1
02.08.2021 00:15:08.968,1.35459,1.35443,1,1.5
02.08.2021 00:15:10.143,1.35457,1.3544100000000001,1,1
02.08.2021 00:15:10.294,1.3545500000000001,1.3544100000000001,1,1
02.08.2021 00:15:11.064,1.3545500000000001,1.35439,1,1
02.08.2021 00:15:11.165,1.35453,1.35437,1,1
02.08.2021 00:15:12.530,1.35451,1.35437,1,1
02.08.2021 00:15:12.631,1.35451,1.35434,1,1
02.08.2021 00:15:14.542,1.35447,1.35433,1,1
02.08.2021 00:15:16.136,1.35446,1.3543100000000001,1,1
02.08.2021 00:15:20.849,1.35446,1.3543,1,1
02.08.2021 00:15:20.951,1.35443,1.35427,1,1
02.08.2021 00:15:21.052,1.35443,1.3542500000000002,1,2.25
02.08.2021 00:15:23.940,1.3544100000000001,1.3542500000000002,1,1.12
02.08.2021 00:15:25.745,1.3544100000000001,1.35426,1,1
02.08.2021 00:15:32.767,1.3544200000000002,1.35424,1,1.12
02.08.2021 00:15:42.534,1.3544200000000002,1.35427,1,1
02.08.2021 00:15:53.129,1.35443,1.35427,1,1
02.08.2021 00:15:53.232,1.35443,1.35428,1,1
02.08.2021 00:15:53.333,1.35444,1.35429,1,1
02.08.2021 00:15:53.434,1.35447,1.3543,1,1
02.08.2021 00:15:54.934,1.35446,1.35429,1,1
02.08.2021 00:16:00.589,1.35444,1.35429,1,1
02.08.2021 00:16:00.991,1.35443,1.35428,1,1
02.08.2021 00:16:01.109,1.35443,1.35426,1,1
02.08.2021 00:16:18.120,1.3544200000000002,1.3542500000000002,1,1
02.08.2021 00:16:18.221,1.3544,1.35423,1,1
02.08.2021 00:16:18.451,1.35439,1.3542200000000002,1,1
02.08.2021 00:16:21.541,1.35438,1.3542,1,2.25
02.08.2021 00:16:26.393,1.35436,1.35419,1,1
02.08.2021 00:16:26.444,1.3543500000000002,1.35417,1,1.87
02.08.2021 00:16:26.545,1.35433,1.35415,1,1.87
02.08.2021 00:16:26.646,1.35429,1.3541200000000002,1,1
02.08.2021 00:16:26.696,1.35428,1.35409,1,3.12
02.08.2021 00:16:26.747,1.35428,1.35409,1,1.12
02.08.2021 00:16:26.898,1.35428,1.3541,1,1.87
02.08.2021 00:16:27.955,1.35429,1.3541,1,1
02.08.2021 00:16:28.115,1.35428,1.3541200000000002,1,1
02.08.2021 00:16:29.903,1.35429,1.35413,1,1
02.08.2021 00:16:31.036,1.3543,1.35415,1,1
02.08.2021 00:16:31.137,1.35434,1.35417,1,1
02.08.2021 00:16:36.338,1.35433,1.35415,1,1.12
02.08.2021 00:16:36.906,1.35433,1.35417,1,1
02.08.2021 00:16:43.724,1.35434,1.35418,1,1
02.08.2021 00:16:43.825,1.3543500000000002,1.3542,1,1
02.08.2021 00:16:51.086,1.35434,1.35418,1,1
02.08.2021 00:16:59.729,1.35434,1.35417,1,1
02.08.2021 00:17:02.978,1.3543100000000001,1.35416,1,1.5
02.08.2021 00:17:03.130,1.3543100000000001,1.3541400000000001,1,1
02.08.2021 00:17:07.424,1.3543,1.35416,1,1
02.08.2021 00:17:18.333,1.35433,1.35418,1.7,1
02.08.2021 00:17:18.691,1.35433,1.35418,1.7,1
02.08.2021 00:17:19.692,1.35434,1.35417,1.7,1
02.08.2021 00:17:53.801,1.35433,1.35418,1.12,1
02.08.2021 00:18:05.507,1.35434,1.3542,1.5,1
02.08.2021 00:18:06.796,1.35434,1.3542,1.12,1
02.08.2021 00:18:09.183,1.3544,1.35424,2.75,1
02.08.2021 00:18:09.284,1.3544100000000001,1.35427,1.5,1
02.08.2021 00:18:09.335,1.3544200000000002,1.35426,1,1
02.08.2021 00:18:09.436,1.35443,1.35429,1,1
02.08.2021 00:18:10.869,1.35444,1.3543,1,1
02.08.2021 00:18:10.920,1.35446,1.3543100000000001,1,1
02.08.2021 00:18:15.930,1.35448,1.3543200000000002,1,1
02.08.2021 00:18:28.712,1.3545,1.35434,1,1
02.08.2021 00:18:35.132,1.35449,1.3543200000000002,1,1
02.08.2021 00:18:36.921,1.3544500000000002,1.3543100000000001,1,1
02.08.2021 00:18:47.231,1.35446,1.3543200000000002,1,1
02.08.2021 00:18:47.518,1.35449,1.35433,1,1
02.08.2021 00:18:54.637,1.35448,1.3543200000000002,1.5,1
02.08.2021 00:18:59.221,1.35447,1.3543,1,1
02.08.2021 00:19:00.514,1.35444,1.3543,1,1
02.08.2021 00:19:09.625,1.35447,1.3543,1,1
02.08.2021 00:19:17.960,1.35448,1.3543200000000002,1,1
02.08.2021 00:19:18.222,1.35447,1.3543100000000001,1,1
02.08.2021 00:19:24.818,1.35444,1.3543,1,1
02.08.2021 00:19:26.703,1.35447,1.3543100000000001,1,1
02.08.2021 00:19:41.477,1.35448,1.35436,1,1
02.08.2021 00:19:41.528,1.3545,1.35436,1.12,1
02.08.2021 00:19:41.881,1.35451,1.35437,1.12,1
02.08.2021 00:19:43.961,1.3545200000000002,1.35438,1.12,1
02.08.2021 00:19:44.113,1.3545500000000001,1.3544,1,1
02.08.2021 00:19:44.274,1.35454,1.35438,1,1
02.08.2021 00:19:44.375,1.3545600000000002,1.3544200000000002,1,1
02.08.2021 00:19:50.874,1.35454,1.3544,1,1
02.08.2021 00:19:51.025,1.35453,1.35439,1,1
02.08.2021 00:19:51.133,1.35453,1.35437,1,1
02.08.2021 00:19:51.234,1.35451,1.3543500000000002,1,1
02.08.2021 00:19:52.342,1.3545,1.35434,1,1
02.08.2021 00:19:52.458,1.35447,1.35433,1,1
02.08.2021 00:19:52.992,1.3545,1.35434,1.5,1
02.08.2021 00:19:55.384,1.3545200000000002,1.35436,2.62,1
02.08.2021 00:19:58.182,1.3545200000000002,1.35438,1.12,1
02.08.2021 00:20:27.413,1.35453,1.35439,1,1
02.08.2021 00:20:27.680,1.35457,1.3544100000000001,2,1
02.08.2021 00:20:29.080,1.35457,1.3544100000000001,1.87,1
02.08.2021 00:20:44.112,1.35457,1.3544100000000001,2,1
02.08.2021 00:20:46.114,1.35457,1.3544100000000001,1.87,1
02.08.2021 00:20:47.403,1.35457,1.35443,1,1
02.08.2021 00:20:47.505,1.35459,1.3544500000000002,1.12,1
02.08.2021 00:20:47.656,1.35461,1.3544500000000002,1,1
02.08.2021 00:20:47.757,1.35464,1.35448,1.12,1
02.08.2021 00:20:48.159,1.35464,1.3545,1,1
02.08.2021 00:20:53.624,1.35464,1.35448,1,1
02.08.2021 00:21:00.623,1.3546200000000002,1.35447,1,1
02.08.2021 00:21:05.355,1.35463,1.35447,1,1
02.08.2021 00:21:11.030,1.35461,1.35446,1,1
02.08.2021 00:21:11.131,1.35461,1.35444,1,1
02.08.2021 00:21:11.317,1.3546,1.35443,1,1
02.08.2021 00:21:11.514,1.3546,1.3544100000000001,1,1.2
02.08.2021 00:21:11.792,1.35457,1.3544200000000002,1,1.2
02.08.2021 00:21:11.893,1.3545500000000001,1.3544100000000001,1,1.2
02.08.2021 00:21:12.344,1.35454,1.35438,1,1.12
02.08.2021 00:21:16.279,1.35453,1.3543500000000002,1,2.32
02.08.2021 00:21:16.380,1.35451,1.35436,1,1
02.08.2021 00:21:28.201,1.35449,1.35434,1,1.12
02.08.2021 00:21:51.463,1.35451,1.35433,1,1.12
02.08.2021 00:21:51.614,1.35451,1.35436,1,1
02.08.2021 00:21:52.270,1.35453,1.3543500000000002,1,1.5
02.08.2021 00:21:52.371,1.35453,1.35436,1,1
02.08.2021 00:21:57.303,1.35453,1.3543500000000002,1,1.12
02.08.2021 00:21:57.404,1.3545200000000002,1.3543500000000002,1,1.5
02.08.2021 00:21:59.709,1.3545,1.3543500000000002,1,1.5
02.08.2021 00:22:16.445,1.35453,1.3543500000000002,1,1
02.08.2021 00:22:21.136,1.3545200000000002,1.35437,1,1
02.08.2021 00:22:21.187,1.35457,1.3544,1,1
02.08.2021 00:22:21.633,1.35457,1.35439,1,1
02.08.2021 00:22:21.734,1.35457,1.3544200000000002,1,1
02.08.2021 00:22:25.622,1.3545600000000002,1.35439,1,3.82
02.08.2021 00:22:33.754,1.35458,1.3544100000000001,1,1
02.08.2021 00:22:37.988,1.35457,1.35439,1,1
02.08.2021 00:22:44.596,1.3545600000000002,1.35439,1,1
02.08.2021 00:22:45.909,1.35454,1.35438,1,1
02.08.2021 00:22:46.268,1.3545200000000002,1.35437,1,1
02.08.2021 00:22:50.580,1.35451,1.3543500000000002,1,1.12
02.08.2021 00:23:00.420,1.3545200000000002,1.35437,1,1
02.08.2021 00:23:22.506,1.35451,1.3543500000000002,1,1
02.08.2021 00:23:22.912,1.35451,1.3543200000000002,1,1.5
02.08.2021 00:23:31.999,1.35449,1.3543,1,1.5
02.08.2021 00:23:32.100,1.35446,1.3543,1,1.12
02.08.2021 00:23:32.201,1.3544500000000002,1.35428,1,1.1
02.08.2021 00:23:32.302,1.3544500000000002,1.35428,1,1
02.08.2021 00:23:37.839,1.35446,1.35428,1,1
02.08.2021 00:23:37.890,1.35448,1.35429,1,1
02.08.2021 00:23:50.756,1.35447,1.3543100000000001,1,1
02.08.2021 00:23:54.141,1.35447,1.3543,1,1.5
02.08.2021 00:23:54.633,1.35448,1.3543100000000001,1,1
02.08.2021 00:23:54.788,1.35448,1.35433,1,1
02.08.2021 00:23:55.159,1.3545,1.35434,1,1
02.08.2021 00:23:55.260,1.35451,1.35436,1,1
02.08.2021 00:23:55.424,1.3545,1.35434,1,1
02.08.2021 00:23:55.525,1.3545200000000002,1.35436,1,1
02.08.2021 00:23:56.558,1.35454,1.35437,1,1
02.08.2021 00:23:59.501,1.3545500000000001,1.35438,1,1
02.08.2021 00:23:59.602,1.3545600000000002,1.35439,1,1
02.08.2021 00:24:01.327,1.35457,1.3544100000000001,1,1
02.08.2021 00:24:01.428,1.35457,1.3544200000000002,1,1
02.08.2021 00:24:03.643,1.35457,1.3544,1,1
02.08.2021 00:24:04.013,1.35459,1.3544100000000001,1,1
02.08.2021 00:24:04.377,1.3546,1.35443,1,1
02.08.2021 00:24:04.734,1.35461,1.3544500000000002,1,1
02.08.2021 00:24:04.986,1.35464,1.3544500000000002,1,1
02.08.2021 00:24:06.583,1.3546600000000002,1.35449,1,1
02.08.2021 00:24:06.835,1.35464,1.35449,1,1
02.08.2021 00:24:09.745,1.35464,1.35448,1,1
02.08.2021 00:24:18.844,1.3546600000000002,1.35448,1,1
02.08.2021 00:24:18.945,1.3546600000000002,1.35449,1,1
02.08.2021 00:24:22.151,1.3546500000000001,1.35449,1,1
02.08.2021 00:24:22.252,1.3546500000000001,1.35447,1,1
02.08.2021 00:24:26.389,1.35463,1.3544500000000002,1,2
02.08.2021 00:24:26.540,1.3546200000000002,1.35444,1,1
02.08.2021 00:24:29.076,1.35461,1.35444,1,1.1
02.08.2021 00:24:41.990,1.3546200000000002,1.35444,1,1.75
02.08.2021 00:24:42.141,1.35463,1.35446,1,1
02.08.2021 00:24:48.249,1.3546200000000002,1.3544500000000002,1,1.7
02.08.2021 00:24:53.087,1.3546200000000002,1.3544500000000002,1,1
02.08.2021 00:24:58.442,1.35464,1.3544500000000002,1,1.57
02.08.2021 00:24:58.593,1.35463,1.35446,1,1.7
02.08.2021 00:24:58.695,1.35464,1.3544500000000002,1,1.57
02.08.2021 00:24:59.678,1.35464,1.3544500000000002,1,1.72
02.08.2021 00:25:02.540,1.3546200000000002,1.35446,1,1
02.08.2021 00:25:06.561,1.35461,1.35446,1,1
02.08.2021 00:25:09.088,1.3546200000000002,1.35444,1,1.1
02.08.2021 00:25:44.791,1.35461,1.35444,1,1.1
02.08.2021 00:25:57.020,1.35461,1.35444,1,1.1
02.08.2021 00:25:58.132,1.35463,1.35444,1,1.87
02.08.2021 00:26:01.867,1.3546200000000002,1.35443,1,1.57
02.08.2021 00:26:06.789,1.35463,1.35444,1,1.12
02.08.2021 00:26:06.890,1.3546200000000002,1.3544500000000002,1,1.6
02.08.2021 00:26:06.991,1.35464,1.3544500000000002,1,1.7
02.08.2021 00:26:07.092,1.3546600000000002,1.35448,1,1.5
02.08.2021 00:26:07.654,1.35463,1.35449,1,1
02.08.2021 00:26:07.755,1.3546600000000002,1.35448,1,1
02.08.2021 00:26:07.864,1.3546600000000002,1.35447,1,1.12
02.08.2021 00:26:08.383,1.3546500000000001,1.35448,1,1.5
02.08.2021 00:26:10.346,1.3546600000000002,1.3545,1,1
02.08.2021 00:26:13.666,1.35469,1.35453,1,1
02.08.2021 00:26:16.373,1.35471,1.3545500000000001,1,1
02.08.2021 00:26:16.474,1.3547200000000001,1.3545600000000002,1,1
02.08.2021 00:26:16.781,1.3547500000000001,1.35454,1,1.12
02.08.2021 00:26:17.617,1.3547200000000001,1.35454,1,1.5
02.08.2021 00:26:17.718,1.35473,1.3545500000000001,1,1.87
02.08.2021 00:26:19.952,1.35473,1.35453,1,2
02.08.2021 00:26:22.381,1.35473,1.3545600000000002,1,1
02.08.2021 00:26:22.532,1.35473,1.3545500000000001,1,1.95
02.08.2021 00:26:26.670,1.3547200000000001,1.3545500000000001,1,5.47
02.08.2021 00:26:26.779,1.35474,1.35459,1,1
02.08.2021 00:26:27.090,1.3547500000000001,1.3545600000000002,1,1.12
02.08.2021 00:26:28.468,1.3547500000000001,1.3545600000000002,1,2.07
02.08.2021 00:26:28.670,1.35474,1.35457,1,1.95
02.08.2021 00:26:28.935,1.35474,1.3545600000000002,1,1.12
02.08.2021 00:26:48.136,1.3547200000000001,1.35457,1,1.12
02.08.2021 00:26:49.574,1.35474,1.3545600000000002,1,1.12
02.08.2021 00:26:49.725,1.35478,1.35458,1,1
02.08.2021 00:26:51.596,1.3547500000000001,1.35457,1,1.12
02.08.2021 00:26:51.697,1.3547600000000002,1.35457,1,1.12
02.08.2021 00:26:54.495,1.3547500000000001,1.35459,1,1
02.08.2021 00:26:55.461,1.35477,1.35459,1,1.57
02.08.2021 00:26:55.512,1.3548,1.35461,1,1
02.08.2021 00:26:56.450,1.35477,1.35461,1,1
02.08.2021 00:26:56.501,1.3547600000000002,1.3546,1,1
02.08.2021 00:26:56.602,1.35478,1.35459,1,1
02.08.2021 00:26:58.718,1.35477,1.35461,1,1
02.08.2021 00:26:59.510,1.35478,1.3546,1,1.5
02.08.2021 00:27:00.161,1.3547500000000001,1.35459,1,1.5
02.08.2021 00:27:00.262,1.3547500000000001,1.35459,1,1.12
02.08.2021 00:27:02.655,1.3547500000000001,1.3545600000000002,1,3.22
02.08.2021 00:27:03.478,1.35474,1.3545500000000001,1,2.45
02.08.2021 00:27:16.301,1.3547200000000001,1.3545500000000001,1,1.7
02.08.2021 00:27:31.156,1.3547500000000001,1.35454,1,1.6
02.08.2021 00:27:31.457,1.3547200000000001,1.35454,1,1.6
02.08.2021 00:27:45.198,1.35471,1.3545500000000001,1,1.6
02.08.2021 00:28:11.957,1.3547,1.35454,1,2.37
02.08.2021 00:28:16.088,1.3547,1.35454,1,1
02.08.2021 00:28:24.088,1.35471,1.35453,1,1
02.08.2021 00:28:31.760,1.35471,1.35453,1,2.37
02.08.2021 00:28:39.598,1.3547,1.35454,1,2.37
02.08.2021 00:28:47.087,1.35471,1.35453,1,2.37
02.08.2021 00:28:52.967,1.35469,1.35454,1,1.12
02.08.2021 00:28:53.249,1.3546799999999999,1.35454,1,1
02.08.2021 00:28:53.300,1.35464,1.35453,1,1
02.08.2021 00:28:53.452,1.35464,1.35451,1,1
02.08.2021 00:28:54.404,1.35463,1.35451,1,1
02.08.2021 00:28:54.505,1.35464,1.35444,1,1.1
02.08.2021 00:28:55.261,1.35463,1.3544500000000002,1,1.1
02.08.2021 00:28:59.720,1.3546200000000002,1.35444,1,1.1
02.08.2021 00:29:03.088,1.35461,1.3544500000000002,1,1.1
02.08.2021 00:29:26.120,1.35461,1.3544500000000002,1,1
02.08.2021 00:29:30.033,1.35461,1.35444,1,1
02.08.2021 00:29:53.457,1.3546200000000002,1.35444,1,2.45
02.08.2021 00:29:57.610,1.3546200000000002,1.35444,1,3.95
02.08.2021 00:30:01.620,1.3546200000000002,1.35443,1,2.45
02.08.2021 00:30:15.369,1.35463,1.35447,1,1
02.08.2021 00:30:44.088,1.35464,1.35446,1,1
02.08.2021 00:30:51.293,1.35463,1.35446,1,1.62
02.08.2021 00:30:56.723,1.35463,1.35448,1,1
02.08.2021 00:30:57.166,1.3546600000000002,1.35448,1,1
02.08.2021 00:30:57.217,1.3546600000000002,1.35459,1,1
02.08.2021 00:30:57.268,1.3547500000000001,1.35458,1,1
02.08.2021 00:30:57.369,1.35479,1.35461,1.12,1
02.08.2021 00:30:57.469,1.3548200000000001,1.3546200000000002,1,1
02.08.2021 00:31:00.083,1.3548200000000001,1.3546,1,2.32
02.08.2021 00:31:00.184,1.35484,1.3546,1,1.57
02.08.2021 00:31:01.332,1.35479,1.35461,1,1.1
02.08.2021 00:31:01.446,1.35479,1.3546,1,1.2
02.08.2021 00:31:08.172,1.35478,1.35459,1,1.62
02.08.2021 00:31:08.324,1.35479,1.35458,1,1.5
02.08.2021 00:31:15.023,1.35478,1.35458,1,1.5
02.08.2021 00:31:22.225,1.3547600000000002,1.35457,1,1.6
02.08.2021 00:31:23.138,1.3547600000000002,1.35457,1,1.5
02.08.2021 00:31:42.282,1.3547500000000001,1.35458,1,1
02.08.2021 00:31:42.582,1.3547600000000002,1.35457,1,1
02.08.2021 00:31:58.906,1.35474,1.35457,1,1
02.08.2021 00:31:59.208,1.3547600000000002,1.35457,1,1
02.08.2021 00:32:00.367,1.35479,1.35458,1,1.1
02.08.2021 00:32:00.468,1.35479,1.35459,1,1.1
02.08.2021 00:32:00.681,1.35479,1.3546,1,1.1
02.08.2021 00:32:01.361,1.35479,1.3546,1,1.72
02.08.2021 00:32:01.412,1.35478,1.3546200000000002,1,1.5
02.08.2021 00:32:01.514,1.35484,1.3546200000000002,1,2.7
02.08.2021 00:32:01.615,1.35483,1.35463,1,1.6
02.08.2021 00:32:01.818,1.35484,1.3546200000000002,1,1.6
02.08.2021 00:32:01.869,1.3548200000000001,1.35464,1,1
02.08.2021 00:32:01.970,1.3548600000000002,1.35464,1,1.57
02.08.2021 00:32:02.071,1.3548600000000002,1.35464,1,1.89
02.08.2021 00:32:02.223,1.35484,1.35464,1,1.1
02.08.2021 00:32:02.324,1.3548600000000002,1.3546600000000002,1,1.5
02.08.2021 00:32:02.787,1.3548200000000001,1.3546600000000002,1,1.1
02.08.2021 00:32:04.087,1.35485,1.3546500000000001,1,1.1
02.08.2021 00:32:04.188,1.35488,1.3546500000000001,1,1.6
02.08.2021 00:32:04.239,1.35484,1.3546500000000001,1,1.72
02.08.2021 00:32:04.340,1.35484,1.3546500000000001,1,1.1
02.08.2021 00:32:06.355,1.3548200000000001,1.3546600000000002,1,1
02.08.2021 00:32:08.679,1.35483,1.3546600000000002,1,1
02.08.2021 00:32:10.088,1.35483,1.3546600000000002,1,1
02.08.2021 00:32:10.471,1.35483,1.3546600000000002,1,1
02.08.2021 00:32:10.624,1.3548600000000002,1.3546500000000001,1,1.1
02.08.2021 00:32:10.675,1.35485,1.35469,1,1
02.08.2021 00:32:10.776,1.35488,1.35469,1,1
02.08.2021 00:32:11.141,1.35488,1.35469,1,1.22
02.08.2021 00:32:12.284,1.35488,1.35469,1,1.22
02.08.2021 00:32:12.385,1.35488,1.35469,1,1.2
02.08.2021 00:32:12.547,1.35488,1.3547,1,1
02.08.2021 00:32:12.895,1.35488,1.3547200000000001,1,1
02.08.2021 00:32:14.470,1.35488,1.35473,1,1
02.08.2021 00:32:16.238,1.35488,1.3547,1,1
02.08.2021 00:32:16.339,1.35489,1.35471,1,1.12
02.08.2021 00:32:16.882,1.3548600000000002,1.35471,1,1
02.08.2021 00:32:17.083,1.3548700000000002,1.3546799999999999,1,1
02.08.2021 00:32:18.088,1.3548600000000002,1.3546799999999999,1,1
02.08.2021 00:32:19.587,1.3548,1.3546799999999999,1,1
02.08.2021 00:32:19.688,1.35481,1.3546600000000002,1,1
02.08.2021 00:32:19.960,1.35478,1.35467,1,1
02.08.2021 00:32:20.061,1.35478,1.3546200000000002,1,1
02.08.2021 00:32:20.162,1.35478,1.35461,1,1.25
02.08.2021 00:32:20.263,1.35477,1.3546200000000002,1,1
02.08.2021 00:32:20.364,1.3547600000000002,1.3546200000000002,1,1
02.08.2021 00:32:21.887,1.35477,1.35461,1,1.62
02.08.2021 00:32:24.672,1.35477,1.3546,1,1.1
02.08.2021 00:32:25.229,1.35478,1.3546,1,1.62
02.08.2021 00:32:25.361,1.35478,1.3546,1,1.87
02.08.2021 00:32:25.462,1.35477,1.3546,1,1
02.08.2021 00:32:25.848,1.3547600000000002,1.3546,1,1.1
02.08.2021 00:32:25.962,1.3548,1.3546,1,1
02.08.2021 00:32:26.912,1.35478,1.35459,1,1
02.08.2021 00:32:29.013,1.3547500000000001,1.3546,1,1
02.08.2021 00:32:33.059,1.35474,1.35457,1,1
02.08.2021 00:32:33.160,1.35473,1.35457,1,2.62
02.08.2021 00:32:38.666,1.35474,1.3545600000000002,1,1.62
02.08.2021 00:32:38.782,1.35473,1.3545600000000002,1,1
02.08.2021 00:32:38.939,1.3547200000000001,1.35457,1,1
02.08.2021 00:32:39.040,1.3547,1.3545600000000002,1,1
02.08.2021 00:32:39.141,1.3547,1.3545500000000001,1,1
02.08.2021 00:32:39.242,1.35474,1.3545500000000001,1,1
02.08.2021 00:32:39.393,1.3547200000000001,1.3545500000000001,1,1
02.08.2021 00:32:39.984,1.35473,1.3545500000000001,1,1
02.08.2021 00:32:40.475,1.35471,1.3545600000000002,1,1.12
02.08.2021 00:32:41.143,1.35473,1.35454,1,1.7
02.08.2021 00:32:41.318,1.3547600000000002,1.3545500000000001,1,1.12
02.08.2021 00:32:41.620,1.3547500000000001,1.3545600000000002,1,1.6
02.08.2021 00:32:41.771,1.3547600000000002,1.3545500000000001,1,2.07
02.08.2021 00:32:41.973,1.35473,1.3545500000000001,1,1.72
02.08.2021 00:32:43.588,1.35478,1.35458,1,1
02.08.2021 00:32:43.867,1.3547600000000002,1.35458,1,1.7
02.08.2021 00:32:46.571,1.35477,1.35458,1,1.6
02.08.2021 00:32:50.506,1.35477,1.35459,1,1.7
02.08.2021 00:32:52.087,1.3547600000000002,1.3546,1,1.5
02.08.2021 00:32:54.276,1.3547600000000002,1.35459,1,1
02.08.2021 00:32:54.890,1.3547500000000001,1.3546,1,1
02.08.2021 00:32:54.941,1.35479,1.35463,1,1
02.08.2021 00:32:55.198,1.35481,1.3547200000000001,1,1.5
02.08.2021 00:32:55.299,1.3548200000000001,1.3547200000000001,1,1
02.08.2021 00:32:55.401,1.35481,1.35467,1,3.19
02.08.2021 00:32:55.502,1.35485,1.3546600000000002,1,2.94
02.08.2021 00:32:55.603,1.35484,1.3546600000000002,1,1
02.08.2021 00:32:56.836,1.35483,1.35467,1,1.5
02.08.2021 00:32:56.937,1.35484,1.3546600000000002,1,1.5
02.08.2021 00:32:59.588,1.35488,1.35467,1,1.12
02.08.2021 00:32:59.638,1.35488,1.3547,1,1
02.08.2021 00:32:59.739,1.35488,1.3547,1,1.5
02.08.2021 00:33:00.239,1.35488,1.3546799999999999,1,1.6
02.08.2021 00:33:00.340,1.3548,1.3546600000000002,1,1.12
02.08.2021 00:33:00.391,1.3548200000000001,1.3546600000000002,1,1
02.08.2021 00:33:00.546,1.35481,1.35464,1,2.47
02.08.2021 00:33:00.597,1.35485,1.3546799999999999,1,1
02.08.2021 00:33:00.647,1.3548700000000002,1.3547,1,1
02.08.2021 00:33:01.006,1.35483,1.35467,1,1.1
02.08.2021 00:33:01.107,1.3548600000000002,1.35467,1,1
02.08.2021 00:33:01.258,1.35483,1.3546500000000001,1,1.1
02.08.2021 00:33:01.359,1.35484,1.35464,1,1.1
02.08.2021 00:33:02.708,1.35484,1.3546500000000001,1,1
02.08.2021 00:33:15.878,1.35481,1.3546500000000001,1,1.5
02.08.2021 00:33:15.979,1.3548200000000001,1.35464,1,1
02.08.2021 00:33:16.203,1.35479,1.3546500000000001,1,1
02.08.2021 00:33:16.354,1.35479,1.35464,1,1
02.08.2021 00:33:16.455,1.35477,1.3546500000000001,1,1
02.08.2021 00:33:16.607,1.35477,1.35464,1,1
02.08.2021 00:33:16.944,1.3547600000000002,1.35458,1,1.1
02.08.2021 00:33:17.064,1.35478,1.35457,1,1.6
02.08.2021 00:33:17.312,1.3547600000000002,1.35458,1,1.1
02.08.2021 00:33:17.611,1.35479,1.35457,1,1.5
02.08.2021 00:33:20.525,1.3547600000000002,1.35457,1,2.45
02.08.2021 00:33:28.088,1.35477,1.35457,1,1.6
02.08.2021 00:33:30.163,1.3547600000000002,1.35457,1,1.6
02.08.2021 00:33:34.232,1.3547600000000002,1.35458,1,1.6
02.08.2021 00:33:43.588,1.3547600000000002,1.35457,1,1.72
02.08.2021 00:33:44.902,1.3547600000000002,1.3545600000000002,1,1.72
02.08.2021 00:33:47.392,1.35474,1.35457,1,1.6
02.08.2021 00:33:47.655,1.3547500000000001,1.3545600000000002,1,1.12
02.08.2021 00:33:47.756,1.35474,1.3545600000000002,1,1.12
02.08.2021 00:33:48.009,1.3547,1.35457,1,1
02.08.2021 00:33:48.564,1.35469,1.3545600000000002,1,1
02.08.2021 00:33:48.666,1.3546600000000002,1.35457,1,1
02.08.2021 00:33:49.026,1.35467,1.35451,1,1
02.08.2021 00:33:49.253,1.3546600000000002,1.3545,1,1.1
02.08.2021 00:33:57.944,1.35464,1.3545200000000002,1,1.12
02.08.2021 00:33:58.237,1.3546600000000002,1.35451,1,1
02.08.2021 00:33:58.377,1.35463,1.3545200000000002,1,1
02.08.2021 00:33:58.629,1.35463,1.35448,1,1.12
02.08.2021 00:33:58.680,1.3546,1.35448,1,1
02.08.2021 00:33:59.041,1.3546,1.3544500000000002,1,1
02.08.2021 00:34:09.047,1.35461,1.35444,1,1.12
02.08.2021 00:34:10.258,1.3546,1.35444,1,1
02.08.2021 00:34:10.475,1.35461,1.35443,1,1
02.08.2021 00:34:10.581,1.3546,1.3544200000000002,1,1
02.08.2021 00:34:10.735,1.3546,1.3544200000000002,1,1.62
02.08.2021 00:34:11.090,1.35459,1.3544100000000001,1,1.62
02.08.2021 00:34:14.655,1.35458,1.3544,1,1.5
02.08.2021 00:34:14.856,1.3545600000000002,1.3544,1,1.5
02.08.2021 00:34:22.588,1.35457,1.35437,1,1.7
02.08.2021 00:34:30.777,1.3545600000000002,1.3544,1,1
02.08.2021 00:34:46.088,1.35457,1.35437,1,1.1
02.08.2021 00:34:58.940,1.3545500000000001,1.35437,1,2.75
02.08.2021 00:34:59.041,1.35457,1.35437,1,2.75
02.08.2021 00:34:59.192,1.3545600000000002,1.35437,1,2.75
02.08.2021 00:34:59.293,1.3545600000000002,1.35438,1,1.12
02.08.2021 00:35:00.296,1.35454,1.35438,1,1.12
02.08.2021 00:35:11.431,1.3545500000000001,1.35437,1,1.5
02.08.2021 00:35:11.532,1.3545600000000002,1.35437,1,1.6
02.08.2021 00:35:11.582,1.35459,1.3544,1,1
02.08.2021 00:35:11.734,1.35457,1.35438,1,3.97
02.08.2021 00:35:13.591,1.35458,1.3544,1,1.62
02.08.2021 00:35:14.143,1.35461,1.35443,1,1
02.08.2021 00:35:14.464,1.35461,1.35443,1,1.6
02.08.2021 00:35:15.177,1.35461,1.3544,1,3.97
02.08.2021 00:35:17.714,1.3546,1.3544200000000002,1,2.1
02.08.2021 00:35:17.927,1.3546200000000002,1.3544200000000002,1,1.2
02.08.2021 00:35:18.610,1.3546,1.3544100000000001,1,3.6
02.08.2021 00:35:18.761,1.3546200000000002,1.35439,1,1.6
02.08.2021 00:35:18.912,1.35458,1.35439,1,2.1
02.08.2021 00:35:19.013,1.35459,1.3544,1,1.6
02.08.2021 00:35:19.114,1.35461,1.35438,1,2.85
02.08.2021 00:35:19.215,1.35458,1.35439,1,2.85
02.08.2021 00:35:19.366,1.35458,1.35438,1,2.07
02.08.2021 00:35:21.807,1.35457,1.35438,1,2.85
02.08.2021 00:35:23.329,1.35459,1.3544100000000001,1,1.12
02.08.2021 00:35:24.124,1.3546,1.3544200000000002,1,1
02.08.2021 00:35:24.570,1.3546,1.3544,1,1.2
02.08.2021 00:35:24.721,1.35459,1.3544,1,2.85
02.08.2021 00:35:24.872,1.35459,1.35437,1,1
02.08.2021 00:35:24.922,1.35457,1.35437,1,2
02.08.2021 00:35:26.075,1.35458,1.35437,1,1.5
02.08.2021 00:35:26.176,1.35457,1.35436,1,2.07
02.08.2021 00:35:35.425,1.3545500000000001,1.35437,1,2
02.08.2021 00:35:35.656,1.35457,1.35436,1,2
02.08.2021 00:35:35.990,1.3545600000000002,1.3543500000000002,1,4.32
02.08.2021 00:35:48.588,1.3545500000000001,1.35436,1,2.82
02.08.2021 00:35:50.686,1.3545600000000002,1.35437,1,1.5
02.08.2021 00:35:54.436,1.3545600000000002,1.3543500000000002,1,3.57
02.08.2021 00:36:03.756,1.35454,1.3543500000000002,1,1.6
02.08.2021 00:36:09.842,1.35454,1.35433,1,1.6
02.08.2021 00:36:12.088,1.35453,1.35434,1,1.6
02.08.2021 00:36:13.628,1.3545200000000002,1.35433,1,1.5
02.08.2021 00:36:13.780,1.3545,1.35434,1,1
02.08.2021 00:36:14.615,1.3545200000000002,1.35433,1,1
02.08.2021 00:36:19.588,1.3545200000000002,1.35433,1,1.12
02.08.2021 00:36:25.576,1.3545,1.35433,1,1.12
02.08.2021 00:36:30.935,1.3545,1.3543,1,1.62
02.08.2021 00:36:31.036,1.35449,1.35429,1,1.1
02.08.2021 00:36:31.187,1.35449,1.35428,1,1.1
02.08.2021 00:36:31.305,1.35448,1.35428,1,1
02.08.2021 00:36:31.406,1.35448,1.35428,1,1
02.08.2021 00:36:31.516,1.35448,1.35428,1,1.5
02.08.2021 00:36:37.516,1.3545,1.3543100000000001,1,1.57
02.08.2021 00:36:37.617,1.35451,1.3543,1,1.6
02.08.2021 00:36:37.668,1.3545,1.3543100000000001,1,1.72
02.08.2021 00:36:48.639,1.3545200000000002,1.35434,1,1.12
02.08.2021 00:36:48.740,1.3545200000000002,1.35433,1,1.12
02.08.2021 00:36:48.962,1.3545200000000002,1.35433,1,2.82
02.08.2021 00:36:49.013,1.35453,1.3543200000000002,1,2.85
02.08.2021 00:36:49.562,1.35453,1.3543500000000002,1,1
02.08.2021 00:36:50.589,1.35454,1.35436,1,1.5
02.08.2021 00:36:51.312,1.35457,1.35438,1,1
02.08.2021 00:36:51.464,1.3545500000000001,1.35436,1,1.1
02.08.2021 00:36:51.565,1.3545500000000001,1.35437,1,1
02.08.2021 00:36:51.725,1.3545600000000002,1.35438,1,1
02.08.2021 00:36:52.652,1.3545500000000001,1.35438,1,1
02.08.2021 00:36:53.222,1.3545600000000002,1.35437,1,1
02.08.2021 00:37:20.328,1.3545500000000001,1.35437,1,1.6
02.08.2021 00:37:22.941,1.35454,1.35436,1,1.6
02.08.2021 00:37:23.252,1.3545600000000002,1.35436,1,2
02.08.2021 00:37:23.768,1.35453,1.35437,1,1.5
02.08.2021 00:37:30.240,1.35453,1.3543500000000002,1,1.6
02.08.2021 00:37:33.369,1.35453,1.3543200000000002,1,1.6
02.08.2021 00:37:33.533,1.35451,1.35436,1,1
02.08.2021 00:37:33.634,1.35451,1.35433,1,1.5
02.08.2021 00:37:34.391,1.3545,1.35434,1,1
02.08.2021 00:37:35.331,1.3545,1.35433,1,1.5
02.08.2021 00:37:45.334,1.35451,1.35434,1,1.87
02.08.2021 00:37:45.780,1.35454,1.3543500000000002,1,1
02.08.2021 00:37:45.881,1.35454,1.35434,1,1.6
02.08.2021 00:37:49.050,1.35454,1.35434,1,1
02.08.2021 00:37:54.291,1.3545200000000002,1.3543500000000002,1,1
02.08.2021 00:37:57.199,1.35453,1.35433,1,1.1
02.08.2021 00:38:09.019,1.35451,1.35433,1,1
02.08.2021 00:38:09.125,1.3545,1.35433,1,1
02.08.2021 00:38:10.144,1.3545,1.3543,1,1.5
02.08.2021 00:38:10.527,1.35449,1.3543100000000001,1,1
02.08.2021 00:38:11.009,1.35449,1.35429,1,1.2
02.08.2021 00:38:15.403,1.35448,1.35429,1,1.2
02.08.2021 00:38:15.504,1.35448,1.35427,1,2.07
02.08.2021 00:38:15.911,1.35446,1.35427,1,1.5
02.08.2021 00:38:16.012,1.35446,1.35427,1,1
02.08.2021 00:38:16.213,1.35446,1.35427,1,1
02.08.2021 00:38:16.596,1.35446,1.35426,1,1
02.08.2021 00:38:16.970,1.3544500000000002,1.35426,1,2.07
02.08.2021 00:38:17.828,1.35444,1.3542500000000002,1,1.62
02.08.2021 00:38:23.230,1.3544200000000002,1.3542500000000002,1,1.62
02.08.2021 00:38:23.280,1.35443,1.35423,1,2
02.08.2021 00:38:23.679,1.3544100000000001,1.35423,1,1.5
02.08.2021 00:38:24.377,1.3544,1.3542200000000002,1,1
02.08.2021 00:38:24.706,1.3544,1.3542,1,1.5
02.08.2021 00:38:26.459,1.35439,1.3542,1,2.07
02.08.2021 00:38:27.776,1.3544100000000001,1.3542,1,1.12
02.08.2021 00:38:28.285,1.3544100000000001,1.3542,1,1.5
02.08.2021 00:38:32.230,1.3544100000000001,1.3542,1,1.87
02.08.2021 00:38:40.892,1.3544,1.3542,1,1.12
02.08.2021 00:38:44.917,1.3544,1.35419,1,1.87
02.08.2021 00:38:45.376,1.35438,1.3542,1,1.5
02.08.2021 00:39:18.228,1.3544,1.3542,1,1
02.08.2021 00:39:18.328,1.3544100000000001,1.35423,1,1
02.08.2021 00:39:18.955,1.3544100000000001,1.3542100000000001,1,1
02.08.2021 00:39:20.575,1.3544100000000001,1.3542200000000002,1,1.5
02.08.2021 00:39:21.218,1.3544100000000001,1.35423,1,1
02.08.2021 00:39:21.319,1.3544100000000001,1.3542200000000002,1,1.12
02.08.2021 00:39:22.108,1.3544200000000002,1.35426,1,1
02.08.2021 00:39:22.466,1.35443,1.35426,1,1
02.08.2021 00:39:22.567,1.35444,1.35427,1,1.87
02.08.2021 00:39:22.718,1.35446,1.35428,1,1
02.08.2021 00:39:25.058,1.3544500000000002,1.35429,1,1.5
02.08.2021 00:39:26.233,1.35446,1.35428,1,1.12
02.08.2021 00:39:28.995,1.35446,1.35428,1,1.5
02.08.2021 00:39:30.057,1.35446,1.35428,1,1.62
02.08.2021 00:39:31.019,1.35446,1.35428,1,1.5
02.08.2021 00:39:32.019,1.3544500000000002,1.35429,1,1.62
02.08.2021 00:39:33.025,1.35446,1.35428,1,1.5
02.08.2021 00:39:33.811,1.35446,1.35428,1,1
02.08.2021 00:39:35.346,1.35447,1.35428,1,1
02.08.2021 00:39:44.095,1.3544500000000002,1.35426,1,1.6
02.08.2021 00:39:47.120,1.3544500000000002,1.35427,1,1
02.08.2021 00:39:53.211,1.35444,1.35428,1,1
02.08.2021 00:39:53.768,1.35444,1.35427,1,1
02.08.2021 00:40:08.751,1.3544200000000002,1.35426,1,2
02.08.2021 00:40:08.852,1.3544100000000001,1.35426,1,1
02.08.2021 00:40:09.307,1.3544100000000001,1.35424,1,1
02.08.2021 00:40:09.654,1.3544200000000002,1.3542100000000001,1,2
02.08.2021 00:40:13.588,1.3544100000000001,1.3542200000000002,1,2.82
02.08.2021 00:40:15.186,1.3544200000000002,1.3542100000000001,1,1.5
02.08.2021 00:40:29.708,1.3544200000000002,1.35423,1,1
02.08.2021 00:40:30.230,1.3544200000000002,1.35426,1,1.5
02.08.2021 00:40:30.661,1.35443,1.35426,1,1.5
02.08.2021 00:40:30.762,1.35443,1.35427,1,1
02.08.2021 00:40:42.660,1.35444,1.3542500000000002,1,1.5
02.08.2021 00:40:44.769,1.3544100000000001,1.35426,1,1.12
02.08.2021 00:40:45.088,1.3544100000000001,1.35423,1,1
02.08.2021 00:40:46.731,1.3544200000000002,1.3542,1,2
02.08.2021 00:40:46.893,1.3544100000000001,1.3542100000000001,1,1.5
02.08.2021 00:40:47.240,1.3544100000000001,1.3542100000000001,1,1
02.08.2021 00:40:48.149,1.3544,1.3542100000000001,1,1.12
02.08.2021 00:41:00.273,1.3544100000000001,1.3542,1,1.57
02.08.2021 00:41:00.742,1.3544100000000001,1.3542,1,1.7
02.08.2021 00:41:07.030,1.3544,1.3542100000000001,1,1.12
02.08.2021 00:41:43.833,1.35438,1.35419,1,1.7
02.08.2021 00:41:43.934,1.35439,1.35418,1,1.12
02.08.2021 00:41:53.207,1.35439,1.3542200000000002,1,1
02.08.2021 00:41:53.258,1.3544,1.35419,1,1
02.08.2021 00:41:53.550,1.3544,1.3542100000000001,1,1
02.08.2021 00:41:54.554,1.35439,1.3542,1,1.5
02.08.2021 00:41:56.614,1.35438,1.3542,1,1
02.08.2021 00:41:56.900,1.35438,1.35419,1,1.5
02.08.2021 00:41:58.475,1.35439,1.3542200000000002,1,1
02.08.2021 00:41:58.526,1.35438,1.3542,1,1
02.08.2021 00:42:00.700,1.35439,1.3542100000000001,1,1
02.08.2021 00:42:00.965,1.3544,1.3542200000000002,1,1
02.08.2021 00:42:01.116,1.35439,1.3542,1,1.5
02.08.2021 00:42:02.183,1.3544,1.3542,1,1
02.08.2021 00:42:02.234,1.3544,1.35423,1,1
02.08.2021 00:42:02.446,1.3544,1.35424,1,1
02.08.2021 00:42:02.958,1.3544100000000001,1.3542100000000001,1,1.12
02.08.2021 00:42:06.568,1.3544,1.35423,1,1
02.08.2021 00:42:20.476,1.3544100000000001,1.3542100000000001,1,1
02.08.2021 00:43:23.641,1.3544200000000002,1.3542100000000001,1,1.5
02.08.2021 00:43:25.918,1.3544200000000002,1.35423,1,1
02.08.2021 00:43:26.019,1.35443,1.35424,1,1
02.08.2021 00:43:26.423,1.35443,1.35426,1,1
02.08.2021 00:43:26.524,1.3544500000000002,1.35428,1,1
02.08.2021 00:44:45.815,1.35444,1.35426,1,3.75
02.08.2021 00:44:46.071,1.35444,1.3542500000000002,1,1.12
02.08.2021 00:44:47.117,1.3544200000000002,1.35426,1,1
02.08.2021 00:44:47.269,1.35443,1.35423,1,1.12
02.08.2021 00:45:10.968,1.3544,1.3542200000000002,1,1.5
02.08.2021 00:45:11.069,1.3543200000000002,1.3542,1,1.12
02.08.2021 00:45:11.270,1.3543100000000001,1.3542,1,1
02.08.2021 00:45:11.384,1.3543,1.35419,1,1
02.08.2021 00:45:11.485,1.35429,1.35419,1,1
02.08.2021 00:45:12.184,1.35429,1.3541400000000001,1,1
02.08.2021 00:45:12.868,1.3543,1.3541400000000001,1,1.5
02.08.2021 00:45:13.071,1.35429,1.3541400000000001,1,1
02.08.2021 00:45:13.197,1.3543100000000001,1.35413,1,1.5
02.08.2021 00:45:14.222,1.3543100000000001,1.35415,1,1
02.08.2021 00:45:15.810,1.3543200000000002,1.35415,1,1
02.08.2021 00:45:15.911,1.3543200000000002,1.35417,1,1
02.08.2021 00:45:16.432,1.35433,1.35417,1,1
02.08.2021 00:45:20.120,1.3543500000000002,1.35418,1,1
02.08.2021 00:45:20.322,1.35436,1.3542200000000002,1,1
02.08.2021 00:45:20.797,1.35438,1.35424,1,1
02.08.2021 00:45:22.905,1.3544100000000001,1.35426,1,1
02.08.2021 00:45:22.955,1.3544200000000002,1.35428,1,1
02.08.2021 00:45:23.157,1.35443,1.35428,1,1
02.08.2021 00:45:23.258,1.35444,1.3543,1,1
02.08.2021 00:45:29.736,1.35443,1.35427,1,1
02.08.2021 00:45:29.837,1.3544500000000002,1.35429,1,1
02.08.2021 00:45:30.417,1.35449,1.35433,1,1
02.08.2021 00:45:30.518,1.35447,1.3543,1,1
02.08.2021 00:45:30.633,1.35448,1.35433,1,1
02.08.2021 00:45:30.855,1.35449,1.3543100000000001,1,1
02.08.2021 00:45:31.156,1.35447,1.35429,1,1.5
02.08.2021 00:45:32.339,1.35447,1.3543,1,1
02.08.2021 00:45:36.388,1.35447,1.3543200000000002,1,1
02.08.2021 00:45:37.640,1.35444,1.3543200000000002,1,1
02.08.2021 00:45:37.791,1.35443,1.3543100000000001,1,1
02.08.2021 00:45:37.842,1.3544200000000002,1.35428,1,1
02.08.2021 00:45:38.420,1.3544200000000002,1.35424,1,1.87
02.08.2021 00:45:46.768,1.35443,1.35424,1,1
02.08.2021 00:45:51.300,1.35439,1.3542500000000002,1,1
02.08.2021 00:45:51.682,1.35438,1.3542500000000002,1,1
02.08.2021 00:45:51.961,1.35437,1.3542500000000002,1,1
02.08.2021 00:45:52.062,1.35436,1.35424,1,1
02.08.2021 00:45:52.260,1.3543500000000002,1.35424,1,1
02.08.2021 00:45:52.834,1.35436,1.3542,1,1
02.08.2021 00:45:52.916,1.3543500000000002,1.35417,1,1.5
02.08.2021 00:45:54.947,1.35437,1.3542,1,1
02.08.2021 00:45:55.603,1.35438,1.3542100000000001,1,1
02.08.2021 00:45:55.754,1.35439,1.3542200000000002,1,1
02.08.2021 00:45:55.906,1.3544,1.3542,1,1.2
02.08.2021 00:45:57.089,1.35439,1.3542100000000001,1,2.07
02.08.2021 00:45:57.480,1.35438,1.3542100000000001,1,1.5
02.08.2021 00:45:57.581,1.35438,1.3542100000000001,1,1
02.08.2021 00:45:57.845,1.35437,1.3542100000000001,1,1
02.08.2021 00:45:58.699,1.35438,1.35419,1,1.12
02.08.2021 00:46:09.130,1.35439,1.35419,1,1.5
02.08.2021 00:46:09.231,1.35439,1.35419,1,2
02.08.2021 00:46:12.589,1.35438,1.3542,1,1.5
02.08.2021 00:46:17.226,1.35437,1.3542,1,1
02.08.2021 00:46:18.746,1.35438,1.35418,1,1.12
02.08.2021 00:46:22.675,1.35437,1.35417,1,1.5
02.08.2021 00:46:22.776,1.35438,1.35417,1,1
02.08.2021 00:46:22.877,1.35434,1.35418,1,1
02.08.2021 00:46:23.078,1.3543200000000002,1.35418,1,1
02.08.2021 00:46:23.330,1.35433,1.35418,1,1
02.08.2021 00:46:23.431,1.3543100000000001,1.35418,1,1
02.08.2021 00:46:23.861,1.35429,1.35415,1,1
02.08.2021 00:46:24.286,1.35427,1.35415,1,1
02.08.2021 00:46:24.579,1.35427,1.3541200000000002,1,1
02.08.2021 00:46:31.575,1.3543,1.3541200000000002,1,1
02.08.2021 00:46:32.604,1.35428,1.3541100000000001,1,1
02.08.2021 00:46:36.814,1.3543,1.35413,1,1
02.08.2021 00:46:39.308,1.3543,1.35416,1,1
02.08.2021 00:46:39.585,1.3543200000000002,1.35417,1,1
02.08.2021 00:46:39.686,1.35434,1.35418,1,1
02.08.2021 00:46:52.924,1.3543100000000001,1.3541400000000001,1,2.25
02.08.2021 00:46:53.025,1.3543200000000002,1.3541400000000001,1,1
02.08.2021 00:46:53.614,1.35434,1.35415,1,1
02.08.2021 00:46:54.114,1.35434,1.35418,1,1
02.08.2021 00:46:54.517,1.35438,1.3542200000000002,1,1
02.08.2021 00:46:54.618,1.35436,1.3542100000000001,1,1
02.08.2021 00:46:55.394,1.35437,1.3542200000000002,1,1
02.08.2021 00:46:56.195,1.35438,1.3542200000000002,1,1.12
02.08.2021 00:46:56.296,1.3544,1.3542200000000002,1,1
02.08.2021 00:46:56.347,1.3544100000000001,1.35423,1,1.5
02.08.2021 00:46:56.598,1.3544100000000001,1.35424,1,1
02.08.2021 00:46:56.699,1.3544200000000002,1.3542500000000002,1,1
02.08.2021 00:46:57.180,1.3544,1.35424,1,1
02.08.2021 00:46:57.281,1.35439,1.35424,1,1
02.08.2021 00:46:58.396,1.35439,1.3542,1,2.82
02.08.2021 00:46:59.089,1.3544,1.35419,1,2.82
02.08.2021 00:47:02.339,1.35438,1.3542100000000001,1,1.12
02.08.2021 00:47:02.820,1.35437,1.35419,1,2.37
02.08.2021 00:47:03.095,1.3543500000000002,1.35419,1,2.37
02.08.2021 00:47:04.820,1.3543500000000002,1.35418,1,1.87
02.08.2021 00:47:04.971,1.35437,1.35418,1,1
02.08.2021 00:47:20.100,1.35436,1.3542,1,1
02.08.2021 00:47:23.287,1.35434,1.35419,1,1.12
02.08.2021 00:47:23.551,1.35436,1.35418,1,1.87
02.08.2021 00:47:29.281,1.35437,1.3542,1,1
02.08.2021 00:47:38.202,1.35438,1.3542,1,1
02.08.2021 00:47:38.303,1.35437,1.3542100000000001,1,1.5
02.08.2021 00:47:38.404,1.3544100000000001,1.35424,1,1
02.08.2021 00:47:38.655,1.35443,1.35423,1,1
02.08.2021 00:47:38.756,1.35444,1.35428,1,1
02.08.2021 00:47:38.907,1.35446,1.35429,1,1
02.08.2021 00:47:40.627,1.3544500000000002,1.35426,1,1.87
02.08.2021 00:47:41.636,1.3544500000000002,1.35428,1,1.5
02.08.2021 00:47:51.264,1.3544500000000002,1.35429,1,1
02.08.2021 00:47:51.699,1.35446,1.3543,1,1
02.08.2021 00:47:51.801,1.35448,1.3543100000000001,1,1
02.08.2021 00:47:51.902,1.3545,1.35433,1,1
02.08.2021 00:47:52.053,1.3545200000000002,1.3543200000000002,1,1.12
02.08.2021 00:47:52.155,1.35454,1.35434,1,1
02.08.2021 00:47:52.436,1.35453,1.35433,1,1
02.08.2021 00:47:58.168,1.35454,1.35436,1,1.87
02.08.2021 00:47:58.369,1.3545500000000001,1.35436,1,1.87
02.08.2021 00:48:02.160,1.35457,1.35438,1,1
02.08.2021 00:48:03.320,1.35454,1.35439,1,1
02.08.2021 00:48:24.826,1.35454,1.35438,1,1
02.08.2021 00:48:25.680,1.35451,1.35438,1,1
02.08.2021 00:48:25.781,1.3545,1.35438,1,1
02.08.2021 00:48:25.882,1.35449,1.35438,1,1
02.08.2021 00:48:26.148,1.35447,1.35438,1,1
02.08.2021 00:48:26.199,1.35448,1.3543200000000002,1,1
02.08.2021 00:48:26.250,1.35449,1.35433,1,1
02.08.2021 00:48:26.607,1.35447,1.35433,1,1
02.08.2021 00:48:26.761,1.35448,1.35428,1,1.12
02.08.2021 00:48:29.127,1.35448,1.3543200000000002,1,1
02.08.2021 00:48:29.329,1.35449,1.3543200000000002,1,1.12
02.08.2021 00:48:30.076,1.35449,1.3543,1,1.12
02.08.2021 00:48:30.127,1.35447,1.3543,1,1.12
02.08.2021 00:48:30.446,1.35449,1.3543200000000002,1,1
02.08.2021 00:48:30.547,1.35447,1.35429,1,2.75
02.08.2021 00:48:30.648,1.35448,1.3543,1,1.12
02.08.2021 00:48:31.449,1.35449,1.35429,1,2.07
02.08.2021 00:48:41.010,1.35448,1.3543,1,1.12
02.08.2021 00:48:41.151,1.35447,1.3543,1,1.12
02.08.2021 00:48:41.277,1.35447,1.35427,1,2
02.08.2021 00:48:41.479,1.3544500000000002,1.35427,1,1.5
02.08.2021 00:48:41.630,1.35444,1.35428,1,1
02.08.2021 00:48:41.731,1.35447,1.35428,1,1
02.08.2021 00:48:42.036,1.35443,1.35428,1,1
02.08.2021 00:48:42.913,1.35443,1.35426,1,3.12
02.08.2021 00:48:49.108,1.35443,1.35426,1,2.25
02.08.2021 00:48:54.338,1.35444,1.35427,1,1
02.08.2021 00:48:59.019,1.3544500000000002,1.35427,1,1
02.08.2021 00:49:35.552,1.3544500000000002,1.35428,1,1
02.08.2021 00:49:35.603,1.35448,1.35427,1,1.5
02.08.2021 00:49:35.705,1.35447,1.35429,1,1
02.08.2021 00:49:36.118,1.3544500000000002,1.35429,1,1
02.08.2021 00:49:36.220,1.3544500000000002,1.35428,1,1.1
02.08.2021 00:49:36.397,1.3544500000000002,1.35428,1,1.6
02.08.2021 00:49:36.448,1.35448,1.35428,1,1.6
02.08.2021 00:49:36.549,1.35449,1.3543,1,1.1
02.08.2021 00:49:36.600,1.35451,1.3543,1,1.1
02.08.2021 00:49:36.701,1.3545,1.35433,1,1.12
02.08.2021 00:49:36.802,1.3545500000000001,1.3543500000000002,1.5,1.5
02.08.2021 00:49:37.004,1.3545500000000001,1.35436,1,1
02.08.2021 00:49:40.361,1.35454,1.35436,1,3.07
02.08.2021 00:49:41.250,1.3545200000000002,1.35436,1,2.32
02.08.2021 00:49:41.351,1.35454,1.35436,1,2.25
02.08.2021 00:49:41.779,1.35453,1.35436,1,1
02.08.2021 00:49:41.888,1.3545200000000002,1.3543500000000002,1,1.12
02.08.2021 00:49:42.039,1.35451,1.3543500000000002,1,1
02.08.2021 00:49:43.392,1.35451,1.35429,1,2.07
02.08.2021 00:49:45.130,1.35448,1.3543,1,2.07
02.08.2021 00:49:45.234,1.35447,1.35428,1,1.62
02.08.2021 00:49:48.288,1.35444,1.35428,1,1
02.08.2021 00:49:48.546,1.35449,1.35429,1,1
02.08.2021 00:49:48.767,1.35443,1.35429,1,1
02.08.2021 00:49:48.868,1.35447,1.35428,1,1.1
02.08.2021 00:49:51.753,1.35444,1.35427,1,1
02.08.2021 00:49:54.946,1.3544500000000002,1.35426,1,2.82
02.08.2021 00:49:55.047,1.35447,1.35428,1,1.12
02.08.2021 00:49:55.394,1.35446,1.35426,1,2.82
02.08.2021 00:49:55.546,1.35448,1.35426,1,3.6
02.08.2021 00:49:55.697,1.35447,1.35429,1,1.1
02.08.2021 00:49:56.437,1.3544500000000002,1.35429,1,1.6
02.08.2021 00:50:00.343,1.35446,1.35427,1,1.7
02.08.2021 00:50:00.626,1.35446,1.35428,1,1
02.08.2021 00:50:15.581,1.35444,1.35426,1,2.37
02.08.2021 00:50:15.682,1.35443,1.3543,1,1
02.08.2021 00:50:16.085,1.35444,1.3543100000000001,1,1
02.08.2021 00:50:18.960,1.3544500000000002,1.35426,1,3.97
02.08.2021 00:50:22.089,1.35446,1.35426,1,2.07
02.08.2021 00:50:22.256,1.3545,1.35428,1,1
02.08.2021 00:50:22.357,1.35446,1.35426,1,2.85
02.08.2021 00:50:25.473,1.35446,1.35428,1,1.2
02.08.2021 00:50:25.574,1.35449,1.35427,1,1.12
02.08.2021 00:50:25.675,1.35444,1.35427,1,1.12
02.08.2021 00:50:25.776,1.35448,1.35427,1,1.12
02.08.2021 00:50:29.328,1.35446,1.35427,1,1.2
02.08.2021 00:50:29.890,1.35448,1.35428,1,1.95
02.08.2021 00:50:30.174,1.35447,1.35428,1,3.45
02.08.2021 00:50:30.276,1.35447,1.35428,1,3.6
02.08.2021 00:50:32.509,1.35447,1.35427,1,1
02.08.2021 00:50:32.610,1.35443,1.35428,1,1
02.08.2021 00:50:32.711,1.35443,1.35427,1,1.5
02.08.2021 00:50:34.077,1.35444,1.3542500000000002,1,1.12
02.08.2021 00:50:34.128,1.3544100000000001,1.3542500000000002,1,1
02.08.2021 00:50:34.329,1.35439,1.35426,1,1
02.08.2021 00:50:35.243,1.35439,1.3542,1,1.62
02.08.2021 00:50:35.344,1.35437,1.35419,1,1.62
02.08.2021 00:50:35.545,1.35439,1.35419,1,1
02.08.2021 00:50:35.647,1.3543500000000002,1.3542,1,1
02.08.2021 00:50:35.748,1.35437,1.35417,1,1.5
02.08.2021 00:50:35.854,1.35436,1.35418,1,1.5
02.08.2021 00:50:49.831,1.35437,1.35417,1,1.5
02.08.2021 00:50:56.003,1.3543500000000002,1.35416,1,1.5
02.08.2021 00:50:56.104,1.35433,1.35417,1,1.5
02.08.2021 00:50:59.829,1.35433,1.3541400000000001,1,1.5
02.08.2021 00:51:01.246,1.3543200000000002,1.35415,1,1.5
02.08.2021 00:51:01.347,1.35434,1.3541400000000001,1,1.5
02.08.2021 00:51:03.386,1.3543100000000001,1.35415,1,1.5
02.08.2021 00:51:08.806,1.3543200000000002,1.35415,1,1.62
02.08.2021 00:51:09.179,1.35433,1.3541400000000001,1,1.62
02.08.2021 00:51:13.531,1.35433,1.35415,1,1.5
02.08.2021 00:51:13.848,1.35433,1.3541400000000001,1,1.5
02.08.2021 00:51:15.710,1.35433,1.3541400000000001,1,1.5
02.08.2021 00:51:15.761,1.3543200000000002,1.35415,1,1.12
02.08.2021 00:51:17.658,1.35433,1.3541400000000001,1,1.5
02.08.2021 00:51:18.722,1.3543200000000002,1.3541400000000001,1,1.5
02.08.2021 00:51:18.834,1.35433,1.3541400000000001,1,1.5
02.08.2021 00:51:23.044,1.3543100000000001,1.3541400000000001,1,1.5
02.08.2021 00:51:23.585,1.3543,1.3541400000000001,1,1.1
02.08.2021 00:51:23.686,1.35428,1.3541400000000001,1,1
02.08.2021 00:51:24.237,1.35429,1.3541400000000001,1,1
02.08.2021 00:51:24.488,1.35429,1.35413,1,1
02.08.2021 00:51:24.841,1.35426,1.35413,1,1
02.08.2021 00:51:25.042,1.35423,1.3541400000000001,1,1
02.08.2021 00:51:25.093,1.3542500000000002,1.3541400000000001,1,1
02.08.2021 00:51:25.244,1.35423,1.35413,1,1
02.08.2021 00:51:25.445,1.3542200000000002,1.35407,1,1
02.08.2021 00:51:31.092,1.35423,1.35405,1,1.12
02.08.2021 00:51:31.759,1.3542100000000001,1.35406,1,1.12
02.08.2021 00:51:32.073,1.3542100000000001,1.35407,1,1
02.08.2021 00:51:34.376,1.3542200000000002,1.35407,1,1
02.08.2021 00:51:49.124,1.35423,1.35406,1,1.5
02.08.2021 00:51:51.785,1.35423,1.35406,1,1
02.08.2021 00:51:51.886,1.3542,1.35405,1,1.5
02.08.2021 00:51:51.987,1.3542200000000002,1.3540400000000001,1,1
02.08.2021 00:51:52.318,1.3542,1.35405,1,1
02.08.2021 00:51:52.419,1.35419,1.35405,1,1
02.08.2021 00:51:52.616,1.3542,1.3540100000000002,1,2.82
02.08.2021 00:51:52.841,1.3542200000000002,1.3540200000000002,1,2.85
02.08.2021 00:52:01.449,1.35423,1.3540100000000002,1,2.62
02.08.2021 00:52:01.882,1.35423,1.3540100000000002,1,2.75
02.08.2021 00:52:01.983,1.3542200000000002,1.3540100000000002,1,2.75
02.08.2021 00:52:02.934,1.3542100000000001,1.3540200000000002,1,1.12
02.08.2021 00:52:06.429,1.3542,1.35403,1,1.5
02.08.2021 00:52:06.986,1.3542200000000002,1.3540200000000002,1,1.5
02.08.2021 00:52:10.226,1.35423,1.3540100000000002,1,1.72
02.08.2021 00:52:10.428,1.3542,1.3540100000000002,1,1
02.08.2021 00:52:10.629,1.3542100000000001,1.354,1,1
02.08.2021 00:52:10.753,1.35419,1.354,1,1
02.08.2021 00:52:10.930,1.35419,1.35403,1,1
02.08.2021 00:52:11.077,1.35419,1.354,1,1.5
02.08.2021 00:52:27.089,1.35419,1.354,1,1.12
02.08.2021 00:52:27.892,1.35418,1.35403,1,1
02.08.2021 00:52:28.892,1.35419,1.354,1,1.12
02.08.2021 00:52:40.672,1.35418,1.35399,1,1.5
02.08.2021 00:52:40.773,1.3541400000000001,1.354,1,1
02.08.2021 00:52:41.125,1.35413,1.35399,1,1
02.08.2021 00:52:42.107,1.35409,1.354,1,1
02.08.2021 00:52:42.158,1.3541,1.35396,1,1
02.08.2021 00:52:42.259,1.35409,1.35396,1,1
02.08.2021 00:52:42.495,1.35408,1.35394,1,1
02.08.2021 00:52:43.138,1.35409,1.3539200000000002,1,1
02.08.2021 00:52:43.485,1.3541100000000001,1.3539200000000002,1,1
02.08.2021 00:52:43.586,1.3541,1.35394,1,1
02.08.2021 00:52:43.737,1.3541200000000002,1.35393,1,1
02.08.2021 00:52:44.245,1.3541100000000001,1.3539,1,1.6
02.08.2021 00:52:50.089,1.3541100000000001,1.3539100000000002,1,1.1
02.08.2021 00:52:51.611,1.3541200000000002,1.35394,1,1.6
02.08.2021 00:52:51.762,1.3542,1.35396,1.12,1.12
02.08.2021 00:52:51.914,1.35415,1.35395,1,1.6
02.08.2021 00:52:52.118,1.35417,1.35394,1,5.47
02.08.2021 00:52:52.169,1.35415,1.35394,1,5.47
02.08.2021 00:52:52.483,1.3541400000000001,1.35396,1,1.12
02.08.2021 00:52:53.351,1.35413,1.35396,1,1.12
02.08.2021 00:52:54.106,1.3541200000000002,1.35395,1,1
02.08.2021 00:52:55.803,1.35413,1.35393,1,1
02.08.2021 00:52:55.854,1.3541100000000001,1.35393,1,1
02.08.2021 00:52:56.005,1.3541100000000001,1.3539200000000002,1,2.62
02.08.2021 00:52:56.107,1.3541100000000001,1.3539,1,2.62
02.08.2021 00:52:56.157,1.3540200000000002,1.3539,1,2.62
02.08.2021 00:52:56.208,1.35405,1.3539,1,1.5
02.08.2021 00:52:56.309,1.35406,1.3539,1,1.5
02.08.2021 00:52:56.571,1.35405,1.35393,1,1
02.08.2021 00:52:56.672,1.35405,1.3539200000000002,1,1
02.08.2021 00:52:56.919,1.35408,1.35393,1,1
02.08.2021 00:52:57.070,1.35405,1.3539200000000002,1,1
02.08.2021 00:52:57.171,1.35407,1.35393,1,1
02.08.2021 00:52:57.867,1.35407,1.3538700000000001,1,2.7
02.08.2021 00:53:03.503,1.35408,1.3538700000000001,1,1
02.08.2021 00:53:04.754,1.35407,1.35389,1,1
02.08.2021 00:53:05.026,1.35407,1.3538700000000001,1,1.1
02.08.2021 00:53:05.274,1.35406,1.3538700000000001,1,1.1
02.08.2021 00:53:05.609,1.35406,1.35388,1,1.1
02.08.2021 00:53:06.506,1.35406,1.3539,1,1
02.08.2021 00:53:06.607,1.35409,1.3539,1,1
02.08.2021 00:53:06.759,1.35407,1.3539,1,1.1
02.08.2021 00:53:07.900,1.35408,1.35389,1,1.95
02.08.2021 00:53:09.081,1.35408,1.3539,1,1.57
02.08.2021 00:53:09.207,1.35409,1.35389,1,1.6
02.08.2021 00:53:09.709,1.35409,1.35389,1,1.5
02.08.2021 00:53:09.760,1.3541100000000001,1.35389,1,1.5
02.08.2021 00:53:10.135,1.35408,1.35389,1,1.5
02.08.2021 00:53:15.427,1.35408,1.35388,1,1.1
02.08.2021 00:53:15.528,1.35407,1.3538700000000001,1,4.25
02.08.2021 00:53:16.382,1.35406,1.3538700000000001,1,1.5
02.08.2021 00:53:16.433,1.3540400000000001,1.35388,1,1
02.08.2021 00:53:16.584,1.3540400000000001,1.3538700000000001,1,1
02.08.2021 00:53:20.259,1.35403,1.35386,1,1.87
02.08.2021 00:53:20.418,1.35403,1.35385,1,1.57
02.08.2021 00:53:20.519,1.3540400000000001,1.35385,1,1.5
02.08.2021 00:53:20.620,1.35403,1.3538700000000001,1,1
02.08.2021 00:53:20.721,1.35408,1.35386,1,1.5
02.08.2021 00:53:20.903,1.3541,1.35386,1,1.5
02.08.2021 00:53:21.349,1.35409,1.35389,1,1
02.08.2021 00:53:21.587,1.35408,1.35388,1,1
02.08.2021 00:53:21.688,1.35405,1.35389,1,1.5
02.08.2021 00:53:21.789,1.35408,1.35388,1,1.5
02.08.2021 00:53:22.298,1.35408,1.3539,1,1
02.08.2021 00:53:22.846,1.35409,1.35389,1,3.1
02.08.2021 00:53:23.100,1.3541,1.35388,1,4.6
02.08.2021 00:53:23.201,1.35409,1.3539,1,1
02.08.2021 00:53:23.302,1.35407,1.35389,1,1.5
02.08.2021 00:53:23.417,1.35407,1.35389,1,2
02.08.2021 00:53:28.489,1.35407,1.35389,1,1
02.08.2021 00:53:28.675,1.35407,1.35388,1,1.12
02.08.2021 00:53:29.841,1.35405,1.35389,1,1.12
02.08.2021 00:53:30.043,1.35405,1.3538700000000001,1,1
02.08.2021 00:53:30.238,1.3540400000000001,1.3538700000000001,1,1
02.08.2021 00:53:30.339,1.35403,1.3538700000000001,1,1
02.08.2021 00:53:30.770,1.35408,1.35386,1,1
02.08.2021 00:53:30.871,1.35405,1.3538700000000001,1,1
02.08.2021 00:53:31.653,1.35406,1.35385,1,2.14
02.08.2021 00:53:33.983,1.3540200000000002,1.35385,1,1
02.08.2021 00:53:34.934,1.35403,1.35383,1,3.2
02.08.2021 00:53:39.413,1.35403,1.35383,1,4.7
02.08.2021 00:53:39.829,1.35403,1.35383,1,3.2
02.08.2021 00:53:40.779,1.35403,1.35384,1,3.95
02.08.2021 00:53:40.830,1.3540400000000001,1.35383,1,4.2
02.08.2021 00:53:40.970,1.3540400000000001,1.35383,1,2.82
02.08.2021 00:53:41.974,1.3540400000000001,1.35383,1,2.7
02.08.2021 00:53:44.030,1.3540400000000001,1.35384,1,1
02.08.2021 00:53:45.168,1.35403,1.35385,1,1.62
02.08.2021 00:53:48.641,1.35403,1.35388,1,1.5
02.08.2021 00:53:48.692,1.35407,1.35389,1,1
02.08.2021 00:53:48.934,1.35407,1.3539100000000002,1,1
02.08.2021 00:53:52.007,1.3541100000000001,1.35394,1,1
02.08.2021 00:53:52.108,1.3541200000000002,1.35396,1,1
02.08.2021 00:53:52.312,1.3541400000000001,1.35399,1,1
02.08.2021 00:53:52.413,1.35416,1.354,1,1
02.08.2021 00:53:53.278,1.35418,1.354,1,1
02.08.2021 00:53:53.994,1.35418,1.35398,1,1
02.08.2021 00:53:56.661,1.35416,1.35398,1,1
02.08.2021 00:53:57.355,1.35418,1.35399,1,1
02.08.2021 00:53:57.456,1.35418,1.3540100000000002,1,1
02.08.2021 00:53:57.557,1.3542,1.3540200000000002,1,1
02.08.2021 00:53:57.658,1.35419,1.3540200000000002,1,1
02.08.2021 00:53:59.828,1.35417,1.35399,1,1.57
02.08.2021 00:54:01.066,1.3542,1.3540100000000002,1,1
02.08.2021 00:54:01.386,1.35415,1.35398,1,1
02.08.2021 00:54:01.688,1.35417,1.35398,1,1.5
02.08.2021 00:54:02.380,1.35415,1.3539700000000001,1,1.5
02.08.2021 00:54:05.634,1.35416,1.35395,1,1
02.08.2021 00:54:05.735,1.3541,1.35394,1,1
02.08.2021 00:54:05.836,1.35409,1.35394,1,1
02.08.2021 00:54:06.734,1.3541,1.3539,1,1
02.08.2021 00:54:08.397,1.3541,1.35389,1,1
02.08.2021 00:54:09.335,1.35405,1.35389,1,1.5
02.08.2021 00:54:09.788,1.35405,1.35388,1,1
02.08.2021 00:54:10.834,1.35405,1.35386,1,1
02.08.2021 00:54:12.290,1.35403,1.35385,1,1.5
02.08.2021 00:54:12.391,1.354,1.35385,1,1
02.08.2021 00:54:12.693,1.35398,1.35385,1,1
02.08.2021 00:54:12.861,1.35398,1.3538100000000002,1,1
02.08.2021 00:54:13.373,1.35398,1.3538000000000001,1,1
02.08.2021 00:54:14.407,1.35398,1.35379,1,1
02.08.2021 00:54:15.415,1.35396,1.35379,1,1
02.08.2021 00:54:17.259,1.35395,1.35378,1,1
02.08.2021 00:54:17.563,1.3539700000000001,1.35379,1,1
02.08.2021 00:54:17.718,1.35395,1.35378,1,1
02.08.2021 00:54:17.818,1.35396,1.3538000000000001,1,1
02.08.2021 00:54:19.873,1.35398,1.35379,1,1
02.08.2021 00:54:20.481,1.35399,1.3538200000000002,1,1
02.08.2021 00:54:23.071,1.3540100000000002,1.3538200000000002,1,1
02.08.2021 00:54:23.172,1.35399,1.3538200000000002,1,1
02.08.2021 00:54:23.306,1.35399,1.3538100000000002,1,1
02.08.2021 00:54:23.730,1.354,1.35383,1,1
02.08.2021 00:54:23.832,1.354,1.3538100000000002,1,1
02.08.2021 00:54:25.271,1.3540100000000002,1.35385,1,1
02.08.2021 00:54:25.622,1.35403,1.35385,1,1
02.08.2021 00:54:25.787,1.35403,1.35388,1,1
02.08.2021 00:54:25.946,1.35406,1.35388,1,1
02.08.2021 00:54:26.053,1.3540400000000001,1.35386,1,1
02.08.2021 00:54:27.506,1.3540100000000002,1.35386,1,1.12
02.08.2021 00:54:28.171,1.35406,1.35389,1.5,1
02.08.2021 00:54:32.426,1.35406,1.3539,1,1.5
02.08.2021 00:54:34.006,1.35406,1.3539100000000002,1,1
02.08.2021 00:54:34.423,1.35406,1.35393,1,1
02.08.2021 00:54:34.805,1.35405,1.35393,1,1
02.08.2021 00:54:35.006,1.35407,1.35393,1,1
02.08.2021 00:54:35.349,1.35408,1.35393,1,1
02.08.2021 00:54:35.450,1.35408,1.35394,1,1
02.08.2021 00:54:35.500,1.3541100000000001,1.35394,1,1
02.08.2021 00:54:35.610,1.3541,1.35396,1,1
02.08.2021 00:54:35.711,1.3541100000000001,1.35396,1,1
02.08.2021 00:54:35.916,1.3541200000000002,1.3539700000000001,1,1
02.08.2021 00:54:36.593,1.3541100000000001,1.35398,1,1
02.08.2021 00:54:37.205,1.3541200000000002,1.35394,1,1
02.08.2021 00:54:37.348,1.35413,1.35393,1,1
02.08.2021 00:54:37.503,1.3541200000000002,1.35395,1,1
02.08.2021 00:54:38.602,1.35413,1.3539700000000001,1,1
02.08.2021 00:54:38.754,1.35415,1.354,1,1
02.08.2021 00:54:39.461,1.35418,1.3540100000000002,1,1
02.08.2021 00:54:41.192,1.35417,1.35398,1,1
02.08.2021 00:54:41.293,1.35416,1.3539700000000001,1,1
02.08.2021 00:54:42.184,1.35417,1.35399,1,1
02.08.2021 00:54:42.610,1.35416,1.35399,1,1
02.08.2021 00:54:43.383,1.35418,1.354,1,1
02.08.2021 00:54:43.484,1.35417,1.3540200000000002,1,1
02.08.2021 00:54:45.182,1.35417,1.3540100000000002,1,1
02.08.2021 00:54:45.518,1.35417,1.354,1,1
02.08.2021 00:54:46.410,1.35416,1.35399,1,1
02.08.2021 00:54:46.511,1.3541400000000001,1.35398,1,1
02.08.2021 00:54:46.662,1.3541400000000001,1.3539700000000001,1,1
02.08.2021 00:54:46.712,1.3541400000000001,1.35395,1,1
02.08.2021 00:54:46.813,1.3541400000000001,1.35398,1,1
02.08.2021 00:54:47.725,1.35415,1.354,1,1
02.08.2021 00:54:48.648,1.3541400000000001,1.354,1,1
02.08.2021 00:54:48.698,1.3541400000000001,1.35398,1,1
02.08.2021 00:54:51.071,1.35416,1.35399,1,1
02.08.2021 00:54:51.598,1.35417,1.3540200000000002,1,1
02.08.2021 00:54:51.699,1.35416,1.35398,1,1
02.08.2021 00:54:51.800,1.35415,1.35398,1,1
02.08.2021 00:54:52.239,1.35416,1.35399,1,1
02.08.2021 00:54:52.966,1.3541400000000001,1.35399,1,1
02.08.2021 00:54:53.017,1.3541400000000001,1.3539700000000001,1,1
02.08.2021 00:54:53.117,1.3541200000000002,1.35396,1,1
02.08.2021 00:54:53.218,1.3541200000000002,1.35395,1,1.12
02.08.2021 00:54:53.473,1.3541100000000001,1.35394,1,1
02.08.2021 00:54:57.275,1.3541100000000001,1.3539100000000002,1,1
02.08.2021 00:54:58.257,1.35407,1.3539,1,1
02.08.2021 00:54:59.203,1.35406,1.35388,1,1
02.08.2021 00:54:59.304,1.35407,1.3539100000000002,1,1
02.08.2021 00:54:59.607,1.35408,1.3539200000000002,1,1
02.08.2021 00:54:59.808,1.3541100000000001,1.35393,1,1
02.08.2021 00:55:00.010,1.3541100000000001,1.35395,1,1
02.08.2021 00:55:00.362,1.3541200000000002,1.3539200000000002,1,1
02.08.2021 00:55:00.463,1.3541,1.3539,1,1
02.08.2021 00:55:00.623,1.35407,1.3539,1,1.12
02.08.2021 00:55:00.724,1.3540400000000001,1.3538700000000001,1,2.1
02.08.2021 00:55:00.825,1.35403,1.35388,1,1.6
02.08.2021 00:55:00.976,1.35406,1.3539,1,1
02.08.2021 00:55:01.161,1.35407,1.3539100000000002,1,1
02.08.2021 00:55:02.037,1.35407,1.35393,1,1
02.08.2021 00:55:02.279,1.35406,1.3539200000000002,1,1
02.08.2021 00:55:02.412,1.35406,1.3539200000000002,1,1.62
02.08.2021 00:55:03.413,1.35406,1.3539200000000002,1,1.12
02.08.2021 00:55:04.468,1.3540400000000001,1.3539100000000002,1,1
02.08.2021 00:55:05.415,1.3540400000000001,1.3539,1,1.62
02.08.2021 00:55:06.557,1.35405,1.35389,1,1.12
02.08.2021 00:55:07.558,1.35405,1.3539,1,1
02.08.2021 00:55:20.656,1.3540400000000001,1.3539100000000002,1,1
02.08.2021 00:55:23.242,1.35405,1.3539,1,1
02.08.2021 00:55:24.901,1.35406,1.3539,1,1.5
02.08.2021 00:55:25.002,1.35413,1.35398,1.62,1
02.08.2021 00:55:25.052,1.3541400000000001,1.3539700000000001,1.12,1
02.08.2021 00:55:25.103,1.35415,1.354,1.5,1
02.08.2021 00:55:25.204,1.35417,1.354,1.62,1
02.08.2021 00:55:25.305,1.35417,1.354,1.5,1
02.08.2021 00:55:25.406,1.35418,1.3540100000000002,1.12,1
02.08.2021 00:55:28.658,1.35417,1.354,1,1.12
02.08.2021 00:55:34.594,1.35416,1.35399,1,1.12
02.08.2021 00:55:34.650,1.3541400000000001,1.35398,1,1
02.08.2021 00:55:35.172,1.35413,1.35398,1.5,1
02.08.2021 00:55:35.841,1.3541200000000002,1.3539700000000001,1,1
02.08.2021 00:55:46.982,1.3541100000000001,1.35396,1,1
02.08.2021 00:55:48.216,1.3541,1.35394,1,1
02.08.2021 00:55:49.115,1.3541,1.3539200000000002,1.5,1.12
02.08.2021 00:55:49.281,1.3541,1.35394,1,1
02.08.2021 00:55:57.332,1.3541,1.35395,1,1
02.08.2021 00:55:59.154,1.35409,1.35395,1,1.5
02.08.2021 00:56:02.415,1.3541,1.35396,1,1
02.08.2021 00:56:02.465,1.3541200000000002,1.3539700000000001,1,1
02.08.2021 00:56:02.616,1.3541400000000001,1.3539700000000001,1,1
02.08.2021 00:56:06.848,1.35415,1.35399,1.12,1
02.08.2021 00:56:07.067,1.35417,1.3540200000000002,1.12,1
02.08.2021 00:56:07.219,1.35419,1.3540400000000001,1.5,1
02.08.2021 00:56:07.320,1.3542,1.35403,1.12,1
02.08.2021 00:56:07.555,1.3542,1.35405,1.12,1
02.08.2021 00:56:07.656,1.3542200000000002,1.35406,1,1
02.08.2021 00:56:08.409,1.3542200000000002,1.35407,1.12,1
02.08.2021 00:56:09.126,1.35423,1.35408,1.12,1
02.08.2021 00:56:09.277,1.3542500000000002,1.35409,1.5,1
02.08.2021 00:56:09.378,1.35428,1.3541,1.5,1
02.08.2021 00:56:09.479,1.35428,1.3541,1.12,1
02.08.2021 00:56:09.627,1.35428,1.35409,1.12,1
02.08.2021 00:56:16.850,1.35428,1.3541,1.12,1
02.08.2021 00:56:16.951,1.35429,1.35415,1,1
02.08.2021 00:56:17.052,1.3543,1.3541400000000001,1,1
02.08.2021 00:56:17.677,1.3543100000000001,1.3541400000000001,1.5,1
02.08.2021 00:56:17.806,1.3543100000000001,1.3541400000000001,1.62,1
02.08.2021 00:56:17.941,1.3543100000000001,1.3541400000000001,1.5,1
02.08.2021 00:56:18.095,1.3543200000000002,1.35415,1,1
02.08.2021 00:56:20.094,1.35429,1.3541400000000001,1,1.62
02.08.2021 00:56:20.310,1.3543,1.35413,1.5,1
02.08.2021 00:56:20.601,1.3543,1.3541400000000001,1,1
02.08.2021 00:56:20.652,1.3543100000000001,1.35415,1.5,1
02.08.2021 00:56:21.925,1.3543200000000002,1.3541400000000001,1.5,1
02.08.2021 00:56:23.931,1.3543200000000002,1.3541400000000001,1.12,1
02.08.2021 00:56:28.041,1.3543200000000002,1.35417,2.37,1
02.08.2021 00:56:28.142,1.3543200000000002,1.35417,1.5,1
02.08.2021 00:56:28.193,1.3543100000000001,1.35415,1,1
02.08.2021 00:56:40.584,1.35426,1.3541100000000001,1,1
02.08.2021 00:56:40.936,1.3543,1.3541200000000002,1.87,1
02.08.2021 00:56:41.057,1.35429,1.3541100000000001,1,1
02.08.2021 00:56:57.025,1.3543,1.3541200000000002,1.62,1
02.08.2021 00:56:57.126,1.3543,1.3541200000000002,1.5,1
02.08.2021 00:56:57.228,1.3543,1.3541400000000001,1,1
02.08.2021 00:56:57.329,1.35429,1.35415,1,1
02.08.2021 00:57:05.235,1.3543100000000001,1.3541400000000001,1.87,1
02.08.2021 00:57:06.170,1.3543100000000001,1.3541400000000001,2,1
02.08.2021 00:57:06.875,1.3543,1.35415,1.87,1
02.08.2021 00:57:07.117,1.3543,1.35416,1.12,1
02.08.2021 00:57:07.320,1.3543,1.35415,1.12,1
02.08.2021 00:57:07.438,1.3543100000000001,1.35415,1.12,1
02.08.2021 00:57:07.539,1.3543,1.35415,1.12,1
02.08.2021 00:57:13.180,1.3543100000000001,1.35413,1.5,1
02.08.2021 00:57:13.332,1.35428,1.3541100000000001,1,1
02.08.2021 00:57:13.383,1.3543,1.3541200000000002,1.12,1
02.08.2021 00:57:22.073,1.3543100000000001,1.35413,1.12,1
02.08.2021 00:57:22.174,1.3543200000000002,1.35415,2,1
02.08.2021 00:57:22.325,1.3543100000000001,1.35416,1.87,1
02.08.2021 00:57:22.652,1.3543200000000002,1.35415,2,1
02.08.2021 00:57:23.090,1.3543100000000001,1.35416,1.5,1
02.08.2021 00:57:30.135,1.3543,1.35416,1,1
02.08.2021 00:57:30.236,1.35426,1.3541200000000002,1,1
02.08.2021 00:57:30.337,1.35424,1.3541200000000002,1,1
02.08.2021 00:57:30.387,1.35424,1.35409,1,1.5
02.08.2021 00:57:30.539,1.35423,1.35409,1,1
02.08.2021 00:57:31.300,1.35424,1.35407,1,1
02.08.2021 00:57:32.632,1.35423,1.35406,1,1.5
02.08.2021 00:57:33.155,1.35424,1.35407,1,1
02.08.2021 00:57:36.788,1.3542200000000002,1.35407,1,1
02.08.2021 00:57:39.872,1.3542500000000002,1.35408,1,1
02.08.2021 00:57:39.973,1.35426,1.35409,1,1
02.08.2021 00:57:40.175,1.35427,1.3541200000000002,1.12,1
02.08.2021 00:57:40.616,1.3542500000000002,1.3541,1,1
02.08.2021 00:57:46.792,1.3542500000000002,1.35408,1,1.5
02.08.2021 00:58:01.190,1.35423,1.35407,1,1
02.08.2021 00:58:01.342,1.3542100000000001,1.35407,1,1
02.08.2021 00:58:01.414,1.3542100000000001,1.3540400000000001,1,1.5
02.08.2021 00:58:03.951,1.3542200000000002,1.35405,1,1
02.08.2021 00:58:05.199,1.35423,1.35408,1.87,1
02.08.2021 00:58:05.472,1.35424,1.35409,3,1
02.08.2021 00:58:05.573,1.3542500000000002,1.3541,2.25,1
02.08.2021 00:58:05.674,1.35427,1.3541,2,1
02.08.2021 00:58:06.536,1.35426,1.3541100000000001,1,1
02.08.2021 00:58:07.537,1.35427,1.3541,1,1.62
02.08.2021 00:58:07.893,1.35426,1.3541100000000001,1,1.12
02.08.2021 00:58:16.729,1.35427,1.3541200000000002,1,1
02.08.2021 00:58:24.340,1.35426,1.3541,1,1
02.08.2021 00:58:26.285,1.35427,1.3541100000000001,1,1
02.08.2021 00:58:26.956,1.35427,1.3541,1.5,1.5
02.08.2021 00:58:39.295,1.3542500000000002,1.3541,1,1
02.08.2021 00:58:39.346,1.35423,1.35407,1,1.5
02.08.2021 00:58:46.460,1.3542200000000002,1.35406,1,1
02.08.2021 00:58:46.560,1.3542100000000001,1.35403,1,1.5
02.08.2021 00:58:47.959,1.35423,1.35406,1,1.5
02.08.2021 00:58:48.060,1.3542200000000002,1.3541,1,1
02.08.2021 00:58:48.161,1.35426,1.35409,1.12,1
02.08.2021 00:59:26.327,1.35424,1.3541,1,1
02.08.2021 00:59:27.377,1.35426,1.35409,1,1
02.08.2021 00:59:27.478,1.35424,1.3541,1,1
02.08.2021 00:59:29.561,1.3542500000000002,1.3541,1,1
02.08.2021 00:59:45.455,1.3542500000000002,1.35409,1,1
02.08.2021 00:59:45.831,1.3542500000000002,1.35408,1.5,1
02.08.2021 00:59:50.661,1.3542200000000002,1.35409,1,1
02.08.2021 00:59:50.762,1.35418,1.3540100000000002,1,1
02.08.2021 00:59:50.812,1.35415,1.3540100000000002,1,1
02.08.2021 00:59:50.913,1.3541400000000001,1.354,1,1
02.08.2021 00:59:51.014,1.3541,1.35396,1,1
02.08.2021 00:59:51.115,1.3541100000000001,1.35396,1.5,1
02.08.2021 00:59:51.166,1.35409,1.35395,1,1
02.08.2021 00:59:52.805,1.3541100000000001,1.35396,1,1
02.08.2021 00:59:54.240,1.35413,1.35395,1,1
02.08.2021 00:59:54.545,1.35413,1.35398,1.12,1
02.08.2021 00:59:55.132,1.3541200000000002,1.35395,1,1
02.08.2021 00:59:57.490,1.35413,1.3539700000000001,1.87,1
02.08.2021 00:59:57.591,1.3541200000000002,1.3539700000000001,1,1
02.08.2021 00:59:59.574,1.3541100000000001,1.3539700000000001,1,1
02.08.2021 00:59:59.625,1.3541,1.35394,1,1
02.08.2021 01:00:00.460,1.35407,1.35393,1,1
02.08.2021 01:00:01.753,1.35405,1.3539100000000002,1,1
02.08.2021 01:00:06.755,1.3540200000000002,1.35388,1,1.5
02.08.2021 01:00:06.856,1.354,1.3538700000000001,1,1
02.08.2021 01:00:06.906,1.3540200000000002,1.35388,1,1
02.08.2021 01:00:06.957,1.3540100000000002,1.3538700000000001,1,1
02.08.2021 01:00:07.057,1.3540400000000001,1.3538700000000001,1,1
02.08.2021 01:00:07.259,1.35405,1.35388,2.62,1
02.08.2021 01:00:07.310,1.35405,1.3539,1.12,1
02.08.2021 01:00:07.568,1.35405,1.3539200000000002,1,1
02.08.2021 01:00:07.669,1.35408,1.3539200000000002,1.12,1
02.08.2021 01:00:07.820,1.3541200000000002,1.35395,1.5,1
02.08.2021 01:00:07.870,1.3541200000000002,1.3539700000000001,1.57,1
02.08.2021 01:00:08.867,1.3541400000000001,1.35399,2.32,1
02.08.2021 01:00:17.278,1.35413,1.35398,1,1
02.08.2021 01:00:22.121,1.35416,1.35399,3.45,1
02.08.2021 01:00:22.997,1.35417,1.354,1.5,1
02.08.2021 01:00:23.098,1.35417,1.3540200000000002,1,1
02.08.2021 01:00:23.346,1.35415,1.354,1,1
02.08.2021 01:00:31.285,1.35416,1.354,1,1
02.08.2021 01:00:31.386,1.35418,1.3540400000000001,1.12,1
02.08.2021 01:00:31.487,1.3542100000000001,1.35405,1.62,1
02.08.2021 01:00:31.638,1.3542100000000001,1.35405,1,1
02.08.2021 01:00:31.789,1.3542,1.3540400000000001,1,1
02.08.2021 01:00:32.150,1.3542,1.35406,1,1
02.08.2021 01:00:32.251,1.3542200000000002,1.35408,1.5,1
02.08.2021 01:00:32.847,1.35423,1.35407,1,1
02.08.2021 01:00:57.527,1.35419,1.3540400000000001,1,1.5
02.08.2021 01:01:00.282,1.3542100000000001,1.3540400000000001,1,1.5
02.08.2021 01:01:00.333,1.35423,1.35405,1,1
02.08.2021 01:01:00.484,1.35424,1.35407,1,1
02.08.2021 01:01:00.585,1.35423,1.35408,1,1.97
02.08.2021 01:01:00.736,1.35424,1.35407,1,1.12
02.08.2021 01:01:01.330,1.35423,1.35408,1,1.22
02.08.2021 01:01:01.621,1.3542500000000002,1.35409,1,1.1
02.08.2021 01:01:01.672,1.35428,1.35409,1,1.57
02.08.2021 01:01:02.651,1.35428,1.3541100000000001,1,1
02.08.2021 01:01:02.752,1.35429,1.3541,1,1.1
02.08.2021 01:01:05.577,1.35426,1.3541100000000001,1,1
02.08.2021 01:01:05.927,1.35427,1.35409,1,1.95
02.08.2021 01:01:07.980,1.35428,1.3541,1,1
02.08.2021 01:01:09.590,1.35428,1.3541,1,1.6
02.08.2021 01:01:10.950,1.35427,1.3541100000000001,1,1
02.08.2021 01:01:11.055,1.35426,1.35409,1,1.2
02.08.2021 01:01:14.899,1.35428,1.35409,1,1.87
02.08.2021 01:01:14.950,1.35428,1.3541,1,1.1
02.08.2021 01:01:15.051,1.35428,1.35413,1,1
02.08.2021 01:01:15.165,1.35428,1.3541200000000002,1,1.1
02.08.2021 01:01:15.437,1.35428,1.3541200000000002,1,1.1
02.08.2021 01:01:15.538,1.35426,1.3541,1,4.6
02.08.2021 01:01:20.891,1.35427,1.35409,1,1.95
02.08.2021 01:01:25.090,1.35427,1.35409,1,2.07
02.08.2021 01:01:28.511,1.35426,1.35409,1,1.6
02.08.2021 01:01:33.090,1.3542500000000002,1.35409,1,2.35
02.08.2021 01:01:33.804,1.35428,1.35408,1,3.1
02.08.2021 01:01:39.839,1.35428,1.3541,1,1
02.08.2021 01:01:39.949,1.35428,1.3541100000000001,1,1.2
02.08.2021 01:01:42.881,1.35426,1.3541200000000002,1,1.1
02.08.2021 01:01:43.039,1.35427,1.3541200000000002,1,1.1
02.08.2021 01:01:44.358,1.35429,1.3541200000000002,1,1.1
02.08.2021 01:01:44.509,1.3543100000000001,1.35413,1,1.57
02.08.2021 01:01:44.610,1.35433,1.35415,1,1.12
02.08.2021 01:01:46.178,1.3543200000000002,1.35416,1,1.97
02.08.2021 01:01:48.277,1.35434,1.35418,1,1.1
02.08.2021 01:01:48.379,1.35434,1.35418,1,1.22
02.08.2021 01:01:48.430,1.35436,1.3542,1,1
02.08.2021 01:01:48.581,1.35434,1.3542,1,1.1
02.08.2021 01:01:48.936,1.35438,1.35419,1,1.6
02.08.2021 01:01:49.399,1.3543500000000002,1.3542,1,1.22
02.08.2021 01:01:49.933,1.35436,1.35419,1,1.2
02.08.2021 01:01:51.565,1.35433,1.3542,1,1
02.08.2021 01:01:51.667,1.35433,1.35418,1,1
02.08.2021 01:01:52.961,1.3543100000000001,1.35419,1,1
02.08.2021 01:01:53.436,1.3543,1.35419,1,1
02.08.2021 01:01:53.487,1.35429,1.35415,1,1
02.08.2021 01:01:53.588,1.35429,1.3541400000000001,1,1
02.08.2021 01:01:53.688,1.3542500000000002,1.35415,1,1
02.08.2021 01:01:54.085,1.3542500000000002,1.3541200000000002,1,1
02.08.2021 01:01:55.425,1.3542500000000002,1.35406,1,1.1
02.08.2021 01:01:55.526,1.35424,1.35405,1,3.85
02.08.2021 01:01:55.627,1.35423,1.35406,1,3.82
02.08.2021 01:01:58.907,1.35423,1.35406,1,1.97
02.08.2021 01:02:00.734,1.3542200000000002,1.35405,1,1.87
02.08.2021 01:02:01.195,1.3542100000000001,1.35405,1,1.5
02.08.2021 01:02:01.296,1.35419,1.35406,1,1
02.08.2021 01:02:01.397,1.35418,1.35406,1,1
02.08.2021 01:02:02.603,1.35419,1.3540100000000002,1,1
02.08.2021 01:02:12.090,1.35418,1.3540100000000002,1,1
02.08.2021 01:02:14.820,1.35417,1.354,1,1.7
02.08.2021 01:02:15.038,1.35418,1.35399,1,1.57
02.08.2021 01:02:16.206,1.35416,1.354,1,1.12
02.08.2021 01:02:16.307,1.35416,1.35399,1,1.12
02.08.2021 01:02:16.408,1.35413,1.354,1,1
02.08.2021 01:02:17.874,1.3541400000000001,1.35394,1,1.62
02.08.2021 01:02:19.590,1.35413,1.35396,1,1
02.08.2021 01:02:21.577,1.35413,1.35395,1,1
02.08.2021 01:02:23.038,1.3541400000000001,1.35396,1,1.12
02.08.2021 01:02:27.636,1.3541200000000002,1.35395,1,2.85
02.08.2021 01:02:27.687,1.3541100000000001,1.35394,1,1.6
02.08.2021 01:02:27.838,1.3541100000000001,1.35394,1,1
02.08.2021 01:02:28.177,1.3541,1.35394,1,1
02.08.2021 01:02:29.393,1.3541,1.35393,1,1.12
02.08.2021 01:02:30.142,1.3541100000000001,1.3539200000000002,1,2.37
02.08.2021 01:02:30.243,1.3541100000000001,1.35395,1,1.5
02.08.2021 01:02:30.360,1.3541200000000002,1.35396,1,1.12
02.08.2021 01:02:30.512,1.35413,1.3539700000000001,1,1.1
02.08.2021 01:02:30.992,1.3541400000000001,1.35396,1,1.1
02.08.2021 01:02:31.093,1.35415,1.35399,1,1.12
02.08.2021 01:02:31.424,1.35416,1.35399,1,1
02.08.2021 01:02:31.935,1.35416,1.35399,1,1.1
02.08.2021 01:02:32.036,1.3542,1.3540200000000002,1,1
02.08.2021 01:02:32.137,1.35418,1.354,1,2.85
02.08.2021 01:02:32.238,1.35419,1.3540100000000002,1,1.22
02.08.2021 01:02:32.574,1.3542100000000001,1.3540200000000002,1,1.1
02.08.2021 01:02:32.675,1.35424,1.35407,1,1
02.08.2021 01:02:32.966,1.3542200000000002,1.35405,1,2.32
02.08.2021 01:02:33.118,1.35423,1.35405,1,1
02.08.2021 01:02:33.905,1.3542200000000002,1.35406,1,2.45
02.08.2021 01:02:33.956,1.35424,1.35407,1,1.12
02.08.2021 01:02:34.007,1.35427,1.3541,1,1
02.08.2021 01:02:43.798,1.35428,1.35409,1,1.22
02.08.2021 01:02:43.949,1.35429,1.35413,1,1
02.08.2021 01:02:44.447,1.35427,1.3541100000000001,1,1.1
02.08.2021 01:02:47.112,1.35428,1.35413,1,1.2
02.08.2021 01:02:47.213,1.3543200000000002,1.35415,1.5,1
02.08.2021 01:02:47.364,1.3543200000000002,1.35415,1,1.2
02.08.2021 01:02:47.465,1.35433,1.35417,1,1
02.08.2021 01:02:53.155,1.35433,1.3541400000000001,1,2.85
02.08.2021 01:02:53.306,1.35429,1.3541400000000001,1,1
02.08.2021 01:02:53.457,1.35428,1.3541400000000001,1,1
02.08.2021 01:02:53.663,1.35428,1.3541200000000002,1,1
02.08.2021 01:02:55.498,1.35428,1.3541,1,1.12
02.08.2021 01:02:57.320,1.35426,1.35409,1,1.6
02.08.2021 01:02:57.421,1.3542500000000002,1.3541,1,1.1
02.08.2021 01:02:57.686,1.3542500000000002,1.35409,1,1
02.08.2021 01:02:57.787,1.35424,1.35409,1,1.87
02.08.2021 01:02:58.590,1.3542500000000002,1.35407,1,1
02.08.2021 01:02:59.630,1.3542500000000002,1.35406,1,1.87
02.08.2021 01:03:07.051,1.35424,1.35405,1,3.2
02.08.2021 01:03:08.874,1.3542100000000001,1.35406,1,1
02.08.2021 01:03:08.975,1.35419,1.35406,1,1
02.08.2021 01:03:09.554,1.3542,1.3540200000000002,1,1
02.08.2021 01:03:10.688,1.35418,1.35403,1,1
02.08.2021 01:03:10.984,1.35418,1.3540100000000002,1,1
02.08.2021 01:03:11.085,1.35418,1.354,1,1
02.08.2021 01:03:11.366,1.35418,1.35399,1,1.2
02.08.2021 01:03:12.389,1.35417,1.35398,1,1.5
02.08.2021 01:03:13.083,1.35416,1.35398,1,1
02.08.2021 01:03:13.463,1.35416,1.35396,1,1.5
02.08.2021 01:03:21.117,1.3541200000000002,1.35394,1,2.37
02.08.2021 01:03:21.218,1.3541,1.35395,1,1.5
02.08.2021 01:03:21.270,1.3541,1.35395,1,1
02.08.2021 01:03:22.626,1.3541100000000001,1.35395,1,1
02.08.2021 01:03:22.859,1.3541100000000001,1.35394,1,1.5
02.08.2021 01:03:26.031,1.35413,1.35395,1,1
02.08.2021 01:03:26.232,1.35416,1.35398,1,1
02.08.2021 01:03:26.703,1.35416,1.354,1,1
02.08.2021 01:03:27.232,1.35417,1.354,1,1
02.08.2021 01:03:29.039,1.35416,1.35403,1,1
02.08.2021 01:03:30.991,1.35417,1.3540100000000002,1,1
02.08.2021 01:03:31.205,1.35417,1.354,1,1
02.08.2021 01:03:32.131,1.35415,1.354,1,1
02.08.2021 01:03:32.443,1.35417,1.3540100000000002,1,1
02.08.2021 01:03:32.578,1.35416,1.354,1,1
02.08.2021 01:03:32.946,1.35415,1.35398,1,2.25
02.08.2021 01:03:38.094,1.35418,1.35399,1,1
02.08.2021 01:03:40.995,1.35417,1.3540100000000002,1,1
02.08.2021 01:03:44.985,1.35418,1.3540200000000002,1,1.1
02.08.2021 01:03:45.036,1.3542100000000001,1.35403,1,1
02.08.2021 01:03:45.086,1.3542200000000002,1.35406,1,1
02.08.2021 01:03:45.264,1.3542,1.3540400000000001,1,2.25
02.08.2021 01:03:45.365,1.3542200000000002,1.3540400000000001,1,1
02.08.2021 01:03:45.737,1.35419,1.35403,1,1.95
02.08.2021 01:03:46.233,1.3542,1.3540400000000001,1,1
