Gmt time,Ask,Bid,AskVolume,BidVolume
27.08.2021 00:00:00.004,14.93854,14.921610000000001,1,1
27.08.2021 00:00:00.259,14.93834,14.921710000000001,1,1
27.08.2021 00:00:00.383,14.938350000000002,14.922,1,1
27.08.2021 00:00:00.786,14.93834,14.922310000000001,1,1
27.08.2021 00:00:02.055,14.93834,14.92261,1,1
27.08.2021 00:00:03.588,14.938350000000002,14.9229,1,1
27.08.2021 00:00:03.791,14.93834,14.923610000000002,1,1
27.08.2021 00:00:03.942,14.93884,14.92341,1,1
27.08.2021 00:00:04.042,14.93884,14.92341,1,1
27.08.2021 00:00:04.172,14.93884,14.92341,1,1
27.08.2021 00:00:04.273,14.93884,14.92411,1,1
27.08.2021 00:00:04.323,14.93884,14.923710000000002,1,1
27.08.2021 00:00:04.374,14.93885,14.923,1,1
27.08.2021 00:00:04.474,14.93884,14.923610000000002,1,1
27.08.2021 00:00:04.525,14.93884,14.92331,1,1
27.08.2021 00:00:04.727,14.939070000000003,14.923710000000002,1,1
27.08.2021 00:00:04.827,14.939070000000003,14.923610000000002,1,1
27.08.2021 00:00:04.979,14.939170000000003,14.923610000000002,1,1
27.08.2021 00:00:06.244,14.939170000000003,14.92331,1,1
27.08.2021 00:00:06.295,14.939170000000003,14.923510000000002,1,1
27.08.2021 00:00:06.345,14.939170000000003,14.92331,1,1
27.08.2021 00:00:06.451,14.939170000000003,14.923510000000002,1,1
27.08.2021 00:00:06.830,14.939170000000003,14.923510000000002,1,1
27.08.2021 00:00:07.899,14.93918,14.923300000000001,1,1
27.08.2021 00:00:08.049,14.939170000000003,14.92331,1,1
27.08.2021 00:00:08.528,14.939170000000003,14.92331,1,1
27.08.2021 00:00:09.946,14.938870000000001,14.923710000000002,1,1
27.08.2021 00:00:10.047,14.93974,14.92411,1,1
27.08.2021 00:00:10.696,14.938670000000002,14.92411,1,1
27.08.2021 00:00:10.969,14.93994,14.92421,1,1
27.08.2021 00:00:11.120,14.93994,14.92401,1,1
27.08.2021 00:00:11.220,14.93994,14.923910000000001,1,1
27.08.2021 00:00:11.271,14.938670000000002,14.923710000000002,1,1
27.08.2021 00:00:11.579,14.938670000000002,14.923510000000002,1,1
27.08.2021 00:00:11.871,14.938670000000002,14.923710000000002,1,1
27.08.2021 00:00:12.488,14.93994,14.92421,1,1
27.08.2021 00:00:12.590,14.938570000000002,14.924410000000002,1,1
27.08.2021 00:00:16.998,14.938570000000002,14.923510000000002,1,1
27.08.2021 00:00:17.048,14.938570000000002,14.923510000000002,1,1
27.08.2021 00:00:21.359,14.938570000000002,14.923510000000002,1,1
27.08.2021 00:00:21.661,14.938470000000002,14.923210000000001,1,1
27.08.2021 00:00:23.769,14.938270000000001,14.923210000000001,1,1
27.08.2021 00:00:23.819,14.93934,14.923810000000001,1,1
27.08.2021 00:00:23.870,14.93934,14.923510000000002,1,1
27.08.2021 00:00:25.353,14.938370000000003,14.923710000000002,1,1
27.08.2021 00:00:25.433,14.938370000000003,14.923510000000002,1,1
27.08.2021 00:00:26.415,14.938370000000003,14.923910000000001,1,1
27.08.2021 00:00:26.533,14.938370000000003,14.923610000000002,1,1
27.08.2021 00:00:26.584,14.938370000000003,14.923910000000001,1,1
27.08.2021 00:00:29.968,14.938370000000003,14.923710000000002,1,1
27.08.2021 00:00:30.069,14.938370000000003,14.923710000000002,1,1
27.08.2021 00:00:35.169,14.938170000000001,14.92401,1,1
27.08.2021 00:00:35.271,14.938170000000001,14.92401,1,1
27.08.2021 00:00:35.777,14.938170000000001,14.923810000000001,1,1
27.08.2021 00:00:36.247,14.93984,14.924510000000001,1,1
27.08.2021 00:00:36.487,14.93984,14.924310000000002,1,1
27.08.2021 00:00:36.588,14.93984,14.924610000000001,1,1
27.08.2021 00:00:36.751,14.93984,14.92411,1,1
27.08.2021 00:00:36.986,14.93984,14.924310000000002,1,1
27.08.2021 00:00:37.525,14.938670000000002,14.92411,1,1
27.08.2021 00:00:38.606,14.938670000000002,14.92411,1,1
27.08.2021 00:00:42.425,14.938670000000002,14.924510000000001,1,1
27.08.2021 00:00:42.530,14.93994,14.924710000000001,1,1
27.08.2021 00:00:42.580,14.93994,14.924510000000001,1,1
27.08.2021 00:00:42.631,14.93994,14.924710000000001,1,1
27.08.2021 00:00:43.421,14.938570000000002,14.924510000000001,1,1
27.08.2021 00:00:43.546,14.938570000000002,14.924510000000001,1,1
27.08.2021 00:00:43.904,14.938570000000002,14.92481,1,1
27.08.2021 00:00:44.005,14.938570000000002,14.925210000000002,1,1
27.08.2021 00:00:44.171,14.93858,14.925400000000002,1,1
27.08.2021 00:00:45.116,14.938570000000002,14.926210000000001,1,1
27.08.2021 00:00:45.364,14.938570000000002,14.92641,1,1
27.08.2021 00:00:48.999,14.93858,14.9269,1,1
27.08.2021 00:00:49.100,14.938570000000002,14.926810000000001,1,1
27.08.2021 00:00:49.312,14.93858,14.926,1,1
27.08.2021 00:00:49.405,14.938570000000002,14.926010000000002,1,1
27.08.2021 00:00:49.659,14.938570000000002,14.926210000000001,1,1
27.08.2021 00:00:52.093,14.938570000000002,14.926810000000001,1,1
27.08.2021 00:00:52.230,14.938570000000002,14.926510000000002,1,1
27.08.2021 00:00:52.393,14.938570000000002,14.92631,1,1
27.08.2021 00:00:55.922,14.938570000000002,14.92631,1,1
27.08.2021 00:00:56.805,14.938570000000002,14.925810000000002,1,1
27.08.2021 00:00:56.870,14.938570000000002,14.92561,1,1
27.08.2021 00:00:58.050,14.938570000000002,14.92561,1,1
27.08.2021 00:01:00.526,14.93984,14.925810000000002,1,1
27.08.2021 00:01:00.576,14.93984,14.925410000000001,1,1
27.08.2021 00:01:00.717,14.938170000000001,14.925410000000001,1,1
27.08.2021 00:01:00.883,14.938170000000001,14.925010000000002,1,1
27.08.2021 00:01:01.308,14.938170000000001,14.925310000000001,1,1
27.08.2021 00:01:01.423,14.93818,14.9252,1,1
27.08.2021 00:01:01.667,14.938170000000001,14.925510000000001,1,1
27.08.2021 00:01:01.717,14.938170000000001,14.925310000000001,1,1
27.08.2021 00:01:02.399,14.938170000000001,14.925110000000002,1,1
27.08.2021 00:01:03.293,14.938170000000001,14.925410000000001,1,1
27.08.2021 00:01:03.343,14.938170000000001,14.925110000000002,1,1
27.08.2021 00:01:03.394,14.938170000000001,14.925310000000001,1,1
27.08.2021 00:01:04.899,14.938170000000001,14.925510000000001,1,1
27.08.2021 00:01:05.435,14.938170000000001,14.925310000000001,1,1
27.08.2021 00:01:07.041,14.938470000000002,14.925110000000002,1,1
27.08.2021 00:01:07.092,14.938470000000002,14.925110000000002,1,1
27.08.2021 00:01:08.576,14.93856,14.925110000000002,1,1
27.08.2021 00:01:08.991,14.93856,14.92481,1,1
27.08.2021 00:01:10.830,14.93856,14.924610000000001,1,1
27.08.2021 00:01:11.253,14.93856,14.924310000000002,1,1
27.08.2021 00:01:11.304,14.93856,14.92411,1,1
27.08.2021 00:01:11.404,14.93856,14.923610000000002,1,1
27.08.2021 00:01:11.581,14.93856,14.92341,1,1
27.08.2021 00:01:12.048,14.938470000000002,14.92341,1,1
27.08.2021 00:01:13.562,14.938470000000002,14.923710000000002,1,1
27.08.2021 00:01:13.972,14.938470000000002,14.923510000000002,1,1
27.08.2021 00:01:14.482,14.938470000000002,14.923210000000001,1,1
27.08.2021 00:01:15.326,14.938470000000002,14.923610000000002,1,1
27.08.2021 00:01:15.522,14.938470000000002,14.92341,1,1
27.08.2021 00:01:15.957,14.938470000000002,14.923210000000001,1,1
27.08.2021 00:01:16.070,14.938470000000002,14.923610000000002,1,1
27.08.2021 00:01:16.761,14.938470000000002,14.92341,1,1
27.08.2021 00:01:16.985,14.938470000000002,14.92341,1,1
27.08.2021 00:01:18.380,14.938470000000002,14.923610000000002,1,1
27.08.2021 00:01:18.441,14.93848,14.9234,1,1
27.08.2021 00:01:20.402,14.938470000000002,14.923610000000002,1,1
27.08.2021 00:01:22.092,14.938470000000002,14.923810000000001,1,1
27.08.2021 00:01:23.369,14.938470000000002,14.923510000000002,1,1
27.08.2021 00:01:27.052,14.938470000000002,14.923510000000002,1,1
27.08.2021 00:01:32.460,14.938470000000002,14.92331,1,1
27.08.2021 00:01:39.281,14.938270000000001,14.92331,1,1
27.08.2021 00:01:46.312,14.938270000000001,14.923510000000002,1,1
27.08.2021 00:01:47.011,14.938279999999999,14.9235,1,1
27.08.2021 00:01:47.398,14.938270000000001,14.923710000000002,1,1
27.08.2021 00:01:47.472,14.938270000000001,14.923510000000002,1,1
27.08.2021 00:01:47.522,14.938270000000001,14.923710000000002,1,1
27.08.2021 00:01:48.351,14.938270000000001,14.92421,1,1
27.08.2021 00:01:50.202,14.938470000000002,14.923910000000001,1,1
27.08.2021 00:01:53.141,14.93848,14.9234,1,1
27.08.2021 00:01:53.288,14.93848,14.923,1,1
27.08.2021 00:01:54.029,14.938470000000002,14.923010000000001,1,1
27.08.2021 00:01:56.758,14.938470000000002,14.922810000000002,1,1
27.08.2021 00:02:01.357,14.93848,14.9228,1,1
27.08.2021 00:02:01.625,14.938470000000002,14.923610000000002,1,1
27.08.2021 00:02:02.996,14.938279999999999,14.923900000000001,1,1
27.08.2021 00:02:03.112,14.938270000000001,14.92411,1,1
27.08.2021 00:02:03.277,14.938270000000001,14.924510000000001,1,1
27.08.2021 00:02:03.327,14.938270000000001,14.92411,1,1
27.08.2021 00:02:04.047,14.938270000000001,14.92411,1,1
27.08.2021 00:02:04.598,14.938270000000001,14.923810000000001,1,1
27.08.2021 00:02:04.707,14.938270000000001,14.92411,1,1
27.08.2021 00:02:07.009,14.938270000000001,14.92411,1,1
27.08.2021 00:02:08.059,14.938270000000001,14.924410000000002,1,1
27.08.2021 00:02:08.555,14.938270000000001,14.924410000000002,1,1
27.08.2021 00:02:11.148,14.938270000000001,14.924610000000001,1,1
27.08.2021 00:02:13.717,14.938270000000001,14.924310000000002,1,1
27.08.2021 00:02:13.818,14.938279999999999,14.924100000000001,1,1
27.08.2021 00:02:15.160,14.938270000000001,14.924310000000002,1,1
27.08.2021 00:02:17.021,14.938270000000001,14.924310000000002,1,1
27.08.2021 00:02:24.157,14.938270000000001,14.924510000000001,1,1
27.08.2021 00:02:27.043,14.938270000000001,14.924510000000001,1,1
27.08.2021 00:02:27.754,14.938270000000001,14.925010000000002,1,1
27.08.2021 00:02:27.892,14.93964,14.925210000000002,1,1
27.08.2021 00:02:28.016,14.93965,14.9252,1,1
27.08.2021 00:02:28.162,14.93964,14.925510000000001,1,1
27.08.2021 00:02:28.263,14.938670000000002,14.925210000000002,1,1
27.08.2021 00:02:29.898,14.938670000000002,14.925010000000002,1,1
27.08.2021 00:02:37.043,14.938370000000003,14.925010000000002,1,1
27.08.2021 00:02:37.550,14.938370000000003,14.925010000000002,1,1
27.08.2021 00:02:38.584,14.93856,14.925010000000002,1,1
27.08.2021 00:02:40.024,14.93856,14.925210000000002,1,1
27.08.2021 00:02:40.197,14.93856,14.925510000000001,1,1
27.08.2021 00:02:42.609,14.93856,14.925210000000002,1,1
27.08.2021 00:02:42.660,14.938370000000003,14.925210000000002,1,1
27.08.2021 00:02:44.401,14.938370000000003,14.925410000000001,1,1
27.08.2021 00:02:47.859,14.93848,14.925600000000001,1,1
27.08.2021 00:02:51.549,14.938470000000002,14.925410000000001,1,1
27.08.2021 00:02:51.869,14.938470000000002,14.92491,1,1
27.08.2021 00:02:52.131,14.938470000000002,14.924710000000001,1,1
27.08.2021 00:02:52.892,14.938370000000003,14.924710000000001,1,1
27.08.2021 00:02:53.172,14.93964,14.92491,1,1
27.08.2021 00:02:53.222,14.93964,14.924510000000001,1,1
27.08.2021 00:02:53.323,14.938570000000002,14.924510000000001,1,1
27.08.2021 00:02:53.474,14.938570000000002,14.92421,1,1
27.08.2021 00:02:53.525,14.93858,14.9245,1,1
27.08.2021 00:02:53.691,14.93895,14.924510000000001,1,1
27.08.2021 00:02:58.312,14.93866,14.924710000000001,1,1
27.08.2021 00:02:58.971,14.93866,14.924410000000002,1,1
27.08.2021 00:02:59.104,14.93858,14.9244,1,1
27.08.2021 00:02:59.722,14.938470000000002,14.924610000000001,1,1
27.08.2021 00:03:02.903,14.938470000000002,14.924410000000002,1,1
27.08.2021 00:03:07.045,14.938470000000002,14.924410000000002,1,1
27.08.2021 00:03:08.509,14.938470000000002,14.92411,1,1
27.08.2021 00:03:08.586,14.938470000000002,14.92411,1,1
27.08.2021 00:03:08.757,14.938470000000002,14.923910000000001,1,1
27.08.2021 00:03:13.783,14.938470000000002,14.923710000000002,1,1
27.08.2021 00:03:14.019,14.938279999999999,14.923900000000001,1,1
27.08.2021 00:03:16.891,14.938270000000001,14.923610000000002,1,1
27.08.2021 00:03:18.407,14.938270000000001,14.92411,1,1
27.08.2021 00:03:18.508,14.938270000000001,14.92411,1,1
27.08.2021 00:03:23.523,14.938270000000001,14.924310000000002,1,1
27.08.2021 00:03:23.954,14.938270000000001,14.923910000000001,1,1
27.08.2021 00:03:25.476,14.938270000000001,14.92411,1,1
27.08.2021 00:03:26.672,14.938270000000001,14.923910000000001,1,1
27.08.2021 00:03:31.905,14.938270000000001,14.92421,1,1
27.08.2021 00:03:33.899,14.938270000000001,14.924510000000001,1,1
27.08.2021 00:03:35.340,14.938470000000002,14.924510000000001,1,1
27.08.2021 00:03:36.271,14.938470000000002,14.924310000000002,1,1
27.08.2021 00:03:38.584,14.938470000000002,14.924310000000002,1,1
27.08.2021 00:03:46.335,14.938470000000002,14.924610000000001,1,1
27.08.2021 00:03:46.385,14.938470000000002,14.924310000000002,1,1
27.08.2021 00:03:46.436,14.938470000000002,14.924610000000001,1,1
27.08.2021 00:04:00.375,14.938470000000002,14.92421,1,1
27.08.2021 00:04:00.493,14.938470000000002,14.92421,1,1
27.08.2021 00:04:00.702,14.938470000000002,14.924410000000002,1,1
27.08.2021 00:04:01.791,14.938470000000002,14.92421,1,1
27.08.2021 00:04:07.012,14.938470000000002,14.92421,1,1
27.08.2021 00:04:08.612,14.938470000000002,14.923710000000002,1,1
27.08.2021 00:04:17.065,14.938470000000002,14.923710000000002,1,1
27.08.2021 00:04:20.273,14.938470000000002,14.923910000000001,1,1
27.08.2021 00:04:21.248,14.93848,14.9237,1,1
27.08.2021 00:04:21.355,14.938470000000002,14.92341,1,1
27.08.2021 00:04:23.115,14.938470000000002,14.923610000000002,1,1
27.08.2021 00:04:23.252,14.938470000000002,14.923810000000001,1,1
27.08.2021 00:04:24.473,14.938470000000002,14.923610000000002,1,1
27.08.2021 00:04:27.020,14.938470000000002,14.923610000000002,1,1
27.08.2021 00:04:29.884,14.938470000000002,14.923810000000001,1,1
27.08.2021 00:04:31.127,14.938470000000002,14.923610000000002,1,1
27.08.2021 00:04:32.653,14.938470000000002,14.92331,1,1
27.08.2021 00:04:38.581,14.938470000000002,14.92331,1,1
27.08.2021 00:04:40.952,14.938470000000002,14.923610000000002,1,1
27.08.2021 00:04:41.102,14.938470000000002,14.923910000000001,1,1
27.08.2021 00:04:41.152,14.938470000000002,14.923710000000002,1,1
27.08.2021 00:04:41.203,14.938470000000002,14.923710000000002,1,1
27.08.2021 00:04:41.454,14.938970000000001,14.92401,1,1
27.08.2021 00:04:41.505,14.938970000000001,14.923810000000001,1,1
27.08.2021 00:04:45.006,14.938979999999999,14.9238,1,1
27.08.2021 00:04:53.919,14.938570000000002,14.923810000000001,1,1
27.08.2021 00:04:56.953,14.938570000000002,14.923810000000001,1,1
27.08.2021 00:04:59.608,14.938570000000002,14.92401,1,1
27.08.2021 00:04:59.659,14.938570000000002,14.923810000000001,1,1
27.08.2021 00:04:59.716,14.938570000000002,14.923810000000001,1,1
27.08.2021 00:05:00.073,14.938570000000002,14.923610000000002,1,1
27.08.2021 00:05:00.487,14.93984,14.924410000000002,1,1
27.08.2021 00:05:00.537,14.93984,14.924410000000002,1,1
27.08.2021 00:05:00.588,14.93984,14.92421,1,1
27.08.2021 00:05:00.688,14.94083,14.923910000000001,1,1
27.08.2021 00:05:00.739,14.94095,14.92331,1,1
27.08.2021 00:05:00.789,14.94095,14.923510000000002,1,1
27.08.2021 00:05:00.940,14.94088,14.923900000000001,1,1
27.08.2021 00:05:01.415,14.94144,14.924610000000001,1,1
27.08.2021 00:05:01.781,14.941010000000002,14.92401,1,1
27.08.2021 00:05:01.959,14.940820000000002,14.923810000000001,1,1
27.08.2021 00:05:02.010,14.941160000000002,14.92401,1,1
27.08.2021 00:05:02.161,14.941260000000002,14.924710000000001,1,1
27.08.2021 00:05:02.641,14.94084,14.92411,1,1
27.08.2021 00:05:02.692,14.94084,14.92411,1,1
27.08.2021 00:05:02.855,14.94084,14.923910000000001,1,1
27.08.2021 00:05:03.162,14.94084,14.924310000000002,1,1
27.08.2021 00:05:03.611,14.94084,14.92421,1,1
27.08.2021 00:05:03.941,14.94084,14.924410000000002,1,1
27.08.2021 00:05:05.849,14.94084,14.92481,1,1
27.08.2021 00:05:07.012,14.940850000000001,14.925010000000002,1,1
27.08.2021 00:05:08.063,14.94086,14.925210000000002,1,1
27.08.2021 00:05:08.545,14.94024,14.925210000000002,1,1
27.08.2021 00:05:08.676,14.94024,14.925810000000002,1,1
27.08.2021 00:05:08.979,14.94024,14.926010000000002,1,1
27.08.2021 00:05:09.029,14.94024,14.92571,1,1
27.08.2021 00:05:09.130,14.94024,14.92571,1,1
27.08.2021 00:05:09.234,14.94024,14.925110000000002,1,1
27.08.2021 00:05:09.443,14.94024,14.925110000000002,1,1
27.08.2021 00:05:09.493,14.94024,14.92571,1,1
27.08.2021 00:05:09.873,14.94024,14.92571,1,1
27.08.2021 00:05:10.089,14.94024,14.925010000000002,1,1
27.08.2021 00:05:10.389,14.94024,14.925210000000002,1,1
27.08.2021 00:05:10.690,14.94004,14.924710000000001,1,1
27.08.2021 00:05:10.891,14.94004,14.925110000000002,1,1
27.08.2021 00:05:11.326,14.94004,14.92561,1,1
27.08.2021 00:05:11.427,14.94004,14.92491,1,1
27.08.2021 00:05:11.863,14.94004,14.92561,1,1
27.08.2021 00:05:12.014,14.94004,14.925010000000002,1,1
27.08.2021 00:05:12.444,14.94004,14.925010000000002,1,1
27.08.2021 00:05:12.692,14.94004,14.92571,1,1
27.08.2021 00:05:12.742,14.94054,14.925510000000001,1,1
27.08.2021 00:05:13.080,14.94054,14.925810000000002,1,1
27.08.2021 00:05:13.130,14.94054,14.925010000000002,1,1
27.08.2021 00:05:13.642,14.94054,14.925410000000001,1,1
27.08.2021 00:05:14.053,14.94054,14.92571,1,1
27.08.2021 00:05:14.104,14.94054,14.925410000000001,1,1
27.08.2021 00:05:14.254,14.94054,14.92481,1,1
27.08.2021 00:05:14.858,14.94004,14.92481,1,1
27.08.2021 00:05:15.289,14.94004,14.92481,1,1
27.08.2021 00:05:15.522,14.94004,14.92571,1,1
27.08.2021 00:05:15.706,14.940050000000001,14.925500000000001,1,1
27.08.2021 00:05:16.010,14.940050000000001,14.9253,1,1
27.08.2021 00:05:16.139,14.94004,14.924610000000001,1,1
27.08.2021 00:05:16.239,14.94004,14.924510000000001,1,1
27.08.2021 00:05:16.670,14.940050000000001,14.924800000000001,1,1
27.08.2021 00:05:16.827,14.94004,14.92481,1,1
27.08.2021 00:05:16.928,14.94034,14.925410000000001,1,1
27.08.2021 00:05:16.978,14.94034,14.924710000000001,1,1
27.08.2021 00:05:17.078,14.94034,14.924510000000001,1,1
27.08.2021 00:05:17.179,14.94035,14.9242,1,1
27.08.2021 00:05:17.229,14.94034,14.925010000000002,1,1
27.08.2021 00:05:17.280,14.94034,14.924310000000002,1,1
27.08.2021 00:05:17.560,14.94034,14.925010000000002,1,1
27.08.2021 00:05:17.610,14.94034,14.924310000000002,1,1
27.08.2021 00:05:17.718,14.94034,14.924310000000002,1,1
27.08.2021 00:05:17.819,14.94034,14.924510000000001,1,1
27.08.2021 00:05:17.970,14.94034,14.924510000000001,1,1
27.08.2021 00:05:18.271,14.94034,14.924510000000001,1,1
27.08.2021 00:05:18.385,14.94034,14.924510000000001,1,1
27.08.2021 00:05:18.486,14.94034,14.924310000000002,1,1
27.08.2021 00:05:18.591,14.94035,14.9243,1,1
27.08.2021 00:05:18.741,14.94034,14.924510000000001,1,1
27.08.2021 00:05:19.034,14.94034,14.924710000000001,1,1
27.08.2021 00:05:19.135,14.94014,14.925110000000002,1,1
27.08.2021 00:05:19.251,14.94014,14.925110000000002,1,1
27.08.2021 00:05:19.352,14.94014,14.924610000000001,1,1
27.08.2021 00:05:19.403,14.94014,14.924410000000002,1,1
27.08.2021 00:05:19.604,14.94014,14.924410000000002,1,1
27.08.2021 00:05:20.232,14.94014,14.924710000000001,1,1
27.08.2021 00:05:20.461,14.94014,14.924710000000001,1,1
27.08.2021 00:05:20.951,14.94014,14.925310000000001,1,1
27.08.2021 00:05:21.102,14.94034,14.925010000000002,1,1
27.08.2021 00:05:21.203,14.94034,14.925010000000002,1,1
27.08.2021 00:05:21.322,14.94034,14.924410000000002,1,1
27.08.2021 00:05:21.423,14.94034,14.92411,1,1
27.08.2021 00:05:22.191,14.94034,14.924610000000001,1,1
27.08.2021 00:05:22.458,14.94034,14.924610000000001,1,1
27.08.2021 00:05:22.829,14.94034,14.925210000000002,1,1
27.08.2021 00:05:22.930,14.94035,14.925,1,1
27.08.2021 00:05:23.034,14.94034,14.925010000000002,1,1
27.08.2021 00:05:23.153,14.94034,14.924410000000002,1,1
27.08.2021 00:05:23.596,14.94035,14.9244,1,1
27.08.2021 00:05:23.981,14.94034,14.924710000000001,1,1
27.08.2021 00:05:24.082,14.94034,14.925310000000001,1,1
27.08.2021 00:05:24.257,14.94034,14.925310000000001,1,1
27.08.2021 00:05:24.307,14.94034,14.925110000000002,1,1
27.08.2021 00:05:24.946,14.94034,14.92481,1,1
27.08.2021 00:05:25.198,14.94044,14.92481,1,1
27.08.2021 00:05:25.298,14.94044,14.924710000000001,1,1
27.08.2021 00:05:25.349,14.94044,14.92411,1,1
27.08.2021 00:05:26.061,14.94045,14.9245,1,1
27.08.2021 00:05:26.162,14.94044,14.924510000000001,1,1
27.08.2021 00:05:26.679,14.94045,14.9245,1,1
27.08.2021 00:05:27.425,14.94014,14.925110000000002,1,1
27.08.2021 00:05:27.526,14.94014,14.925110000000002,1,1
27.08.2021 00:05:27.781,14.94014,14.92491,1,1
27.08.2021 00:05:28.035,14.94014,14.924310000000002,1,1
27.08.2021 00:05:28.302,14.94014,14.92491,1,1
27.08.2021 00:05:28.402,14.94014,14.92421,1,1
27.08.2021 00:05:28.731,14.94014,14.924410000000002,1,1
27.08.2021 00:05:28.852,14.94014,14.924610000000001,1,1
27.08.2021 00:05:29.003,14.94014,14.924610000000001,1,1
27.08.2021 00:05:29.053,14.94014,14.924410000000002,1,1
27.08.2021 00:05:29.370,14.94014,14.924410000000002,1,1
27.08.2021 00:05:29.779,14.94014,14.924410000000002,1,1
27.08.2021 00:05:29.889,14.94014,14.924410000000002,1,1
27.08.2021 00:05:29.939,14.94014,14.92421,1,1
27.08.2021 00:05:30.114,14.94014,14.924510000000001,1,1
27.08.2021 00:05:30.428,14.94014,14.924310000000002,1,1
27.08.2021 00:05:31.111,14.94014,14.924610000000001,1,1
27.08.2021 00:05:31.221,14.94014,14.92411,1,1
27.08.2021 00:05:31.272,14.940150000000001,14.9243,1,1
27.08.2021 00:05:31.422,14.93994,14.92411,1,1
27.08.2021 00:05:31.578,14.93994,14.924410000000002,1,1
27.08.2021 00:05:31.679,14.93994,14.925010000000002,1,1
27.08.2021 00:05:31.894,14.93994,14.92491,1,1
27.08.2021 00:05:31.995,14.93994,14.925110000000002,1,1
27.08.2021 00:05:32.196,14.93994,14.92491,1,1
27.08.2021 00:05:32.347,14.93994,14.92421,1,1
27.08.2021 00:05:32.648,14.939950000000001,14.9245,1,1
27.08.2021 00:05:32.698,14.93994,14.923910000000001,1,1
27.08.2021 00:05:32.849,14.93994,14.923910000000001,1,1
27.08.2021 00:05:32.900,14.939950000000001,14.924800000000001,1,1
27.08.2021 00:05:33.000,14.93994,14.92421,1,1
27.08.2021 00:05:33.051,14.93994,14.924410000000002,1,1
27.08.2021 00:05:33.202,14.93994,14.924410000000002,1,1
27.08.2021 00:05:33.352,14.93994,14.92491,1,1
27.08.2021 00:05:33.560,14.94004,14.925210000000002,1,1
27.08.2021 00:05:33.610,14.940050000000001,14.925,1,1
27.08.2021 00:05:33.661,14.940050000000001,14.925,1,1
27.08.2021 00:05:33.761,14.94004,14.924310000000002,1,1
27.08.2021 00:05:33.812,14.940050000000001,14.924000000000001,1,1
27.08.2021 00:05:34.128,14.940050000000001,14.9243,1,1
27.08.2021 00:05:34.229,14.94004,14.924310000000002,1,1
27.08.2021 00:05:34.330,14.94004,14.924710000000001,1,1
27.08.2021 00:05:34.431,14.94004,14.924710000000001,1,1
27.08.2021 00:05:34.682,14.94004,14.924510000000001,1,1
27.08.2021 00:05:34.984,14.94004,14.924510000000001,1,1
27.08.2021 00:05:35.204,14.940050000000001,14.924700000000001,1,1
27.08.2021 00:05:35.506,14.94004,14.924710000000001,1,1
27.08.2021 00:05:35.629,14.93964,14.924410000000002,1,1
27.08.2021 00:05:35.680,14.93964,14.924610000000001,1,1
27.08.2021 00:05:35.894,14.93964,14.92481,1,1
27.08.2021 00:05:36.045,14.93964,14.925110000000002,1,1
27.08.2021 00:05:36.095,14.93964,14.924410000000002,1,1
27.08.2021 00:05:36.196,14.93964,14.92421,1,1
27.08.2021 00:05:36.346,14.93964,14.925010000000002,1,1
27.08.2021 00:05:36.397,14.93965,14.924800000000001,1,1
27.08.2021 00:05:36.497,14.93964,14.92421,1,1
27.08.2021 00:05:37.190,14.93964,14.92491,1,1
27.08.2021 00:05:37.291,14.93964,14.925110000000002,1,1
27.08.2021 00:05:37.391,14.93964,14.924510000000001,1,1
27.08.2021 00:05:37.501,14.93964,14.924310000000002,1,1
27.08.2021 00:05:37.652,14.93974,14.92491,1,1
27.08.2021 00:05:37.702,14.93974,14.924310000000002,1,1
27.08.2021 00:05:37.753,14.93974,14.924310000000002,1,1
27.08.2021 00:05:38.266,14.93974,14.924510000000001,1,1
27.08.2021 00:05:38.457,14.93974,14.924510000000001,1,1
27.08.2021 00:05:38.608,14.93974,14.92421,1,1
27.08.2021 00:05:38.658,14.93974,14.924410000000002,1,1
27.08.2021 00:05:39.350,14.93974,14.92491,1,1
27.08.2021 00:05:39.640,14.93974,14.924710000000001,1,1
27.08.2021 00:05:39.831,14.93974,14.92421,1,1
27.08.2021 00:05:40.474,14.93974,14.92481,1,1
27.08.2021 00:05:40.525,14.94004,14.924310000000002,1,1
27.08.2021 00:05:40.660,14.94004,14.924310000000002,1,1
27.08.2021 00:05:40.710,14.94004,14.92491,1,1
27.08.2021 00:05:40.861,14.94004,14.924710000000001,1,1
27.08.2021 00:05:41.013,14.94004,14.92411,1,1
27.08.2021 00:05:41.178,14.94004,14.92411,1,1
27.08.2021 00:05:41.841,14.94004,14.924310000000002,1,1
27.08.2021 00:05:42.094,14.940050000000001,14.924900000000001,1,1
27.08.2021 00:05:45.233,14.93974,14.925110000000002,1,1
27.08.2021 00:05:57.280,14.93924,14.924410000000002,1,1
27.08.2021 00:05:57.857,14.93924,14.924410000000002,1,1
27.08.2021 00:05:57.911,14.939250000000001,14.925,1,1
27.08.2021 00:05:58.012,14.93924,14.924510000000001,1,1
27.08.2021 00:05:58.147,14.93924,14.924510000000001,1,1
27.08.2021 00:05:58.248,14.93924,14.924510000000001,1,1
27.08.2021 00:05:58.399,14.93924,14.924510000000001,1,1
27.08.2021 00:05:58.839,14.93924,14.925010000000002,1,1
27.08.2021 00:05:58.890,14.93924,14.92481,1,1
27.08.2021 00:05:59.040,14.93924,14.92481,1,1
27.08.2021 00:06:00.388,14.939250000000001,14.9242,1,1
27.08.2021 00:06:00.826,14.93964,14.92421,1,1
27.08.2021 00:06:03.115,14.93964,14.92401,1,1
27.08.2021 00:06:03.244,14.93964,14.923710000000002,1,1
27.08.2021 00:06:03.295,14.93944,14.923810000000001,1,1
27.08.2021 00:06:03.446,14.93944,14.923810000000001,1,1
27.08.2021 00:06:03.496,14.93944,14.923610000000002,1,1
27.08.2021 00:06:03.698,14.93944,14.923010000000001,1,1
27.08.2021 00:06:04.251,14.93944,14.92331,1,1
27.08.2021 00:06:04.470,14.93945,14.924900000000001,1,1
27.08.2021 00:06:04.521,14.93944,14.924410000000002,1,1
27.08.2021 00:06:04.777,14.93944,14.925110000000002,1,1
27.08.2021 00:06:04.828,14.93944,14.92421,1,1
27.08.2021 00:06:04.878,14.93945,14.924700000000001,1,1
27.08.2021 00:06:04.929,14.93944,14.92421,1,1
27.08.2021 00:06:05.030,14.93944,14.92401,1,1
27.08.2021 00:06:05.181,14.93944,14.92401,1,1
27.08.2021 00:06:05.231,14.93944,14.924610000000001,1,1
27.08.2021 00:06:05.282,14.93944,14.923910000000001,1,1
27.08.2021 00:06:05.332,14.93944,14.924510000000001,1,1
27.08.2021 00:06:05.433,14.93944,14.924510000000001,1,1
27.08.2021 00:06:05.491,14.93944,14.92481,1,1
27.08.2021 00:06:05.815,14.93944,14.92411,1,1
27.08.2021 00:06:06.067,14.93944,14.92411,1,1
27.08.2021 00:06:06.548,14.93944,14.925010000000002,1,1
27.08.2021 00:06:06.598,14.93944,14.924310000000002,1,1
27.08.2021 00:06:07.192,14.93944,14.924310000000002,1,1
27.08.2021 00:06:07.319,14.93944,14.924610000000001,1,1
27.08.2021 00:06:07.370,14.93934,14.924410000000002,1,1
27.08.2021 00:06:07.470,14.93934,14.923910000000001,1,1
27.08.2021 00:06:08.181,14.93934,14.924410000000002,1,1
27.08.2021 00:06:08.282,14.93934,14.92411,1,1
27.08.2021 00:06:08.600,14.939540000000001,14.92411,1,1
27.08.2021 00:06:09.244,14.939540000000001,14.924610000000001,1,1
27.08.2021 00:06:09.350,14.939540000000001,14.92481,1,1
27.08.2021 00:06:09.400,14.939540000000001,14.92421,1,1
27.08.2021 00:06:10.109,14.939540000000001,14.92401,1,1
27.08.2021 00:06:10.210,14.939540000000001,14.924310000000002,1,1
27.08.2021 00:06:10.260,14.939540000000001,14.92401,1,1
27.08.2021 00:06:10.598,14.939540000000001,14.92421,1,1
27.08.2021 00:06:10.851,14.939540000000001,14.92421,1,1
27.08.2021 00:06:11.026,14.93944,14.924410000000002,1,1
27.08.2021 00:06:11.184,14.93944,14.924410000000002,1,1
27.08.2021 00:06:11.485,14.93945,14.9244,1,1
27.08.2021 00:06:11.636,14.93944,14.924610000000001,1,1
27.08.2021 00:06:11.687,14.93944,14.924410000000002,1,1
27.08.2021 00:06:11.888,14.93944,14.924410000000002,1,1
27.08.2021 00:06:11.988,14.93944,14.924710000000001,1,1
27.08.2021 00:06:12.189,14.93944,14.924710000000001,1,1
27.08.2021 00:06:12.290,14.93944,14.924510000000001,1,1
27.08.2021 00:06:12.498,14.93944,14.924510000000001,1,1
27.08.2021 00:06:12.612,14.93944,14.925010000000002,1,1
27.08.2021 00:06:12.712,14.93944,14.92481,1,1
27.08.2021 00:06:12.864,14.93944,14.925010000000002,1,1
27.08.2021 00:06:12.914,14.93944,14.92481,1,1
27.08.2021 00:06:12.964,14.93944,14.925010000000002,1,1
27.08.2021 00:06:13.015,14.93944,14.92481,1,1
27.08.2021 00:06:13.115,14.93944,14.924510000000001,1,1
27.08.2021 00:06:13.170,14.93944,14.92481,1,1
27.08.2021 00:06:13.321,14.93944,14.925010000000002,1,1
27.08.2021 00:06:13.422,14.93944,14.92481,1,1
27.08.2021 00:06:13.472,14.93944,14.925010000000002,1,1
27.08.2021 00:06:13.573,14.93914,14.924310000000002,1,1
27.08.2021 00:06:13.623,14.93914,14.924510000000001,1,1
27.08.2021 00:06:14.008,14.93914,14.924510000000001,1,1
27.08.2021 00:06:14.159,14.93914,14.925010000000002,1,1
27.08.2021 00:06:14.410,14.93914,14.925010000000002,1,1
27.08.2021 00:06:15.245,14.93914,14.925010000000002,1,1
27.08.2021 00:06:15.346,14.93914,14.924510000000001,1,1
27.08.2021 00:06:16.109,14.939350000000001,14.9243,1,1
27.08.2021 00:06:16.210,14.93934,14.924610000000001,1,1
27.08.2021 00:06:16.822,14.93934,14.925210000000002,1,1
27.08.2021 00:06:16.872,14.93934,14.925010000000002,1,1
27.08.2021 00:06:16.973,14.93934,14.925010000000002,1,1
27.08.2021 00:06:17.074,14.93934,14.925010000000002,1,1
27.08.2021 00:06:17.491,14.93934,14.92491,1,1
27.08.2021 00:06:17.642,14.93934,14.92421,1,1
27.08.2021 00:06:17.793,14.93934,14.92421,1,1
27.08.2021 00:06:18.318,14.93944,14.92401,1,1
27.08.2021 00:06:18.426,14.93944,14.924510000000001,1,1
27.08.2021 00:06:18.691,14.93944,14.924310000000002,1,1
27.08.2021 00:06:19.207,14.93944,14.924510000000001,1,1
27.08.2021 00:06:29.297,14.93994,14.924710000000001,1,1
27.08.2021 00:06:29.347,14.93994,14.924710000000001,1,1
27.08.2021 00:06:29.448,14.93994,14.924710000000001,1,1
27.08.2021 00:06:29.554,14.93994,14.924410000000002,1,1
27.08.2021 00:06:29.605,14.93994,14.924610000000001,1,1
27.08.2021 00:06:30.679,14.93994,14.92481,1,1
27.08.2021 00:06:30.830,14.93994,14.925410000000001,1,1
27.08.2021 00:06:31.003,14.93994,14.924710000000001,1,1
27.08.2021 00:06:31.254,14.93984,14.925310000000001,1,1
27.08.2021 00:06:31.305,14.93984,14.924510000000001,1,1
27.08.2021 00:06:31.355,14.93985,14.9245,1,1
27.08.2021 00:06:31.519,14.93984,14.924710000000001,1,1
27.08.2021 00:06:31.845,14.93984,14.924510000000001,1,1
27.08.2021 00:06:31.946,14.93984,14.924510000000001,1,1
27.08.2021 00:06:32.479,14.93985,14.9251,1,1
27.08.2021 00:06:34.063,14.93944,14.924510000000001,1,1
27.08.2021 00:06:34.316,14.93944,14.924510000000001,1,1
27.08.2021 00:06:34.367,14.93944,14.924310000000002,1,1
27.08.2021 00:06:34.518,14.93944,14.924310000000002,1,1
27.08.2021 00:06:35.109,14.93944,14.924710000000001,1,1
27.08.2021 00:06:35.590,14.93944,14.924410000000002,1,1
27.08.2021 00:06:35.691,14.93944,14.92421,1,1
27.08.2021 00:06:35.859,14.93944,14.924610000000001,1,1
27.08.2021 00:06:36.209,14.93945,14.924900000000001,1,1
27.08.2021 00:06:36.310,14.93974,14.925510000000001,1,1
27.08.2021 00:06:36.361,14.93974,14.92481,1,1
27.08.2021 00:06:36.412,14.93974,14.925210000000002,1,1
27.08.2021 00:06:36.462,14.93974,14.924610000000001,1,1
27.08.2021 00:06:36.664,14.93974,14.924410000000002,1,1
27.08.2021 00:06:36.916,14.93974,14.92421,1,1
27.08.2021 00:06:37.136,14.93974,14.924710000000001,1,1
27.08.2021 00:06:37.187,14.93975,14.9244,1,1
27.08.2021 00:06:37.454,14.93974,14.923510000000002,1,1
27.08.2021 00:06:37.706,14.93974,14.923510000000002,1,1
27.08.2021 00:06:37.757,14.93974,14.923810000000001,1,1
27.08.2021 00:06:37.913,14.93974,14.923810000000001,1,1
27.08.2021 00:06:38.276,14.939950000000001,14.9253,1,1
27.08.2021 00:06:38.327,14.93994,14.924510000000001,1,1
27.08.2021 00:06:38.377,14.93994,14.924510000000001,1,1
27.08.2021 00:06:38.479,14.93964,14.924710000000001,1,1
27.08.2021 00:06:38.630,14.93964,14.924710000000001,1,1
27.08.2021 00:06:38.680,14.93964,14.924510000000001,1,1
27.08.2021 00:06:38.927,14.93964,14.924710000000001,1,1
27.08.2021 00:06:38.978,14.93964,14.924510000000001,1,1
27.08.2021 00:06:40.815,14.93984,14.925210000000002,1,1
27.08.2021 00:06:40.915,14.93984,14.925010000000002,1,1
27.08.2021 00:06:41.016,14.93984,14.925510000000001,1,1
27.08.2021 00:06:41.067,14.93984,14.925110000000002,1,1
27.08.2021 00:06:41.117,14.93984,14.925510000000001,1,1
27.08.2021 00:06:41.168,14.93984,14.925310000000001,1,1
27.08.2021 00:06:41.337,14.93984,14.925310000000001,1,1
27.08.2021 00:06:42.030,14.93984,14.925310000000001,1,1
27.08.2021 00:06:44.076,14.93984,14.925110000000002,1,1
27.08.2021 00:06:47.043,14.93994,14.925110000000002,1,1
27.08.2021 00:06:49.171,14.93994,14.925010000000002,1,1
27.08.2021 00:06:53.935,14.93994,14.924710000000001,1,1
27.08.2021 00:06:54.324,14.93984,14.924710000000001,1,1
27.08.2021 00:06:54.570,14.93984,14.924510000000001,1,1
27.08.2021 00:06:54.792,14.93984,14.924310000000002,1,1
27.08.2021 00:07:00.223,14.93984,14.92411,1,1
27.08.2021 00:07:05.600,14.93984,14.923910000000001,1,1
27.08.2021 00:07:08.602,14.93974,14.923910000000001,1,1
27.08.2021 00:07:12.730,14.93974,14.92421,1,1
27.08.2021 00:07:16.985,14.93944,14.92421,1,1
27.08.2021 00:07:17.086,14.93944,14.92421,1,1
27.08.2021 00:07:27.010,14.93904,14.92421,1,1
27.08.2021 00:07:28.228,14.93904,14.923610000000002,1,1
27.08.2021 00:07:29.891,14.93904,14.92421,1,1
27.08.2021 00:07:37.000,14.93934,14.924610000000001,1,1
27.08.2021 00:07:37.541,14.93934,14.92481,1,1
27.08.2021 00:07:37.752,14.93934,14.925010000000002,1,1
27.08.2021 00:07:37.830,14.93934,14.924610000000001,1,1
27.08.2021 00:07:38.601,14.938740000000001,14.924610000000001,1,1
27.08.2021 00:07:39.264,14.938740000000001,14.92481,1,1
27.08.2021 00:07:46.820,14.938740000000001,14.924610000000001,1,1
27.08.2021 00:07:56.061,14.938740000000001,14.92481,1,1
27.08.2021 00:07:56.506,14.93875,14.925,1,1
27.08.2021 00:07:58.522,14.938740000000001,14.925210000000002,1,1
27.08.2021 00:07:59.881,14.93854,14.924610000000001,1,1
27.08.2021 00:07:59.982,14.93854,14.924610000000001,1,1
27.08.2021 00:08:00.143,14.93854,14.924610000000001,1,1
27.08.2021 00:08:00.576,14.93854,14.92481,1,1
27.08.2021 00:08:00.627,14.93854,14.924510000000001,1,1
27.08.2021 00:08:00.779,14.93854,14.924510000000001,1,1
27.08.2021 00:08:00.891,14.93854,14.924710000000001,1,1
27.08.2021 00:08:01.107,14.93854,14.924710000000001,1,1
27.08.2021 00:08:01.159,14.93854,14.924510000000001,1,1
27.08.2021 00:08:01.613,14.93854,14.92481,1,1
27.08.2021 00:08:02.075,14.93864,14.92481,1,1
27.08.2021 00:08:02.126,14.93864,14.924410000000002,1,1
27.08.2021 00:08:02.229,14.93865,14.9242,1,1
27.08.2021 00:08:02.330,14.93864,14.92421,1,1
27.08.2021 00:08:02.380,14.93864,14.924410000000002,1,1
27.08.2021 00:08:02.898,14.93864,14.924410000000002,1,1
27.08.2021 00:08:03.049,14.93864,14.924610000000001,1,1
27.08.2021 00:08:03.612,14.93865,14.924900000000001,1,1
27.08.2021 00:08:03.713,14.93865,14.924900000000001,1,1
27.08.2021 00:08:03.914,14.93864,14.92491,1,1
27.08.2021 00:08:04.015,14.93864,14.925110000000002,1,1
27.08.2021 00:08:04.219,14.93904,14.924710000000001,1,1
27.08.2021 00:08:04.536,14.93904,14.92491,1,1
27.08.2021 00:08:05.196,14.93905,14.9245,1,1
27.08.2021 00:08:05.800,14.93904,14.92481,1,1
27.08.2021 00:08:06.178,14.93914,14.924610000000001,1,1
27.08.2021 00:08:06.229,14.93914,14.92491,1,1
27.08.2021 00:08:06.330,14.93914,14.924610000000001,1,1
27.08.2021 00:08:06.532,14.939150000000001,14.9246,1,1
27.08.2021 00:08:06.973,14.93914,14.924610000000001,1,1
27.08.2021 00:08:07.175,14.93914,14.92491,1,1
27.08.2021 00:08:07.426,14.93914,14.924510000000001,1,1
27.08.2021 00:08:07.477,14.93914,14.924310000000002,1,1
27.08.2021 00:08:07.737,14.93914,14.924510000000001,1,1
27.08.2021 00:08:08.146,14.93914,14.924710000000001,1,1
27.08.2021 00:08:08.296,14.93905,14.924700000000001,1,1
27.08.2021 00:08:08.448,14.93924,14.92491,1,1
27.08.2021 00:08:08.498,14.93924,14.924610000000001,1,1
27.08.2021 00:08:08.599,14.939250000000001,14.9246,1,1
27.08.2021 00:08:08.869,14.939250000000001,14.9246,1,1
27.08.2021 00:08:09.173,14.93924,14.924610000000001,1,1
27.08.2021 00:08:09.605,14.93924,14.924310000000002,1,1
27.08.2021 00:08:09.806,14.93924,14.924310000000002,1,1
27.08.2021 00:08:09.859,14.93924,14.924510000000001,1,1
27.08.2021 00:08:09.960,14.93924,14.924510000000001,1,1
27.08.2021 00:08:10.097,14.939250000000001,14.9245,1,1
27.08.2021 00:08:10.198,14.93924,14.924510000000001,1,1
27.08.2021 00:08:10.742,14.93944,14.924710000000001,1,1
27.08.2021 00:08:10.793,14.93944,14.924310000000002,1,1
27.08.2021 00:08:10.894,14.93944,14.924310000000002,1,1
27.08.2021 00:08:11.045,14.93945,14.9243,1,1
27.08.2021 00:08:11.621,14.93944,14.924310000000002,1,1
27.08.2021 00:08:11.799,14.93944,14.92481,1,1
27.08.2021 00:08:11.850,14.93944,14.924310000000002,1,1
27.08.2021 00:08:12.069,14.93944,14.92401,1,1
27.08.2021 00:08:12.261,14.93944,14.92401,1,1
27.08.2021 00:08:12.471,14.93944,14.923610000000002,1,1
27.08.2021 00:08:12.522,14.93944,14.923810000000001,1,1
27.08.2021 00:08:12.792,14.93944,14.92401,1,1
27.08.2021 00:08:12.943,14.93944,14.92401,1,1
27.08.2021 00:08:13.799,14.93944,14.92421,1,1
27.08.2021 00:08:14.772,14.93944,14.92421,1,1
27.08.2021 00:08:15.006,14.93924,14.92421,1,1
27.08.2021 00:08:15.177,14.93924,14.92421,1,1
27.08.2021 00:08:15.413,14.93924,14.92421,1,1
27.08.2021 00:08:15.889,14.93924,14.924710000000001,1,1
27.08.2021 00:08:16.304,14.93924,14.924710000000001,1,1
27.08.2021 00:08:16.455,14.93924,14.924310000000002,1,1
27.08.2021 00:08:17.133,14.93924,14.92411,1,1
27.08.2021 00:08:17.246,14.939540000000001,14.924310000000002,1,1
27.08.2021 00:08:17.347,14.939540000000001,14.924310000000002,1,1
27.08.2021 00:08:17.743,14.939540000000001,14.924310000000002,1,1
27.08.2021 00:08:18.123,14.939540000000001,14.92411,1,1
27.08.2021 00:08:18.325,14.93955,14.924100000000001,1,1
27.08.2021 00:08:19.274,14.93934,14.924310000000002,1,1
27.08.2021 00:08:19.375,14.93934,14.924310000000002,1,1
27.08.2021 00:08:21.487,14.93924,14.92411,1,1
27.08.2021 00:08:21.627,14.939250000000001,14.924100000000001,1,1
27.08.2021 00:08:21.778,14.939250000000001,14.9245,1,1
27.08.2021 00:08:22.188,14.93924,14.923910000000001,1,1
27.08.2021 00:08:22.339,14.93924,14.923910000000001,1,1
27.08.2021 00:08:22.490,14.93924,14.923910000000001,1,1
27.08.2021 00:08:22.819,14.93924,14.924410000000002,1,1
27.08.2021 00:08:22.970,14.93924,14.924410000000002,1,1
27.08.2021 00:08:23.169,14.939250000000001,14.9242,1,1
27.08.2021 00:08:23.270,14.93924,14.92421,1,1
27.08.2021 00:08:23.558,14.93934,14.92421,1,1
27.08.2021 00:08:23.850,14.93934,14.924410000000002,1,1
27.08.2021 00:08:24.237,14.93934,14.924410000000002,1,1
27.08.2021 00:08:25.017,14.93934,14.924610000000001,1,1
27.08.2021 00:08:25.118,14.93934,14.925110000000002,1,1
27.08.2021 00:08:25.243,14.93934,14.925110000000002,1,1
27.08.2021 00:08:25.293,14.93934,14.924410000000002,1,1
27.08.2021 00:08:25.394,14.93934,14.924610000000001,1,1
27.08.2021 00:08:25.696,14.93934,14.924610000000001,1,1
27.08.2021 00:08:26.228,14.939350000000001,14.9244,1,1
27.08.2021 00:08:27.308,14.93934,14.92411,1,1
27.08.2021 00:08:27.660,14.939540000000001,14.924410000000002,1,1
27.08.2021 00:08:27.711,14.939540000000001,14.924410000000002,1,1
27.08.2021 00:08:28.064,14.939540000000001,14.92421,1,1
27.08.2021 00:08:28.639,14.93955,14.9244,1,1
27.08.2021 00:08:28.827,14.939540000000001,14.924410000000002,1,1
27.08.2021 00:08:29.027,14.939540000000001,14.924410000000002,1,1
27.08.2021 00:08:29.128,14.939540000000001,14.925110000000002,1,1
27.08.2021 00:08:29.229,14.939540000000001,14.924410000000002,1,1
27.08.2021 00:08:29.330,14.939540000000001,14.924410000000002,1,1
27.08.2021 00:08:29.381,14.939540000000001,14.924510000000001,1,1
27.08.2021 00:08:29.431,14.939540000000001,14.924310000000002,1,1
27.08.2021 00:08:29.673,14.939250000000001,14.924100000000001,1,1
27.08.2021 00:08:29.724,14.93924,14.924410000000002,1,1
27.08.2021 00:08:29.825,14.93924,14.924410000000002,1,1
27.08.2021 00:08:30.156,14.939250000000001,14.9244,1,1
27.08.2021 00:08:31.115,14.93924,14.92411,1,1
27.08.2021 00:08:31.266,14.93924,14.92411,1,1
27.08.2021 00:08:31.417,14.93924,14.924310000000002,1,1
27.08.2021 00:08:31.983,14.93944,14.92411,1,1
27.08.2021 00:08:32.139,14.93944,14.92331,1,1
27.08.2021 00:08:32.240,14.93944,14.923110000000001,1,1
27.08.2021 00:08:32.290,14.93944,14.923610000000002,1,1
27.08.2021 00:08:33.375,14.93944,14.924410000000002,1,1
27.08.2021 00:08:35.089,14.93944,14.924310000000002,1,1
27.08.2021 00:08:37.047,14.93924,14.924310000000002,1,1
27.08.2021 00:08:38.591,14.93924,14.924310000000002,1,1
27.08.2021 00:08:42.293,14.939250000000001,14.9246,1,1
27.08.2021 00:08:43.163,14.93924,14.92491,1,1
27.08.2021 00:08:47.004,14.93934,14.92491,1,1
27.08.2021 00:08:49.861,14.93934,14.924610000000001,1,1
27.08.2021 00:08:50.201,14.93934,14.924410000000002,1,1
27.08.2021 00:08:50.252,14.93934,14.92411,1,1
27.08.2021 00:08:51.666,14.93934,14.924710000000001,1,1
27.08.2021 00:08:52.481,14.939350000000001,14.924900000000001,1,1
27.08.2021 00:08:57.058,14.93914,14.92491,1,1
27.08.2021 00:09:00.415,14.93914,14.925210000000002,1,1
27.08.2021 00:09:04.508,14.939150000000001,14.925,1,1
27.08.2021 00:09:05.817,14.93914,14.925210000000002,1,1
27.08.2021 00:09:07.552,14.93934,14.925210000000002,1,1
27.08.2021 00:09:07.707,14.93934,14.925010000000002,1,1
27.08.2021 00:09:08.581,14.93894,14.925010000000002,1,1
27.08.2021 00:09:12.149,14.93914,14.925010000000002,1,1
27.08.2021 00:09:14.032,14.93914,14.92481,1,1
27.08.2021 00:09:14.903,14.93914,14.924510000000001,1,1
27.08.2021 00:09:16.999,14.93904,14.92481,1,1
27.08.2021 00:09:17.104,14.93904,14.92481,1,1
27.08.2021 00:09:17.205,14.93904,14.925110000000002,1,1
27.08.2021 00:09:27.003,14.93924,14.925110000000002,1,1
27.08.2021 00:09:27.104,14.93924,14.925110000000002,1,1
27.08.2021 00:09:27.305,14.93924,14.925110000000002,1,1
27.08.2021 00:09:27.841,14.93924,14.92491,1,1
27.08.2021 00:09:28.901,14.93924,14.924510000000001,1,1
27.08.2021 00:09:28.951,14.939250000000001,14.924900000000001,1,1
27.08.2021 00:09:29.509,14.93924,14.924510000000001,1,1
27.08.2021 00:09:29.559,14.93924,14.924710000000001,1,1
27.08.2021 00:09:29.610,14.93924,14.924410000000002,1,1
27.08.2021 00:09:29.660,14.93924,14.92481,1,1
27.08.2021 00:09:29.710,14.93924,14.924410000000002,1,1
27.08.2021 00:09:29.761,14.93924,14.92481,1,1
27.08.2021 00:09:29.811,14.93924,14.924410000000002,1,1
27.08.2021 00:09:29.861,14.93924,14.92481,1,1
27.08.2021 00:09:29.912,14.93924,14.924410000000002,1,1
27.08.2021 00:09:29.962,14.939250000000001,14.924800000000001,1,1
27.08.2021 00:09:30.013,14.93924,14.924410000000002,1,1
27.08.2021 00:09:30.063,14.93924,14.92481,1,1
27.08.2021 00:09:30.114,14.93924,14.924410000000002,1,1
27.08.2021 00:09:30.164,14.93924,14.92481,1,1
27.08.2021 00:09:30.265,14.93924,14.924410000000002,1,1
27.08.2021 00:09:30.316,14.93924,14.92481,1,1
27.08.2021 00:09:30.366,14.93924,14.924410000000002,1,1
27.08.2021 00:09:30.416,14.93924,14.92481,1,1
27.08.2021 00:09:30.471,14.93924,14.924410000000002,1,1
27.08.2021 00:09:30.521,14.93924,14.92481,1,1
27.08.2021 00:09:30.572,14.93924,14.924610000000001,1,1
27.08.2021 00:09:30.622,14.93924,14.92481,1,1
27.08.2021 00:09:30.786,14.93924,14.924410000000002,1,1
27.08.2021 00:09:30.837,14.93924,14.92481,1,1
27.08.2021 00:09:30.887,14.93924,14.924410000000002,1,1
27.08.2021 00:09:30.938,14.93924,14.92481,1,1
27.08.2021 00:09:30.988,14.93924,14.924410000000002,1,1
27.08.2021 00:09:31.038,14.93924,14.92481,1,1
27.08.2021 00:09:31.089,14.93924,14.924410000000002,1,1
27.08.2021 00:09:31.140,14.93924,14.92481,1,1
27.08.2021 00:09:31.306,14.939250000000001,14.9244,1,1
27.08.2021 00:09:31.357,14.93924,14.924610000000001,1,1
27.08.2021 00:09:31.519,14.93924,14.92481,1,1
27.08.2021 00:09:31.569,14.93924,14.924410000000002,1,1
27.08.2021 00:09:31.619,14.93924,14.92481,1,1
27.08.2021 00:09:31.720,14.939250000000001,14.9244,1,1
27.08.2021 00:09:31.771,14.93924,14.92481,1,1
27.08.2021 00:09:31.821,14.93924,14.924410000000002,1,1
27.08.2021 00:09:31.872,14.93924,14.92481,1,1
27.08.2021 00:09:32.000,14.93924,14.924410000000002,1,1
27.08.2021 00:09:32.050,14.939250000000001,14.924800000000001,1,1
27.08.2021 00:09:32.101,14.939250000000001,14.9244,1,1
27.08.2021 00:09:32.151,14.93924,14.92481,1,1
27.08.2021 00:09:32.310,14.93924,14.924410000000002,1,1
27.08.2021 00:09:32.360,14.939250000000001,14.924800000000001,1,1
27.08.2021 00:09:32.461,14.939250000000001,14.9244,1,1
27.08.2021 00:09:32.511,14.93924,14.92481,1,1
27.08.2021 00:09:32.561,14.93924,14.924410000000002,1,1
27.08.2021 00:09:32.612,14.93924,14.92481,1,1
27.08.2021 00:09:32.712,14.93924,14.924410000000002,1,1
27.08.2021 00:09:32.763,14.93924,14.92481,1,1
27.08.2021 00:09:32.813,14.93924,14.924410000000002,1,1
27.08.2021 00:09:32.864,14.93924,14.92481,1,1
27.08.2021 00:09:32.914,14.93924,14.924410000000002,1,1
27.08.2021 00:09:32.965,14.93924,14.92481,1,1
27.08.2021 00:09:33.016,14.93924,14.924410000000002,1,1
27.08.2021 00:09:33.066,14.93924,14.92481,1,1
27.08.2021 00:09:33.116,14.93924,14.924410000000002,1,1
27.08.2021 00:09:33.167,14.93924,14.92481,1,1
27.08.2021 00:09:33.218,14.93924,14.924610000000001,1,1
27.08.2021 00:09:33.269,14.93924,14.924410000000002,1,1
27.08.2021 00:09:33.319,14.93924,14.924610000000001,1,1
27.08.2021 00:09:33.420,14.939250000000001,14.9244,1,1
27.08.2021 00:09:33.470,14.939250000000001,14.9246,1,1
27.08.2021 00:09:33.521,14.93924,14.924410000000002,1,1
27.08.2021 00:09:33.571,14.93924,14.924610000000001,1,1
27.08.2021 00:09:33.622,14.93924,14.924410000000002,1,1
27.08.2021 00:09:33.672,14.93924,14.924610000000001,1,1
27.08.2021 00:09:33.773,14.939250000000001,14.924800000000001,1,1
27.08.2021 00:09:33.824,14.93924,14.924410000000002,1,1
27.08.2021 00:09:33.874,14.93924,14.92481,1,1
27.08.2021 00:09:33.924,14.93924,14.924410000000002,1,1
27.08.2021 00:09:33.975,14.93924,14.92481,1,1
27.08.2021 00:09:34.137,14.93924,14.924410000000002,1,1
27.08.2021 00:09:34.188,14.93924,14.924610000000001,1,1
27.08.2021 00:09:34.238,14.93924,14.924410000000002,1,1
27.08.2021 00:09:34.289,14.939250000000001,14.9246,1,1
27.08.2021 00:09:34.339,14.93924,14.924410000000002,1,1
27.08.2021 00:09:34.390,14.939250000000001,14.9246,1,1
27.08.2021 00:09:34.440,14.93924,14.924410000000002,1,1
27.08.2021 00:09:34.491,14.93924,14.924610000000001,1,1
27.08.2021 00:09:34.541,14.93924,14.924410000000002,1,1
27.08.2021 00:09:34.592,14.93924,14.924610000000001,1,1
27.08.2021 00:09:34.642,14.93924,14.924410000000002,1,1
27.08.2021 00:09:34.693,14.93924,14.924610000000001,1,1
27.08.2021 00:09:34.870,14.93924,14.924410000000002,1,1
27.08.2021 00:09:34.921,14.93924,14.924610000000001,1,1
27.08.2021 00:09:34.971,14.93924,14.924410000000002,1,1
27.08.2021 00:09:35.022,14.93924,14.924610000000001,1,1
27.08.2021 00:09:35.072,14.93924,14.924410000000002,1,1
27.08.2021 00:09:35.123,14.93924,14.924610000000001,1,1
27.08.2021 00:09:35.173,14.939250000000001,14.9244,1,1
27.08.2021 00:09:35.224,14.93924,14.924610000000001,1,1
27.08.2021 00:09:35.275,14.93924,14.924410000000002,1,1
27.08.2021 00:09:35.325,14.93924,14.924610000000001,1,1
27.08.2021 00:09:35.481,14.93924,14.924410000000002,1,1
27.08.2021 00:09:35.532,14.93924,14.924610000000001,1,1
27.08.2021 00:09:35.582,14.93924,14.924410000000002,1,1
27.08.2021 00:09:35.633,14.93924,14.924610000000001,1,1
27.08.2021 00:09:35.683,14.93924,14.924410000000002,1,1
27.08.2021 00:09:35.734,14.93924,14.924610000000001,1,1
27.08.2021 00:09:35.784,14.93924,14.924410000000002,1,1
27.08.2021 00:09:35.835,14.93924,14.924610000000001,1,1
27.08.2021 00:09:35.885,14.93924,14.924410000000002,1,1
27.08.2021 00:09:35.936,14.93924,14.924610000000001,1,1
27.08.2021 00:09:35.986,14.939250000000001,14.9244,1,1
27.08.2021 00:09:36.037,14.93924,14.924610000000001,1,1
27.08.2021 00:09:36.087,14.93924,14.924410000000002,1,1
27.08.2021 00:09:36.138,14.93924,14.924610000000001,1,1
27.08.2021 00:09:36.188,14.93924,14.924410000000002,1,1
27.08.2021 00:09:36.239,14.93924,14.924610000000001,1,1
27.08.2021 00:09:36.290,14.93924,14.924410000000002,1,1
27.08.2021 00:09:36.340,14.93924,14.924610000000001,1,1
27.08.2021 00:09:36.486,14.93924,14.924410000000002,1,1
27.08.2021 00:09:36.537,14.93924,14.924610000000001,1,1
27.08.2021 00:09:36.587,14.93924,14.924410000000002,1,1
27.08.2021 00:09:36.638,14.93924,14.924610000000001,1,1
27.08.2021 00:09:36.688,14.93924,14.924410000000002,1,1
27.08.2021 00:09:36.739,14.93924,14.924610000000001,1,1
27.08.2021 00:09:36.789,14.93924,14.924410000000002,1,1
27.08.2021 00:09:36.840,14.93924,14.924610000000001,1,1
27.08.2021 00:09:36.890,14.93914,14.924410000000002,1,1
27.08.2021 00:09:36.940,14.939150000000001,14.9246,1,1
27.08.2021 00:09:37.041,14.93914,14.924610000000001,1,1
27.08.2021 00:09:38.601,14.93934,14.92491,1,1
27.08.2021 00:09:48.553,14.939350000000001,14.924900000000001,1,1
27.08.2021 00:09:57.013,14.93944,14.92491,1,1
27.08.2021 00:09:57.987,14.93945,14.925400000000002,1,1
27.08.2021 00:09:58.138,14.93944,14.926010000000002,1,1
27.08.2021 00:09:58.239,14.93944,14.926010000000002,1,1
27.08.2021 00:09:58.315,14.93944,14.925810000000002,1,1
27.08.2021 00:09:59.181,14.93975,14.9258,1,1
27.08.2021 00:10:03.159,14.93914,14.925310000000001,1,1
27.08.2021 00:10:03.210,14.93914,14.925010000000002,1,1
27.08.2021 00:10:03.261,14.93914,14.925010000000002,1,1
27.08.2021 00:10:03.412,14.93914,14.925010000000002,1,1
27.08.2021 00:10:03.563,14.93914,14.925010000000002,1,1
27.08.2021 00:10:04.497,14.93914,14.925310000000001,1,1
27.08.2021 00:10:10.434,14.93914,14.925110000000002,1,1
27.08.2021 00:10:11.504,14.93914,14.924710000000001,1,1
27.08.2021 00:10:11.554,14.93994,14.925310000000001,1,1
27.08.2021 00:10:11.655,14.93994,14.925510000000001,1,1
27.08.2021 00:10:11.706,14.939950000000001,14.925500000000001,1,1
27.08.2021 00:10:12.685,14.93994,14.925510000000001,1,1
27.08.2021 00:10:12.736,14.93994,14.925410000000001,1,1
27.08.2021 00:10:13.823,14.94004,14.925410000000001,1,1
27.08.2021 00:10:16.188,14.94004,14.925810000000002,1,1
27.08.2021 00:10:17.019,14.94014,14.925810000000002,1,1
27.08.2021 00:10:21.978,14.94014,14.925510000000001,1,1
27.08.2021 00:10:22.539,14.94014,14.925810000000002,1,1
27.08.2021 00:10:26.996,14.94004,14.925810000000002,1,1
27.08.2021 00:10:28.228,14.94004,14.92561,1,1
27.08.2021 00:10:28.279,14.94004,14.925810000000002,1,1
27.08.2021 00:10:29.049,14.94004,14.925510000000001,1,1
27.08.2021 00:10:37.104,14.93914,14.92481,1,1
27.08.2021 00:10:37.155,14.93914,14.924510000000001,1,1
27.08.2021 00:10:37.205,14.93914,14.924310000000002,1,1
27.08.2021 00:10:37.407,14.93914,14.924610000000001,1,1
27.08.2021 00:10:37.827,14.93914,14.92491,1,1
27.08.2021 00:10:37.994,14.93914,14.92571,1,1
27.08.2021 00:10:38.095,14.939150000000001,14.925500000000001,1,1
27.08.2021 00:10:38.146,14.93914,14.925310000000001,1,1
27.08.2021 00:10:38.457,14.939540000000001,14.925310000000001,1,1
27.08.2021 00:10:38.558,14.939540000000001,14.925310000000001,1,1
27.08.2021 00:10:38.865,14.939540000000001,14.92561,1,1
27.08.2021 00:10:39.206,14.939540000000001,14.925410000000001,1,1
27.08.2021 00:10:39.357,14.939540000000001,14.924710000000001,1,1
27.08.2021 00:10:39.602,14.939540000000001,14.925410000000001,1,1
27.08.2021 00:10:39.769,14.939540000000001,14.924710000000001,1,1
27.08.2021 00:10:39.913,14.939540000000001,14.924510000000001,1,1
27.08.2021 00:10:40.014,14.939540000000001,14.924510000000001,1,1
27.08.2021 00:10:40.506,14.93934,14.92481,1,1
27.08.2021 00:10:40.607,14.93934,14.925010000000002,1,1
27.08.2021 00:10:40.865,14.93934,14.92481,1,1
27.08.2021 00:10:41.279,14.939350000000001,14.9251,1,1
27.08.2021 00:10:41.637,14.93934,14.92491,1,1
27.08.2021 00:10:42.719,14.93904,14.92491,1,1
27.08.2021 00:10:42.998,14.93904,14.925110000000002,1,1
27.08.2021 00:10:43.049,14.93904,14.92491,1,1
27.08.2021 00:10:43.500,14.93904,14.924710000000001,1,1
27.08.2021 00:10:43.819,14.93904,14.92491,1,1
27.08.2021 00:10:53.462,14.93904,14.924710000000001,1,1
27.08.2021 00:10:59.175,14.93914,14.925310000000001,1,1
27.08.2021 00:10:59.226,14.93914,14.925310000000001,1,1
27.08.2021 00:10:59.427,14.93914,14.925310000000001,1,1
27.08.2021 00:10:59.477,14.93914,14.925510000000001,1,1
27.08.2021 00:10:59.528,14.93914,14.925310000000001,1,1
27.08.2021 00:10:59.629,14.93914,14.925310000000001,1,1
27.08.2021 00:11:00.343,14.93914,14.925510000000001,1,1
27.08.2021 00:11:00.616,14.93914,14.92481,1,1
27.08.2021 00:11:00.868,14.93914,14.924410000000002,1,1
27.08.2021 00:11:00.919,14.939150000000001,14.9245,1,1
27.08.2021 00:11:01.026,14.93914,14.924510000000001,1,1
27.08.2021 00:11:01.127,14.93914,14.924510000000001,1,1
27.08.2021 00:11:01.378,14.93884,14.924510000000001,1,1
27.08.2021 00:11:01.581,14.93884,14.92481,1,1
27.08.2021 00:11:01.682,14.93884,14.925410000000001,1,1
27.08.2021 00:11:01.833,14.93884,14.924710000000001,1,1
27.08.2021 00:11:01.933,14.93884,14.924510000000001,1,1
27.08.2021 00:11:01.984,14.93884,14.924310000000002,1,1
27.08.2021 00:11:02.085,14.93884,14.925210000000002,1,1
27.08.2021 00:11:02.135,14.93884,14.924710000000001,1,1
27.08.2021 00:11:02.185,14.93884,14.925510000000001,1,1
27.08.2021 00:11:02.354,14.93884,14.925310000000001,1,1
27.08.2021 00:11:02.870,14.93884,14.924410000000002,1,1
27.08.2021 00:11:03.802,14.93864,14.924410000000002,1,1
27.08.2021 00:11:03.904,14.93864,14.925410000000001,1,1
27.08.2021 00:11:04.099,14.93864,14.925410000000001,1,1
27.08.2021 00:11:04.801,14.93864,14.925110000000002,1,1
27.08.2021 00:11:05.363,14.93864,14.925310000000001,1,1
27.08.2021 00:11:05.624,14.93864,14.925110000000002,1,1
27.08.2021 00:11:06.043,14.93884,14.925110000000002,1,1
27.08.2021 00:11:08.581,14.93884,14.925110000000002,1,1
27.08.2021 00:11:14.885,14.93884,14.925410000000001,1,1
27.08.2021 00:11:23.883,14.93824,14.92491,1,1
27.08.2021 00:11:23.984,14.93824,14.924610000000001,1,1
27.08.2021 00:11:24.368,14.93824,14.924410000000002,1,1
27.08.2021 00:11:24.464,14.93824,14.924610000000001,1,1
27.08.2021 00:11:24.880,14.93824,14.92481,1,1
27.08.2021 00:11:25.741,14.93824,14.925110000000002,1,1
27.08.2021 00:11:30.041,14.938740000000001,14.925110000000002,1,1
27.08.2021 00:11:36.994,14.93864,14.925110000000002,1,1
27.08.2021 00:11:40.996,14.93815,14.9251,1,1
27.08.2021 00:11:46.806,14.93814,14.92481,1,1
27.08.2021 00:11:47.046,14.93794,14.92481,1,1
27.08.2021 00:11:52.746,14.93794,14.925010000000002,1,1
27.08.2021 00:11:57.035,14.93774,14.925010000000002,1,1
27.08.2021 00:11:58.678,14.93774,14.925210000000002,1,1
27.08.2021 00:11:58.886,14.93774,14.925410000000001,1,1
27.08.2021 00:12:00.147,14.937750000000001,14.925600000000001,1,1
27.08.2021 00:12:00.966,14.93774,14.925410000000001,1,1
27.08.2021 00:12:01.017,14.937750000000001,14.925400000000002,1,1
27.08.2021 00:12:01.246,14.93774,14.925210000000002,1,1
27.08.2021 00:12:03.757,14.93774,14.925010000000002,1,1
27.08.2021 00:12:08.530,14.93754,14.925010000000002,1,1
27.08.2021 00:12:09.215,14.93754,14.925210000000002,1,1
27.08.2021 00:12:10.829,14.93754,14.92491,1,1
27.08.2021 00:12:17.016,14.93714,14.92491,1,1
27.08.2021 00:12:19.112,14.937240000000001,14.92491,1,1
27.08.2021 00:12:19.926,14.937240000000001,14.92491,1,1
27.08.2021 00:12:20.215,14.93725,14.9251,1,1
27.08.2021 00:12:21.252,14.937240000000001,14.925310000000001,1,1
27.08.2021 00:12:22.280,14.937240000000001,14.925110000000002,1,1
27.08.2021 00:12:26.994,14.93714,14.925310000000001,1,1
27.08.2021 00:12:27.274,14.93714,14.925310000000001,1,1
27.08.2021 00:12:28.428,14.93714,14.925110000000002,1,1
27.08.2021 00:12:35.629,14.93714,14.925310000000001,1,1
27.08.2021 00:12:37.010,14.93684,14.925310000000001,1,1
27.08.2021 00:12:38.600,14.93674,14.925310000000001,1,1
27.08.2021 00:12:43.724,14.93694,14.925310000000001,1,1
27.08.2021 00:12:44.922,14.93694,14.92561,1,1
27.08.2021 00:12:47.042,14.93704,14.92561,1,1
27.08.2021 00:12:57.051,14.93694,14.92561,1,1
27.08.2021 00:12:57.868,14.93694,14.925910000000002,1,1
27.08.2021 00:13:07.037,14.937240000000001,14.925910000000002,1,1
27.08.2021 00:13:07.187,14.937240000000001,14.926110000000001,1,1
27.08.2021 00:13:08.543,14.93744,14.926110000000001,1,1
27.08.2021 00:13:10.269,14.93744,14.926110000000001,1,1
27.08.2021 00:13:10.886,14.93734,14.92401,1,1
27.08.2021 00:13:10.987,14.93734,14.924410000000002,1,1
27.08.2021 00:13:11.138,14.93864,14.925410000000001,1,1
27.08.2021 00:13:11.188,14.93864,14.925010000000002,1,1
27.08.2021 00:13:11.239,14.93864,14.925410000000001,1,1
27.08.2021 00:13:11.290,14.93865,14.9251,1,1
27.08.2021 00:13:11.592,14.93864,14.925110000000002,1,1
27.08.2021 00:13:12.553,14.93864,14.925410000000001,1,1
27.08.2021 00:13:12.707,14.93865,14.9252,1,1
27.08.2021 00:13:12.858,14.93864,14.925110000000002,1,1
27.08.2021 00:13:13.071,14.93864,14.925310000000001,1,1
27.08.2021 00:13:13.172,14.93864,14.925310000000001,1,1
27.08.2021 00:13:13.666,14.93884,14.92481,1,1
27.08.2021 00:13:13.717,14.93884,14.92481,1,1
27.08.2021 00:13:13.853,14.93884,14.925010000000002,1,1
27.08.2021 00:13:14.004,14.93884,14.925010000000002,1,1
27.08.2021 00:13:14.105,14.93754,14.92481,1,1
27.08.2021 00:13:14.313,14.93755,14.924800000000001,1,1
27.08.2021 00:13:17.056,14.93784,14.92481,1,1
27.08.2021 00:13:19.288,14.93784,14.925010000000002,1,1
27.08.2021 00:13:21.004,14.93784,14.924610000000001,1,1
27.08.2021 00:13:21.368,14.93784,14.924410000000002,1,1
27.08.2021 00:13:21.569,14.937240000000001,14.924410000000002,1,1
27.08.2021 00:13:21.771,14.937240000000001,14.92421,1,1
27.08.2021 00:13:22.357,14.937240000000001,14.92421,1,1
27.08.2021 00:13:23.577,14.937240000000001,14.924510000000001,1,1
27.08.2021 00:13:23.887,14.937240000000001,14.924310000000002,1,1
27.08.2021 00:13:24.516,14.937240000000001,14.924510000000001,1,1
27.08.2021 00:13:24.567,14.93704,14.924310000000002,1,1
27.08.2021 00:13:24.617,14.93704,14.924310000000002,1,1
27.08.2021 00:13:27.389,14.93704,14.924510000000001,1,1
27.08.2021 00:13:27.440,14.937050000000001,14.9243,1,1
27.08.2021 00:13:30.877,14.93704,14.924510000000001,1,1
27.08.2021 00:13:35.392,14.93674,14.924310000000002,1,1
27.08.2021 00:13:35.443,14.93674,14.923610000000002,1,1
27.08.2021 00:13:35.594,14.93544,14.923610000000002,1,1
27.08.2021 00:13:35.645,14.93544,14.92341,1,1
27.08.2021 00:13:35.766,14.93544,14.92341,1,1
27.08.2021 00:13:35.866,14.93544,14.923010000000001,1,1
27.08.2021 00:13:36.068,14.93544,14.923710000000002,1,1
27.08.2021 00:13:36.169,14.93544,14.924510000000001,1,1
27.08.2021 00:13:36.219,14.93674,14.924310000000002,1,1
27.08.2021 00:13:36.270,14.93675,14.924000000000001,1,1
27.08.2021 00:13:36.370,14.93674,14.92401,1,1
27.08.2021 00:13:36.797,14.93675,14.924000000000001,1,1
27.08.2021 00:13:36.898,14.93674,14.923210000000001,1,1
27.08.2021 00:13:36.999,14.93674,14.92341,1,1
27.08.2021 00:13:37.168,14.93675,14.9236,1,1
27.08.2021 00:13:37.269,14.93674,14.923810000000001,1,1
27.08.2021 00:13:38.256,14.93674,14.923510000000002,1,1
27.08.2021 00:13:38.403,14.93674,14.923710000000002,1,1
27.08.2021 00:13:38.554,14.93614,14.923710000000002,1,1
27.08.2021 00:13:43.039,14.93614,14.923510000000002,1,1
27.08.2021 00:13:43.370,14.93604,14.923510000000002,1,1
27.08.2021 00:13:44.819,14.936050000000002,14.9238,1,1
27.08.2021 00:13:44.920,14.936050000000002,14.9238,1,1
27.08.2021 00:13:45.074,14.93604,14.925210000000002,1,1
27.08.2021 00:13:45.125,14.93604,14.924710000000001,1,1
27.08.2021 00:13:45.225,14.936050000000002,14.9245,1,1
27.08.2021 00:13:45.427,14.93604,14.924710000000001,1,1
27.08.2021 00:13:45.478,14.93675,14.9245,1,1
27.08.2021 00:13:45.578,14.93674,14.924710000000001,1,1
27.08.2021 00:13:45.785,14.93674,14.924510000000001,1,1
27.08.2021 00:13:47.331,14.93674,14.92491,1,1
27.08.2021 00:13:47.545,14.93674,14.925210000000002,1,1
27.08.2021 00:13:47.714,14.93674,14.925410000000001,1,1
27.08.2021 00:13:48.535,14.93704,14.925210000000002,1,1
27.08.2021 00:13:48.586,14.93704,14.925210000000002,1,1
27.08.2021 00:13:49.083,14.93704,14.925410000000001,1,1
27.08.2021 00:13:51.000,14.93714,14.925210000000002,1,1
27.08.2021 00:13:51.051,14.93714,14.925410000000001,1,1
27.08.2021 00:13:51.226,14.93714,14.925210000000002,1,1
27.08.2021 00:13:51.377,14.93715,14.925400000000002,1,1
27.08.2021 00:13:51.427,14.93714,14.925210000000002,1,1
27.08.2021 00:13:51.597,14.93714,14.925410000000001,1,1
27.08.2021 00:13:51.648,14.93714,14.925210000000002,1,1
27.08.2021 00:13:52.970,14.93714,14.925510000000001,1,1
27.08.2021 00:13:53.020,14.93714,14.925310000000001,1,1
27.08.2021 00:13:53.121,14.93784,14.925310000000001,1,1
27.08.2021 00:13:56.186,14.93784,14.925810000000002,1,1
27.08.2021 00:13:56.237,14.93784,14.92561,1,1
27.08.2021 00:13:56.339,14.93784,14.925410000000001,1,1
27.08.2021 00:13:56.801,14.93784,14.92571,1,1
27.08.2021 00:13:56.986,14.93764,14.926110000000001,1,1
27.08.2021 00:13:57.086,14.93764,14.92641,1,1
27.08.2021 00:13:57.137,14.93895,14.9267,1,1
27.08.2021 00:13:57.187,14.939420000000002,14.926910000000001,1,1
27.08.2021 00:13:57.238,14.939420000000002,14.927310000000002,1,1
27.08.2021 00:13:57.339,14.93894,14.927310000000002,1,1
27.08.2021 00:13:57.490,14.93894,14.927510000000002,1,1
27.08.2021 00:13:57.641,14.93894,14.926910000000001,1,1
27.08.2021 00:13:58.180,14.93895,14.9269,1,1
27.08.2021 00:13:58.281,14.93894,14.926910000000001,1,1
27.08.2021 00:13:58.331,14.93894,14.926710000000002,1,1
27.08.2021 00:13:58.588,14.93894,14.92631,1,1
27.08.2021 00:13:58.689,14.93895,14.9267,1,1
27.08.2021 00:13:59.284,14.93895,14.9265,1,1
27.08.2021 00:13:59.934,14.93894,14.92631,1,1
27.08.2021 00:14:00.328,14.93894,14.926510000000002,1,1
27.08.2021 00:14:01.105,14.93894,14.926710000000002,1,1
27.08.2021 00:14:02.212,14.93894,14.926510000000002,1,1
27.08.2021 00:14:05.596,14.93894,14.926710000000002,1,1
27.08.2021 00:14:07.052,14.93824,14.926710000000002,1,1
27.08.2021 00:14:07.636,14.93824,14.926710000000002,1,1
27.08.2021 00:14:07.836,14.93824,14.926710000000002,1,1
27.08.2021 00:14:08.554,14.93804,14.92641,1,1
27.08.2021 00:14:08.705,14.93804,14.926610000000002,1,1
27.08.2021 00:14:08.806,14.93804,14.926810000000001,1,1
27.08.2021 00:14:09.058,14.93804,14.926810000000001,1,1
27.08.2021 00:14:09.267,14.93805,14.9268,1,1
27.08.2021 00:14:11.736,14.93805,14.927000000000001,1,1
27.08.2021 00:14:17.020,14.93795,14.927200000000001,1,1
27.08.2021 00:14:17.200,14.93794,14.92721,1,1
27.08.2021 00:14:24.341,14.93754,14.927010000000001,1,1
27.08.2021 00:14:24.441,14.93754,14.92641,1,1
27.08.2021 00:14:24.542,14.93754,14.926810000000001,1,1
27.08.2021 00:14:24.643,14.93754,14.92721,1,1
27.08.2021 00:14:25.094,14.93754,14.927410000000002,1,1
27.08.2021 00:14:25.372,14.93754,14.92721,1,1
27.08.2021 00:14:27.048,14.93714,14.926810000000001,1,1
27.08.2021 00:14:27.545,14.93714,14.926610000000002,1,1
27.08.2021 00:14:33.325,14.93714,14.926810000000001,1,1
27.08.2021 00:14:35.607,14.93714,14.926610000000002,1,1
27.08.2021 00:14:37.052,14.93714,14.926810000000001,1,1
27.08.2021 00:14:37.103,14.93714,14.926610000000002,1,1
27.08.2021 00:14:38.605,14.937240000000001,14.926610000000002,1,1
27.08.2021 00:14:39.438,14.937240000000001,14.926810000000001,1,1
27.08.2021 00:14:40.219,14.937240000000001,14.926610000000002,1,1
27.08.2021 00:14:40.360,14.937240000000001,14.926810000000001,1,1
27.08.2021 00:14:42.792,14.93734,14.926610000000002,1,1
27.08.2021 00:14:49.489,14.93784,14.926610000000002,1,1
27.08.2021 00:14:49.647,14.93784,14.926610000000002,1,1
27.08.2021 00:14:49.879,14.93784,14.926610000000002,1,1
27.08.2021 00:14:52.659,14.93784,14.92631,1,1
27.08.2021 00:14:54.099,14.93784,14.926110000000001,1,1
27.08.2021 00:14:55.214,14.93784,14.925910000000002,1,1
27.08.2021 00:14:57.063,14.93824,14.925910000000002,1,1
27.08.2021 00:14:58.770,14.93825,14.9261,1,1
27.08.2021 00:14:58.870,14.93824,14.925910000000002,1,1
27.08.2021 00:15:05.551,14.93824,14.92571,1,1
27.08.2021 00:15:06.998,14.93784,14.92571,1,1
27.08.2021 00:15:07.048,14.93784,14.925510000000001,1,1
27.08.2021 00:15:08.187,14.93784,14.925310000000001,1,1
27.08.2021 00:15:08.565,14.93754,14.925010000000002,1,1
27.08.2021 00:15:08.616,14.93754,14.92481,1,1
27.08.2021 00:15:10.773,14.93754,14.925010000000002,1,1
27.08.2021 00:15:11.133,14.93754,14.92481,1,1
27.08.2021 00:15:13.861,14.93755,14.925,1,1
27.08.2021 00:15:13.995,14.93754,14.92481,1,1
27.08.2021 00:15:14.046,14.93754,14.925010000000002,1,1
27.08.2021 00:15:14.196,14.93774,14.925010000000002,1,1
27.08.2021 00:15:14.297,14.93774,14.924710000000001,1,1
27.08.2021 00:15:14.465,14.93774,14.924710000000001,1,1
27.08.2021 00:15:14.811,14.93774,14.92491,1,1
27.08.2021 00:15:24.986,14.937850000000001,14.924900000000001,1,1
27.08.2021 00:15:38.502,14.93784,14.924710000000001,1,1
27.08.2021 00:15:38.592,14.93784,14.924510000000001,1,1
27.08.2021 00:15:38.732,14.93784,14.924510000000001,1,1
27.08.2021 00:15:47.052,14.93794,14.924510000000001,1,1
27.08.2021 00:15:47.156,14.93794,14.924510000000001,1,1
27.08.2021 00:15:49.086,14.93804,14.924510000000001,1,1
27.08.2021 00:15:51.025,14.93804,14.924710000000001,1,1
27.08.2021 00:15:56.977,14.93784,14.924710000000001,1,1
27.08.2021 00:16:00.823,14.93784,14.92491,1,1
27.08.2021 00:16:01.879,14.93814,14.92491,1,1
27.08.2021 00:16:06.624,14.93814,14.925110000000002,1,1
27.08.2021 00:16:07.055,14.93824,14.925110000000002,1,1
27.08.2021 00:16:08.580,14.93854,14.925110000000002,1,1
27.08.2021 00:16:14.121,14.93854,14.925310000000001,1,1
27.08.2021 00:16:16.999,14.93864,14.925510000000001,1,1
27.08.2021 00:16:17.100,14.93864,14.925510000000001,1,1
27.08.2021 00:16:17.311,14.93864,14.925510000000001,1,1
27.08.2021 00:16:21.897,14.93864,14.92571,1,1
27.08.2021 00:16:22.026,14.93864,14.925910000000002,1,1
27.08.2021 00:16:26.107,14.93864,14.926110000000001,1,1
27.08.2021 00:16:26.287,14.93865,14.926300000000001,1,1
27.08.2021 00:16:27.102,14.93894,14.926510000000002,1,1
27.08.2021 00:16:27.202,14.93894,14.92631,1,1
27.08.2021 00:16:27.685,14.93894,14.926610000000002,1,1
27.08.2021 00:16:31.352,14.93894,14.92631,1,1
27.08.2021 00:16:36.977,14.938740000000001,14.92631,1,1
27.08.2021 00:16:38.601,14.93824,14.92631,1,1
27.08.2021 00:16:38.992,14.93824,14.926110000000001,1,1
27.08.2021 00:16:47.005,14.93804,14.926110000000001,1,1
27.08.2021 00:16:50.571,14.93804,14.92631,1,1
27.08.2021 00:16:50.891,14.93804,14.926510000000002,1,1
27.08.2021 00:16:51.580,14.93784,14.92631,1,1
27.08.2021 00:16:51.732,14.93784,14.926510000000002,1,1
27.08.2021 00:16:52.199,14.93784,14.926510000000002,1,1
27.08.2021 00:16:57.051,14.93794,14.926210000000001,1,1
27.08.2021 00:17:04.113,14.93795,14.926400000000001,1,1
27.08.2021 00:17:06.980,14.93804,14.92641,1,1
27.08.2021 00:17:07.031,14.93804,14.926610000000002,1,1
27.08.2021 00:17:07.081,14.93804,14.92641,1,1
27.08.2021 00:17:07.401,14.93804,14.926610000000002,1,1
27.08.2021 00:17:08.621,14.93784,14.926610000000002,1,1
27.08.2021 00:17:12.039,14.93784,14.92641,1,1
27.08.2021 00:17:12.260,14.93784,14.926610000000002,1,1
27.08.2021 00:17:17.011,14.93764,14.926610000000002,1,1
27.08.2021 00:17:31.494,14.93804,14.92641,1,1
27.08.2021 00:17:33.192,14.93804,14.926910000000001,1,1
27.08.2021 00:17:35.614,14.93804,14.926710000000002,1,1
27.08.2021 00:17:37.053,14.93814,14.926710000000002,1,1
27.08.2021 00:17:37.305,14.93814,14.92711,1,1
27.08.2021 00:17:37.356,14.93814,14.926910000000001,1,1
27.08.2021 00:17:37.538,14.93814,14.926910000000001,1,1
27.08.2021 00:17:37.690,14.93814,14.92711,1,1
27.08.2021 00:17:37.791,14.93814,14.92711,1,1
27.08.2021 00:17:38.566,14.93795,14.9269,1,1
27.08.2021 00:17:40.144,14.93794,14.926610000000002,1,1
27.08.2021 00:17:47.010,14.93774,14.926610000000002,1,1
27.08.2021 00:17:57.014,14.93794,14.926610000000002,1,1
27.08.2021 00:18:06.961,14.93814,14.926610000000002,1,1
27.08.2021 00:18:07.012,14.93814,14.926810000000001,1,1
27.08.2021 00:18:07.113,14.93814,14.926910000000001,1,1
27.08.2021 00:18:07.669,14.93814,14.927310000000002,1,1
27.08.2021 00:18:07.999,14.93814,14.927010000000001,1,1
27.08.2021 00:18:08.577,14.93814,14.926810000000001,1,1
27.08.2021 00:18:08.628,14.93814,14.926810000000001,1,1
27.08.2021 00:18:14.823,14.93814,14.927010000000001,1,1
27.08.2021 00:18:17.149,14.93814,14.926710000000002,1,1
27.08.2021 00:18:26.955,14.93795,14.927000000000001,1,1
27.08.2021 00:18:27.006,14.93794,14.926810000000001,1,1
27.08.2021 00:18:27.057,14.93794,14.927010000000001,1,1
27.08.2021 00:18:27.107,14.93794,14.926810000000001,1,1
27.08.2021 00:18:27.744,14.93794,14.926810000000001,1,1
27.08.2021 00:18:29.769,14.93784,14.926610000000002,1,1
27.08.2021 00:18:29.874,14.93784,14.926610000000002,1,1
27.08.2021 00:18:56.314,14.93784,14.927010000000001,1,1
27.08.2021 00:19:06.625,14.93784,14.926810000000001,1,1
27.08.2021 00:19:06.824,14.937750000000001,14.9266,1,1
27.08.2021 00:19:08.054,14.93774,14.92641,1,1
27.08.2021 00:19:11.076,14.93774,14.92641,1,1
27.08.2021 00:19:13.053,14.93774,14.926610000000002,1,1
27.08.2021 00:19:18.524,14.93774,14.926910000000001,1,1
27.08.2021 00:19:23.391,14.93774,14.92711,1,1
27.08.2021 00:19:25.093,14.93774,14.926810000000001,1,1
27.08.2021 00:19:25.798,14.93774,14.92711,1,1
27.08.2021 00:19:39.523,14.93774,14.927310000000002,1,1
27.08.2021 00:20:11.169,14.94171,14.927310000000002,1,1
27.08.2021 00:20:16.932,14.94171,14.92721,1,1
27.08.2021 00:20:17.033,14.93764,14.92721,1,1
27.08.2021 00:20:17.688,14.93764,14.927010000000001,1,1
27.08.2021 00:20:17.822,14.93764,14.927010000000001,1,1
27.08.2021 00:20:18.010,14.93764,14.927010000000001,1,1
27.08.2021 00:20:19.231,14.93764,14.92721,1,1
27.08.2021 00:20:27.002,14.93784,14.92721,1,1
27.08.2021 00:20:27.261,14.93784,14.927010000000001,1,1
27.08.2021 00:20:36.982,14.93794,14.92721,1,1
27.08.2021 00:20:37.044,14.93794,14.92721,1,1
27.08.2021 00:20:38.605,14.93804,14.92721,1,1
27.08.2021 00:20:47.033,14.93814,14.92721,1,1
27.08.2021 00:20:52.751,14.93814,14.927410000000002,1,1
27.08.2021 00:20:52.802,14.93814,14.92721,1,1
27.08.2021 00:20:53.008,14.93814,14.927010000000001,1,1
27.08.2021 00:20:57.010,14.93804,14.927010000000001,1,1
27.08.2021 00:20:59.160,14.93804,14.927310000000002,1,1
27.08.2021 00:21:02.573,14.93804,14.92711,1,1
27.08.2021 00:21:08.525,14.93805,14.927100000000001,1,1
27.08.2021 00:21:17.006,14.93744,14.92711,1,1
27.08.2021 00:21:23.712,14.93745,14.9269,1,1
27.08.2021 00:21:25.486,14.93644,14.926710000000002,1,1
27.08.2021 00:21:25.536,14.93644,14.926710000000002,1,1
27.08.2021 00:21:25.587,14.93645,14.9265,1,1
27.08.2021 00:21:25.760,14.93644,14.926910000000001,1,1
27.08.2021 00:21:25.861,14.93644,14.926610000000002,1,1
27.08.2021 00:21:26.017,14.93644,14.926810000000001,1,1
27.08.2021 00:21:26.279,14.93644,14.926610000000002,1,1
27.08.2021 00:21:26.426,14.93644,14.92641,1,1
27.08.2021 00:21:26.767,14.93644,14.926210000000001,1,1
27.08.2021 00:21:26.818,14.93644,14.92571,1,1
27.08.2021 00:21:26.918,14.93774,14.92571,1,1
27.08.2021 00:21:36.839,14.93774,14.925910000000002,1,1
27.08.2021 00:21:37.047,14.93794,14.925910000000002,1,1
27.08.2021 00:21:37.098,14.93794,14.925410000000001,1,1
27.08.2021 00:21:37.199,14.93794,14.925410000000001,1,1
27.08.2021 00:21:37.370,14.93794,14.925410000000001,1,1
27.08.2021 00:21:38.551,14.93844,14.925410000000001,1,1
27.08.2021 00:21:38.652,14.93844,14.925410000000001,1,1
27.08.2021 00:21:38.851,14.93844,14.925410000000001,1,1
27.08.2021 00:21:40.224,14.93844,14.92561,1,1
27.08.2021 00:21:46.983,14.93854,14.925210000000002,1,1
27.08.2021 00:21:47.033,14.93854,14.925410000000001,1,1
27.08.2021 00:21:47.083,14.93854,14.925010000000002,1,1
27.08.2021 00:21:47.144,14.93854,14.925010000000002,1,1
27.08.2021 00:21:49.876,14.93764,14.92491,1,1
27.08.2021 00:21:51.565,14.93764,14.924710000000001,1,1
27.08.2021 00:21:51.666,14.93764,14.924510000000001,1,1
27.08.2021 00:21:53.346,14.937650000000001,14.9245,1,1
27.08.2021 00:21:53.874,14.93764,14.924710000000001,1,1
27.08.2021 00:21:54.209,14.937650000000001,14.9245,1,1
27.08.2021 00:21:55.392,14.93784,14.92421,1,1
27.08.2021 00:21:55.442,14.93784,14.924510000000001,1,1
27.08.2021 00:21:58.342,14.93794,14.924510000000001,1,1
27.08.2021 00:21:58.495,14.93794,14.924310000000002,1,1
27.08.2021 00:21:58.869,14.93794,14.92411,1,1
27.08.2021 00:21:58.919,14.93794,14.924310000000002,1,1
27.08.2021 00:22:01.259,14.93794,14.92411,1,1
27.08.2021 00:22:01.310,14.93744,14.924310000000002,1,1
27.08.2021 00:22:01.411,14.93744,14.924510000000001,1,1
27.08.2021 00:22:01.461,14.93744,14.924310000000002,1,1
27.08.2021 00:22:01.512,14.93745,14.9245,1,1
27.08.2021 00:22:01.911,14.93744,14.924510000000001,1,1
27.08.2021 00:22:05.409,14.93754,14.924510000000001,1,1
27.08.2021 00:22:08.288,14.93754,14.924310000000002,1,1
27.08.2021 00:22:08.339,14.93754,14.924510000000001,1,1
27.08.2021 00:22:08.553,14.93774,14.924310000000002,1,1
27.08.2021 00:22:08.604,14.937750000000001,14.9245,1,1
27.08.2021 00:22:08.705,14.93774,14.924510000000001,1,1
27.08.2021 00:22:08.809,14.93774,14.924310000000002,1,1
27.08.2021 00:22:08.859,14.937750000000001,14.9245,1,1
27.08.2021 00:22:09.006,14.93774,14.924510000000001,1,1
27.08.2021 00:22:12.270,14.93774,14.92421,1,1
27.08.2021 00:22:12.320,14.93794,14.924410000000002,1,1
27.08.2021 00:22:14.993,14.937750000000001,14.9245,1,1
27.08.2021 00:22:15.107,14.93774,14.92421,1,1
27.08.2021 00:22:15.158,14.937750000000001,14.9245,1,1
27.08.2021 00:22:15.208,14.93774,14.92421,1,1
27.08.2021 00:22:15.259,14.93774,14.924410000000002,1,1
27.08.2021 00:22:15.310,14.93774,14.92411,1,1
27.08.2021 00:22:15.360,14.93774,14.924310000000002,1,1
27.08.2021 00:22:15.558,14.93774,14.924310000000002,1,1
27.08.2021 00:22:16.152,14.93774,14.92411,1,1
27.08.2021 00:22:19.292,14.93794,14.923810000000001,1,1
27.08.2021 00:22:19.342,14.93794,14.92411,1,1
27.08.2021 00:22:24.814,14.93824,14.924410000000002,1,1
27.08.2021 00:22:29.068,14.93834,14.924410000000002,1,1
27.08.2021 00:22:32.093,14.93834,14.924610000000001,1,1
27.08.2021 00:22:32.338,14.93834,14.92481,1,1
27.08.2021 00:22:32.446,14.93834,14.925010000000002,1,1
27.08.2021 00:22:37.005,14.93865,14.9246,1,1
27.08.2021 00:22:37.056,14.93864,14.92481,1,1
27.08.2021 00:22:37.157,14.93865,14.9245,1,1
27.08.2021 00:22:38.538,14.93894,14.92421,1,1
27.08.2021 00:22:38.717,14.93894,14.924410000000002,1,1
27.08.2021 00:22:38.768,14.93894,14.92421,1,1
27.08.2021 00:22:38.818,14.93895,14.9244,1,1
27.08.2021 00:22:39.471,14.93894,14.92421,1,1
27.08.2021 00:22:39.521,14.93894,14.924410000000002,1,1
27.08.2021 00:22:40.690,14.93894,14.924710000000001,1,1
27.08.2021 00:22:40.790,14.938740000000001,14.924510000000001,1,1
27.08.2021 00:22:40.841,14.938740000000001,14.92481,1,1
27.08.2021 00:22:40.891,14.938740000000001,14.924410000000002,1,1
27.08.2021 00:22:41.042,14.938740000000001,14.924610000000001,1,1
27.08.2021 00:22:41.804,14.938740000000001,14.92481,1,1
27.08.2021 00:22:42.010,14.938740000000001,14.925010000000002,1,1
27.08.2021 00:22:43.448,14.938740000000001,14.92481,1,1
27.08.2021 00:22:43.535,14.938740000000001,14.924610000000001,1,1
27.08.2021 00:22:44.509,14.93894,14.924610000000001,1,1
27.08.2021 00:22:45.252,14.93894,14.92481,1,1
27.08.2021 00:22:45.842,14.93895,14.9246,1,1
27.08.2021 00:22:47.059,14.938740000000001,14.924610000000001,1,1
27.08.2021 00:22:47.350,14.938740000000001,14.924410000000002,1,1
27.08.2021 00:22:48.914,14.938740000000001,14.92421,1,1
27.08.2021 00:22:49.562,14.938740000000001,14.924410000000002,1,1
27.08.2021 00:22:52.014,14.938740000000001,14.92421,1,1
27.08.2021 00:22:53.807,14.938740000000001,14.924410000000002,1,1
27.08.2021 00:22:56.981,14.93864,14.924410000000002,1,1
27.08.2021 00:22:57.497,14.93865,14.9246,1,1
27.08.2021 00:23:00.352,14.93864,14.92481,1,1
27.08.2021 00:23:00.453,14.93864,14.925010000000002,1,1
27.08.2021 00:23:04.707,14.93864,14.925210000000002,1,1
27.08.2021 00:23:07.041,14.93834,14.925210000000002,1,1
27.08.2021 00:23:07.255,14.93834,14.925210000000002,1,1
27.08.2021 00:23:07.441,14.93834,14.925210000000002,1,1
27.08.2021 00:23:07.967,14.93834,14.925510000000001,1,1
27.08.2021 00:23:10.565,14.93824,14.925310000000001,1,1
27.08.2021 00:23:10.620,14.93824,14.925510000000001,1,1
27.08.2021 00:23:10.670,14.93824,14.925310000000001,1,1
27.08.2021 00:23:10.721,14.93824,14.925510000000001,1,1
27.08.2021 00:23:10.772,14.93824,14.925310000000001,1,1
27.08.2021 00:23:38.460,14.938740000000001,14.925310000000001,1,1
27.08.2021 00:23:38.561,14.938740000000001,14.925310000000001,1,1
27.08.2021 00:23:42.319,14.93904,14.925310000000001,1,1
27.08.2021 00:23:46.693,14.93904,14.925010000000002,1,1
27.08.2021 00:23:47.054,14.93904,14.925010000000002,1,1
27.08.2021 00:23:49.094,14.93904,14.92481,1,1
27.08.2021 00:23:52.577,14.93904,14.925110000000002,1,1
27.08.2021 00:23:54.038,14.93904,14.925410000000001,1,1
27.08.2021 00:23:54.236,14.93904,14.92561,1,1
27.08.2021 00:23:54.286,14.93904,14.925310000000001,1,1
27.08.2021 00:23:57.007,14.93884,14.925310000000001,1,1
27.08.2021 00:24:01.395,14.93854,14.925310000000001,1,1
27.08.2021 00:24:01.496,14.93854,14.925310000000001,1,1
27.08.2021 00:24:01.691,14.93854,14.925310000000001,1,1
27.08.2021 00:24:02.624,14.938550000000001,14.9251,1,1
27.08.2021 00:24:12.644,14.93844,14.925310000000001,1,1
27.08.2021 00:24:14.768,14.93844,14.925010000000002,1,1
27.08.2021 00:24:30.213,14.93844,14.925210000000002,1,1
27.08.2021 00:24:31.246,14.93844,14.925010000000002,1,1
27.08.2021 00:24:36.708,14.93844,14.92481,1,1
27.08.2021 00:24:40.039,14.93844,14.924610000000001,1,1
27.08.2021 00:24:43.709,14.93844,14.92481,1,1
27.08.2021 00:24:50.919,14.938740000000001,14.92481,1,1
27.08.2021 00:24:51.503,14.938740000000001,14.92481,1,1
27.08.2021 00:24:51.758,14.938740000000001,14.92481,1,1
27.08.2021 00:24:57.045,14.93844,14.92481,1,1
27.08.2021 00:25:06.062,14.938450000000001,14.9252,1,1
27.08.2021 00:25:07.552,14.93834,14.925510000000001,1,1
27.08.2021 00:25:14.095,14.93844,14.92571,1,1
27.08.2021 00:25:20.072,14.93844,14.925910000000002,1,1
27.08.2021 00:25:24.821,14.93844,14.926110000000001,1,1
27.08.2021 00:25:42.561,14.93844,14.92631,1,1
27.08.2021 00:25:48.407,14.93864,14.92631,1,1
27.08.2021 00:25:48.864,14.93864,14.926110000000001,1,1
27.08.2021 00:25:49.048,14.93864,14.92631,1,1
27.08.2021 00:25:49.247,14.93865,14.926300000000001,1,1
27.08.2021 00:25:57.059,14.93864,14.92631,1,1
27.08.2021 00:26:03.471,14.93864,14.926110000000001,1,1
27.08.2021 00:26:10.588,14.93864,14.925910000000002,1,1
27.08.2021 00:26:15.186,14.93864,14.926110000000001,1,1
27.08.2021 00:26:16.265,14.93864,14.925810000000002,1,1
27.08.2021 00:26:16.366,14.93834,14.925810000000002,1,1
27.08.2021 00:26:16.416,14.93834,14.92561,1,1
27.08.2021 00:26:16.740,14.93834,14.92561,1,1
27.08.2021 00:26:17.465,14.93834,14.92561,1,1
27.08.2021 00:26:18.097,14.93834,14.925810000000002,1,1
27.08.2021 00:26:26.598,14.93894,14.92561,1,1
27.08.2021 00:26:26.698,14.93894,14.92561,1,1
27.08.2021 00:26:29.612,14.93894,14.925410000000001,1,1
27.08.2021 00:26:29.713,14.93894,14.925210000000002,1,1
27.08.2021 00:26:47.936,14.93894,14.925410000000001,1,1
27.08.2021 00:26:51.518,14.93894,14.92561,1,1
27.08.2021 00:26:51.668,14.93894,14.925810000000002,1,1
27.08.2021 00:26:53.010,14.93894,14.925510000000001,1,1
27.08.2021 00:27:12.569,14.93894,14.925310000000001,1,1
27.08.2021 00:27:36.127,14.93894,14.925510000000001,1,1
27.08.2021 00:27:38.597,14.93894,14.925510000000001,1,1
27.08.2021 00:27:38.899,14.93894,14.925510000000001,1,1
27.08.2021 00:27:47.047,14.93895,14.925500000000001,1,1
27.08.2021 00:27:51.635,14.938740000000001,14.925510000000001,1,1
27.08.2021 00:27:54.429,14.938740000000001,14.925210000000002,1,1
27.08.2021 00:27:57.057,14.93864,14.925210000000002,1,1
27.08.2021 00:28:07.004,14.93854,14.925210000000002,1,1
27.08.2021 00:28:08.562,14.93854,14.925210000000002,1,1
27.08.2021 00:28:17.017,14.938740000000001,14.925210000000002,1,1
27.08.2021 00:28:27.053,14.93894,14.925210000000002,1,1
27.08.2021 00:28:27.738,14.93895,14.9252,1,1
27.08.2021 00:28:29.597,14.93895,14.925,1,1
27.08.2021 00:28:32.045,14.93904,14.925010000000002,1,1
27.08.2021 00:28:37.018,14.93904,14.925010000000002,1,1
27.08.2021 00:28:38.535,14.93894,14.925010000000002,1,1
27.08.2021 00:28:40.447,14.93894,14.925210000000002,1,1
27.08.2021 00:28:41.723,14.93894,14.925010000000002,1,1
27.08.2021 00:28:44.276,14.93884,14.925010000000002,1,1
27.08.2021 00:28:44.818,14.93885,14.9252,1,1
27.08.2021 00:28:47.014,14.93864,14.925210000000002,1,1
27.08.2021 00:28:56.122,14.938740000000001,14.925410000000001,1,1
27.08.2021 00:28:56.251,14.938740000000001,14.92561,1,1
27.08.2021 00:28:59.367,14.938740000000001,14.92561,1,1
27.08.2021 00:28:59.552,14.938740000000001,14.92561,1,1
27.08.2021 00:29:02.235,14.938740000000001,14.925210000000002,1,1
27.08.2021 00:29:03.230,14.938740000000001,14.925010000000002,1,1
27.08.2021 00:29:06.999,14.93864,14.925210000000002,1,1
27.08.2021 00:29:07.110,14.93864,14.925210000000002,1,1
27.08.2021 00:29:07.260,14.93864,14.92491,1,1
27.08.2021 00:29:08.556,14.93884,14.92491,1,1
27.08.2021 00:29:09.501,14.93884,14.924610000000001,1,1
27.08.2021 00:29:09.551,14.93884,14.925010000000002,1,1
27.08.2021 00:29:14.973,14.93905,14.925,1,1
27.08.2021 00:29:15.039,14.93904,14.925210000000002,1,1
27.08.2021 00:29:15.304,14.93904,14.925410000000001,1,1
27.08.2021 00:29:20.113,14.93905,14.925600000000001,1,1
27.08.2021 00:29:27.009,14.93904,14.92561,1,1
27.08.2021 00:29:30.540,14.93884,14.92561,1,1
27.08.2021 00:29:37.001,14.938740000000001,14.92561,1,1
27.08.2021 00:29:42.396,14.938550000000001,14.925600000000001,1,1
27.08.2021 00:29:49.208,14.93854,14.925810000000002,1,1
27.08.2021 00:29:53.820,14.93854,14.926010000000002,1,1
27.08.2021 00:29:55.979,14.93854,14.925810000000002,1,1
27.08.2021 00:29:57.880,14.93894,14.925810000000002,1,1
27.08.2021 00:29:57.981,14.93894,14.92561,1,1
27.08.2021 00:29:58.118,14.93894,14.92561,1,1
27.08.2021 00:29:59.399,14.93894,14.925310000000001,1,1
27.08.2021 00:30:06.995,14.93884,14.925510000000001,1,1
27.08.2021 00:30:07.096,14.93884,14.925510000000001,1,1
27.08.2021 00:30:08.561,14.93904,14.925510000000001,1,1
27.08.2021 00:30:09.728,14.93904,14.92571,1,1
27.08.2021 00:30:10.917,14.93904,14.925910000000002,1,1
27.08.2021 00:30:11.052,14.93905,14.9261,1,1
27.08.2021 00:30:17.051,14.93914,14.926110000000001,1,1
27.08.2021 00:30:19.323,14.93914,14.92571,1,1
27.08.2021 00:30:21.080,14.93884,14.925910000000002,1,1
27.08.2021 00:30:21.181,14.93884,14.92571,1,1
27.08.2021 00:30:21.282,14.93884,14.92571,1,1
27.08.2021 00:30:21.426,14.93884,14.925410000000001,1,1
27.08.2021 00:30:28.198,14.93884,14.925210000000002,1,1
27.08.2021 00:30:28.357,14.93884,14.925010000000002,1,1
27.08.2021 00:30:28.538,14.93884,14.92481,1,1
27.08.2021 00:30:28.665,14.93884,14.925010000000002,1,1
27.08.2021 00:30:31.583,14.93884,14.925210000000002,1,1
27.08.2021 00:30:52.416,14.93884,14.925410000000001,1,1
27.08.2021 00:30:52.725,14.93884,14.92561,1,1
27.08.2021 00:31:02.694,14.93884,14.925410000000001,1,1
27.08.2021 00:31:02.780,14.93884,14.92561,1,1
27.08.2021 00:31:02.891,14.93884,14.926010000000002,1,1
27.08.2021 00:31:09.975,14.93885,14.9258,1,1
27.08.2021 00:31:11.453,14.93884,14.926010000000002,1,1
27.08.2021 00:31:17.054,14.93894,14.926010000000002,1,1
27.08.2021 00:31:22.594,14.93905,14.926,1,1
27.08.2021 00:31:22.695,14.93904,14.926010000000002,1,1
27.08.2021 00:31:23.715,14.93904,14.926010000000002,1,1
27.08.2021 00:31:27.044,14.93894,14.926010000000002,1,1
27.08.2021 00:31:27.722,14.93894,14.925810000000002,1,1
27.08.2021 00:31:27.822,14.93895,14.925500000000001,1,1
27.08.2021 00:31:29.024,14.93894,14.925310000000001,1,1
27.08.2021 00:31:29.818,14.93894,14.925510000000001,1,1
27.08.2021 00:31:32.887,14.93894,14.925310000000001,1,1
27.08.2021 00:31:49.221,14.93894,14.925110000000002,1,1
27.08.2021 00:31:49.284,14.93894,14.925310000000001,1,1
27.08.2021 00:31:51.800,14.93894,14.925110000000002,1,1
27.08.2021 00:31:52.173,14.93904,14.925110000000002,1,1
27.08.2021 00:31:57.081,14.93904,14.925310000000001,1,1
27.08.2021 00:32:01.245,14.93904,14.925510000000001,1,1
27.08.2021 00:32:41.598,14.93904,14.92571,1,1
27.08.2021 00:32:52.168,14.942760000000002,14.92571,1,1
27.08.2021 00:33:02.597,14.942760000000002,14.925910000000002,1,1
27.08.2021 00:33:04.160,14.942760000000002,14.926110000000001,1,1
27.08.2021 00:33:04.385,14.942760000000002,14.92631,1,1
27.08.2021 00:33:08.765,14.942760000000002,14.926110000000001,1,1
27.08.2021 00:33:08.816,14.942760000000002,14.925910000000002,1,1
27.08.2021 00:33:10.732,14.942760000000002,14.926110000000001,1,1
27.08.2021 00:33:12.688,14.942770000000001,14.926400000000001,1,1
27.08.2021 00:33:13.220,14.942760000000002,14.926010000000002,1,1
27.08.2021 00:33:14.287,14.94096,14.926910000000001,1,1
27.08.2021 00:33:14.337,14.94109,14.926910000000001,1,1
27.08.2021 00:33:14.387,14.940650000000002,14.9268,1,1
27.08.2021 00:33:14.544,14.94064,14.926710000000002,1,1
27.08.2021 00:33:15.329,14.94064,14.92711,1,1
27.08.2021 00:33:17.639,14.94064,14.927310000000002,1,1
27.08.2021 00:33:25.482,14.94024,14.927310000000002,1,1
27.08.2021 00:33:32.972,14.94024,14.927810000000001,1,1
27.08.2021 00:33:37.045,14.94054,14.927810000000001,1,1
27.08.2021 00:33:38.606,14.941040000000001,14.927810000000001,1,1
27.08.2021 00:33:45.535,14.94105,14.9276,1,1
27.08.2021 00:33:46.187,14.941040000000001,14.927310000000002,1,1
27.08.2021 00:33:46.237,14.941040000000001,14.927510000000002,1,1
27.08.2021 00:33:47.205,14.941040000000001,14.927310000000002,1,1
27.08.2021 00:33:48.719,14.941040000000001,14.927310000000002,1,1
27.08.2021 00:33:52.648,14.941040000000001,14.927710000000001,1,1
27.08.2021 00:33:52.751,14.94109,14.928810000000002,1,1
27.08.2021 00:33:52.852,14.94309,14.929610000000002,1,1
27.08.2021 00:33:52.952,14.94344,14.930010000000001,1,1
27.08.2021 00:33:53.053,14.94344,14.93021,1,1
27.08.2021 00:33:53.154,14.94344,14.93021,1,1
27.08.2021 00:33:53.755,14.94344,14.930510000000002,1,1
27.08.2021 00:33:56.985,14.943070000000002,14.93021,1,1
27.08.2021 00:33:57.035,14.943070000000002,14.930410000000002,1,1
27.08.2021 00:33:58.934,14.94394,14.93021,1,1
27.08.2021 00:33:58.984,14.94394,14.930410000000002,1,1
27.08.2021 00:33:59.034,14.94394,14.93021,1,1
27.08.2021 00:33:59.144,14.94394,14.930010000000001,1,1
27.08.2021 00:33:59.406,14.94394,14.929810000000002,1,1
27.08.2021 00:34:03.921,14.94344,14.930010000000001,1,1
27.08.2021 00:34:05.566,14.94344,14.93021,1,1
27.08.2021 00:34:07.048,14.94354,14.93021,1,1
27.08.2021 00:34:08.528,14.943270000000002,14.929910000000001,1,1
27.08.2021 00:34:08.578,14.943270000000002,14.93011,1,1
27.08.2021 00:34:08.629,14.943270000000002,14.93031,1,1
27.08.2021 00:34:10.274,14.94384,14.930510000000002,1,1
27.08.2021 00:34:10.901,14.94384,14.93031,1,1
27.08.2021 00:34:13.589,14.94384,14.93091,1,1
27.08.2021 00:34:13.690,14.943970000000002,14.931510000000001,1,1
27.08.2021 00:34:13.791,14.94495,14.931500000000002,1,1
27.08.2021 00:34:13.945,14.94494,14.931510000000001,1,1
27.08.2021 00:34:13.995,14.94494,14.931610000000001,1,1
27.08.2021 00:34:14.680,14.94494,14.931610000000001,1,1
27.08.2021 00:34:14.784,14.94494,14.931610000000001,1,1
27.08.2021 00:34:15.000,14.94471,14.931610000000001,1,1
27.08.2021 00:34:15.219,14.94471,14.931910000000002,1,1
27.08.2021 00:34:16.470,14.94471,14.932110000000002,1,1
27.08.2021 00:34:16.593,14.94471,14.93251,1,1
27.08.2021 00:34:16.644,14.945310000000001,14.93251,1.5,1
27.08.2021 00:34:16.745,14.945310000000001,14.93251,1.5,1
27.08.2021 00:34:20.089,14.945310000000001,14.932310000000001,1.5,1
27.08.2021 00:34:21.539,14.945310000000001,14.932110000000002,1.5,1
27.08.2021 00:34:21.780,14.945310000000001,14.932310000000001,1.5,1
27.08.2021 00:34:24.009,14.945310000000001,14.93251,1.5,1
27.08.2021 00:34:26.705,14.945310000000001,14.93251,1.5,1
27.08.2021 00:34:27.970,14.945310000000001,14.932210000000001,1.5,1
27.08.2021 00:34:38.587,14.94541,14.932210000000001,1.6,1
27.08.2021 00:34:47.721,14.94534,14.932210000000001,1,1
27.08.2021 00:34:53.208,14.94534,14.932110000000002,1,1
27.08.2021 00:34:56.979,14.94524,14.932110000000002,1,1
27.08.2021 00:35:00.222,14.94541,14.932110000000002,1.6,1
27.08.2021 00:35:00.893,14.94541,14.93251,1.6,1
27.08.2021 00:35:01.007,14.94554,14.932910000000001,1,1
27.08.2021 00:35:01.108,14.94554,14.933110000000001,1,1
27.08.2021 00:35:01.392,14.94554,14.93331,1,1
27.08.2021 00:35:01.493,14.94554,14.933510000000002,1,1
27.08.2021 00:35:05.826,14.94554,14.933710000000001,1,1
27.08.2021 00:35:05.927,14.94624,14.933910000000001,1,1
27.08.2021 00:35:06.158,14.94624,14.933710000000001,1,1
27.08.2021 00:35:06.753,14.94624,14.93401,1,1
27.08.2021 00:35:07.939,14.94624,14.933810000000001,1,1
27.08.2021 00:35:08.598,14.94614,14.933810000000001,1,1
27.08.2021 00:35:11.898,14.94614,14.93401,1,1
27.08.2021 00:35:12.149,14.94614,14.933810000000001,1,1
27.08.2021 00:35:13.096,14.94614,14.933610000000002,1,1
27.08.2021 00:35:13.358,14.94614,14.933810000000001,1,1
27.08.2021 00:35:15.912,14.94585,14.933800000000002,1,1
27.08.2021 00:35:17.021,14.94584,14.933510000000002,1,1
27.08.2021 00:35:17.164,14.94584,14.93321,1,1
27.08.2021 00:35:17.317,14.94584,14.933010000000001,1,1
27.08.2021 00:35:17.429,14.94585,14.933300000000001,1,1
27.08.2021 00:35:18.170,14.94585,14.9328,1,1
27.08.2021 00:35:18.321,14.94554,14.932810000000002,1,1
27.08.2021 00:35:18.458,14.94554,14.933110000000001,1,1
27.08.2021 00:35:19.634,14.94554,14.933110000000001,1,1
27.08.2021 00:35:20.476,14.945640000000001,14.933110000000001,1,1
27.08.2021 00:35:26.353,14.94565,14.933300000000001,1,1
27.08.2021 00:35:26.860,14.945640000000001,14.933110000000001,1,1
27.08.2021 00:35:26.961,14.94574,14.93331,1,1
27.08.2021 00:35:27.174,14.94574,14.933710000000001,1,1
27.08.2021 00:35:29.127,14.94574,14.933510000000002,1,1
27.08.2021 00:35:32.697,14.94574,14.932910000000001,1,1
27.08.2021 00:35:32.798,14.94554,14.932910000000001,1,1
27.08.2021 00:35:33.011,14.94554,14.933510000000002,1,1
27.08.2021 00:35:34.304,14.94554,14.933510000000002,1,1
27.08.2021 00:35:35.346,14.94554,14.933110000000001,1,1
27.08.2021 00:35:37.028,14.94584,14.933110000000001,1,1
27.08.2021 00:35:42.096,14.94574,14.932910000000001,1,1
27.08.2021 00:35:42.376,14.94554,14.932710000000002,1,1
27.08.2021 00:35:42.513,14.94554,14.932710000000002,1,1
27.08.2021 00:35:44.833,14.94554,14.932310000000001,1,1
27.08.2021 00:35:44.984,14.94524,14.932310000000001,1,1
27.08.2021 00:35:45.143,14.94524,14.932810000000002,1,1
27.08.2021 00:35:46.980,14.94514,14.932810000000002,1,1
27.08.2021 00:35:51.129,14.94515,14.932300000000001,1,1
27.08.2021 00:35:51.280,14.94515,14.932300000000001,1,1
27.08.2021 00:35:51.413,14.94514,14.932810000000002,1,1
27.08.2021 00:35:51.464,14.94515,14.9326,1,1
27.08.2021 00:35:56.866,14.94514,14.93241,1,1
27.08.2021 00:36:01.200,14.94504,14.931410000000001,1,1
27.08.2021 00:36:01.250,14.94504,14.931410000000001,1,1
27.08.2021 00:36:01.478,14.94504,14.93171,1,1
27.08.2021 00:36:01.528,14.94504,14.931510000000001,1,1
27.08.2021 00:36:01.579,14.94504,14.931910000000002,1,1
27.08.2021 00:36:04.061,14.945110000000001,14.931910000000002,1.5,1
27.08.2021 00:36:04.391,14.945110000000001,14.932210000000001,1.5,1
27.08.2021 00:36:07.033,14.945110000000001,14.932210000000001,1.5,1
27.08.2021 00:36:08.552,14.945120000000001,14.9322,1.5,1
27.08.2021 00:36:13.727,14.945110000000001,14.932010000000002,1.5,1
27.08.2021 00:36:14.066,14.944840000000001,14.932010000000002,1,1
27.08.2021 00:36:14.296,14.944840000000001,14.932210000000001,1,1
27.08.2021 00:36:16.346,14.944840000000001,14.93181,1,1
27.08.2021 00:36:16.646,14.944840000000001,14.932210000000001,1,1
27.08.2021 00:36:16.984,14.94474,14.932210000000001,1,1
27.08.2021 00:36:17.200,14.94474,14.931910000000002,1,1
27.08.2021 00:36:17.303,14.94474,14.932110000000002,1,1
27.08.2021 00:36:19.177,14.945210000000001,14.93181,1.6,1
27.08.2021 00:36:19.905,14.945210000000001,14.932010000000002,1.6,1
27.08.2021 00:36:21.920,14.945210000000001,14.93181,1.6,1
27.08.2021 00:36:24.207,14.945210000000001,14.932010000000002,1.6,1
27.08.2021 00:36:27.001,14.945210000000001,14.932010000000002,1.6,1
27.08.2021 00:36:30.995,14.945810000000002,14.932810000000002,1.5,1
27.08.2021 00:36:31.105,14.946410000000002,14.93321,1.5,1
27.08.2021 00:36:31.155,14.946410000000002,14.93321,1.5,1
27.08.2021 00:36:31.642,14.946410000000002,14.93321,1.5,1
27.08.2021 00:36:36.286,14.946410000000002,14.933410000000002,1.5,1
27.08.2021 00:36:37.045,14.946070000000002,14.933410000000002,1,1
27.08.2021 00:36:37.911,14.946170000000002,14.93321,1,1
27.08.2021 00:36:38.578,14.945870000000001,14.933410000000002,1,1
27.08.2021 00:36:41.646,14.945870000000001,14.933110000000001,1,1
27.08.2021 00:36:42.849,14.946270000000002,14.93331,1,1
27.08.2021 00:36:47.004,14.946510000000002,14.93331,1.6,1
27.08.2021 00:36:59.412,14.944840000000001,14.933510000000002,1,1
27.08.2021 00:36:59.512,14.94554,14.933810000000001,1,1
27.08.2021 00:36:59.563,14.94554,14.93401,1,1
27.08.2021 00:37:03.203,14.94554,14.934310000000002,1,1
27.08.2021 00:37:03.306,14.94554,14.934310000000002,1,1
27.08.2021 00:37:03.844,14.94554,14.93411,1,1
27.08.2021 00:37:06.994,14.94554,14.933810000000001,1,1
27.08.2021 00:37:07.095,14.94554,14.933710000000001,1,1
27.08.2021 00:37:07.195,14.945170000000003,14.933510000000002,1,1
27.08.2021 00:37:08.277,14.94555,14.9335,1,1
27.08.2021 00:37:08.547,14.945450000000001,14.933900000000001,1,1
27.08.2021 00:37:08.708,14.94544,14.933910000000001,1,1
27.08.2021 00:37:18.338,14.94514,14.933910000000001,1,1
27.08.2021 00:37:27.010,14.94504,14.933910000000001,1,1
27.08.2021 00:37:35.042,14.94504,14.933710000000001,1,1
27.08.2021 00:37:35.415,14.94534,14.933510000000002,1,1
27.08.2021 00:37:35.516,14.94534,14.933510000000002,1,1
27.08.2021 00:37:35.667,14.94534,14.933510000000002,1,1
27.08.2021 00:37:35.767,14.945070000000001,14.93331,1,1
27.08.2021 00:37:37.763,14.945070000000001,14.93331,1,1
27.08.2021 00:37:45.589,14.94514,14.93331,1,1
27.08.2021 00:37:47.664,14.94514,14.933510000000002,1,1
27.08.2021 00:37:48.017,14.94514,14.93331,1,1
27.08.2021 00:37:51.541,14.94514,14.933510000000002,1,1
27.08.2021 00:37:51.692,14.94524,14.934210000000002,1,1
27.08.2021 00:37:51.853,14.94524,14.93481,1,1
27.08.2021 00:37:52.244,14.94524,14.934310000000002,1,1
27.08.2021 00:37:56.978,14.945570000000002,14.93411,1,1
27.08.2021 00:37:57.898,14.94584,14.934310000000002,1,1
27.08.2021 00:38:02.351,14.94568,14.9337,1,1
27.08.2021 00:38:02.552,14.944970000000001,14.933110000000001,1,1
27.08.2021 00:38:02.696,14.944870000000002,14.933110000000001,1,1
27.08.2021 00:38:02.900,14.944770000000002,14.93331,1,1
27.08.2021 00:38:07.082,14.94494,14.93331,1,1
27.08.2021 00:38:08.530,14.94475,14.933100000000001,1,1
27.08.2021 00:38:08.588,14.94474,14.933110000000001,1,1
27.08.2021 00:38:13.218,14.94454,14.933110000000001,1,1
27.08.2021 00:38:16.998,14.94444,14.933110000000001,1,1
27.08.2021 00:38:17.657,14.94444,14.933410000000002,1,1
27.08.2021 00:38:17.924,14.94444,14.93321,1,1
27.08.2021 00:38:26.616,14.94444,14.933010000000001,1,1
27.08.2021 00:38:27.052,14.94434,14.933010000000001,1,1
27.08.2021 00:38:33.284,14.94434,14.92963,1,1.25
27.08.2021 00:38:33.384,14.94405,14.927520000000001,1,1
27.08.2021 00:38:33.435,14.94404,14.927270000000002,1,1.5
27.08.2021 00:38:33.536,14.94404,14.926910000000001,1,1
27.08.2021 00:38:33.998,14.94404,14.9297,1,1.1
27.08.2021 00:38:34.112,14.94404,14.92979,1,1
27.08.2021 00:38:34.502,14.94404,14.932210000000001,1,1
27.08.2021 00:38:35.334,14.94404,14.932010000000002,1,1
27.08.2021 00:38:35.850,14.94404,14.932210000000001,1,1
27.08.2021 00:38:38.551,14.94414,14.932210000000001,1,1
27.08.2021 00:38:44.741,14.94415,14.932400000000001,1,1
27.08.2021 00:38:46.995,14.94444,14.932210000000001,1,1
27.08.2021 00:38:47.046,14.94444,14.932210000000001,1,1
27.08.2021 00:38:47.808,14.94444,14.93251,1,1
27.08.2021 00:38:48.816,14.94444,14.932710000000002,1,1
27.08.2021 00:38:48.914,14.94444,14.93251,1,1
27.08.2021 00:38:53.696,14.94444,14.932810000000002,1,1
27.08.2021 00:38:54.644,14.94444,14.93251,1,1
27.08.2021 00:38:56.998,14.944470000000003,14.93251,1,1
27.08.2021 00:38:58.632,14.94474,14.932710000000002,1,1
27.08.2021 00:39:02.951,14.94474,14.932910000000001,1,1
27.08.2021 00:39:03.052,14.945170000000003,14.932710000000002,1,1
27.08.2021 00:39:03.153,14.944470000000003,14.932710000000002,1,1
27.08.2021 00:39:06.304,14.945170000000003,14.933110000000001,1,1
27.08.2021 00:39:06.979,14.944570000000002,14.933110000000001,1,1
27.08.2021 00:39:08.145,14.94495,14.933300000000001,1,1
27.08.2021 00:39:08.504,14.94444,14.93331,1,1
27.08.2021 00:39:08.901,14.94444,14.933110000000001,1,1
27.08.2021 00:39:09.843,14.944450000000002,14.933300000000001,1,1
27.08.2021 00:39:09.965,14.94444,14.933110000000001,1,1
27.08.2021 00:39:12.248,14.945170000000003,14.934310000000002,1,1
27.08.2021 00:39:12.349,14.945170000000003,14.93471,1,1
27.08.2021 00:39:12.400,14.94621,14.935110000000002,1.5,1
27.08.2021 00:39:12.551,14.945710000000002,14.934510000000001,1.5,1
27.08.2021 00:39:12.605,14.945710000000002,14.93471,1.5,1
27.08.2021 00:39:12.756,14.946010000000001,14.935410000000001,1.5,1
27.08.2021 00:39:12.906,14.946010000000001,14.935410000000001,1,1
27.08.2021 00:39:13.315,14.94655,14.9359,1,1
27.08.2021 00:39:13.998,14.946710000000001,14.936300000000001,1.5,1.1
27.08.2021 00:39:14.104,14.947510000000001,14.93639,1.5,1
27.08.2021 00:39:14.154,14.947510000000001,14.936510000000002,1.5,1
27.08.2021 00:39:14.256,14.947510000000001,14.936510000000002,1.5,1
27.08.2021 00:39:14.817,14.947510000000001,14.9368,1.5,1.1
27.08.2021 00:39:14.945,14.947650000000001,14.93688,1,1
27.08.2021 00:39:17.001,14.94771,14.93689,1.5,1
27.08.2021 00:39:18.335,14.94771,14.93689,1.5,1
27.08.2021 00:39:30.011,14.94781,14.9368,1.6,1.1
27.08.2021 00:39:30.113,14.94781,14.9368,1.6,1.1
27.08.2021 00:39:37.045,14.94781,14.9368,1.6,1.1
27.08.2021 00:39:37.254,14.947320000000001,14.93659,1.6,1.1
27.08.2021 00:39:37.305,14.947210000000002,14.93669,1.5,1
27.08.2021 00:39:38.391,14.947210000000002,14.93669,1.5,1
27.08.2021 00:39:38.649,14.947210000000002,14.93669,1.5,1
27.08.2021 00:39:44.633,14.947210000000002,14.9367,1.5,1.1
27.08.2021 00:39:44.734,14.947610000000001,14.93679,1.5,1
27.08.2021 00:39:46.955,14.947610000000001,14.93679,1.5,1
27.08.2021 00:39:53.831,14.94764,14.93701,1,1
27.08.2021 00:39:53.932,14.947940000000001,14.937210000000002,1,1
27.08.2021 00:39:54.931,14.947940000000001,14.937600000000002,1,1.1
27.08.2021 00:39:55.059,14.947940000000001,14.93769,1,1
27.08.2021 00:39:55.709,14.947940000000001,14.93789,1,1
27.08.2021 00:39:55.860,14.948970000000003,14.93789,1,1
27.08.2021 00:39:55.914,14.948970000000003,14.93809,1,1
27.08.2021 00:39:56.867,14.948970000000003,14.93809,1,1
27.08.2021 00:40:00.223,14.948979999999999,14.936050000000002,1,1.75
27.08.2021 00:40:00.324,14.94854,14.93454,1,1.5
27.08.2021 00:40:00.969,14.94854,14.93679,1,1
27.08.2021 00:40:01.426,14.94854,14.9372,1,1.1
27.08.2021 00:40:01.565,14.94854,14.93729,1,1
27.08.2021 00:40:03.302,14.94854,14.937600000000002,1,1.1
27.08.2021 00:40:03.403,14.94854,14.93769,1,1
27.08.2021 00:40:08.547,14.94824,14.93769,1,1
27.08.2021 00:40:13.483,14.94824,14.93729,1,1
27.08.2021 00:40:17.036,14.94804,14.93729,1,1
27.08.2021 00:40:26.258,14.94784,14.9372,1,1.1
27.08.2021 00:40:26.411,14.94834,14.9372,1,1.1
27.08.2021 00:40:32.701,14.94834,14.936510000000002,1,1.5
27.08.2021 00:40:32.802,14.94834,14.93384,1,1.5
27.08.2021 00:40:33.498,14.94834,14.93629,1,1
27.08.2021 00:40:34.313,14.94834,14.93689,1,1
27.08.2021 00:40:36.481,14.94834,14.9372,1,1.1
27.08.2021 00:40:36.607,14.94834,14.93729,1,1
27.08.2021 00:40:37.016,14.94844,14.93729,1,1
27.08.2021 00:40:38.542,14.94824,14.93729,1,1
27.08.2021 00:40:40.175,14.948250000000002,14.93728,1,1
27.08.2021 00:40:41.707,14.948550000000001,14.93728,1,1
27.08.2021 00:40:47.039,14.94865,14.93728,1,1
27.08.2021 00:40:50.114,14.94864,14.9372,1,1.1
27.08.2021 00:40:50.165,14.948550000000001,14.93719,1,1.1
27.08.2021 00:40:52.594,14.94854,14.93769,1,1
27.08.2021 00:40:57.010,14.94844,14.93769,1,1
27.08.2021 00:41:06.879,14.94844,14.937600000000002,1,1.1
27.08.2021 00:41:07.030,14.94844,14.937600000000002,1,1.1
27.08.2021 00:41:07.464,14.94844,14.93769,1,1
27.08.2021 00:41:18.172,14.9481,14.93729,1,1
27.08.2021 00:41:18.223,14.9481,14.93729,1,1
27.08.2021 00:41:19.252,14.947750000000001,14.93728,1,1
27.08.2021 00:41:24.335,14.947940000000001,14.93729,1,1
27.08.2021 00:41:27.025,14.94764,14.93729,1,1
27.08.2021 00:41:27.289,14.94771,14.93729,1.5,1
27.08.2021 00:41:29.155,14.94771,14.93729,1,1
27.08.2021 00:41:36.825,14.94771,14.9372,1,1.1
27.08.2021 00:41:38.267,14.947670000000002,14.93719,1,1.1
27.08.2021 00:41:41.182,14.94766,14.93689,1,1
27.08.2021 00:41:42.951,14.94768,14.93688,1,1
27.08.2021 00:41:46.251,14.947670000000002,14.936490000000001,1,1
