Gmt time,Ask,Bid,AskVolume,BidVolume
09.08.2021 00:00:00.579,14.67764,14.668410000000002,1,1
09.08.2021 00:00:00.646,14.67764,14.668410000000002,1,1
09.08.2021 00:00:00.739,14.67764,14.668410000000002,1,1
09.08.2021 00:00:07.221,14.67685,14.667900000000001,1,1
09.08.2021 00:00:08.177,14.67684,14.66801,1,1
09.08.2021 00:00:17.364,14.67745,14.668000000000001,1,0.75
09.08.2021 00:00:17.467,14.67744,14.66801,1,1
09.08.2021 00:00:17.634,14.67744,14.667810000000001,1,1
09.08.2021 00:00:17.685,14.67744,14.667910000000001,1,1
09.08.2021 00:00:17.786,14.67744,14.668510000000001,1,1
09.08.2021 00:00:18.244,14.67744,14.668210000000002,1,1
09.08.2021 00:00:18.338,14.67744,14.667910000000001,1,1
09.08.2021 00:00:18.507,14.67744,14.667710000000001,1,1
09.08.2021 00:00:19.334,14.67744,14.667610000000002,1,1
09.08.2021 00:00:19.616,14.67744,14.667510000000002,1,1
09.08.2021 00:00:20.819,14.67744,14.667410000000002,1,1
09.08.2021 00:00:21.095,14.67744,14.667510000000002,1,1
09.08.2021 00:00:23.380,14.67745,14.668000000000001,1,1
09.08.2021 00:00:24.058,14.67744,14.66811,1,1
09.08.2021 00:00:25.538,14.67744,14.668210000000002,1,1
09.08.2021 00:00:25.699,14.67744,14.668410000000002,1,1
09.08.2021 00:00:25.750,14.67744,14.668310000000002,1,1
09.08.2021 00:00:29.578,14.67744,14.668410000000002,1,1
09.08.2021 00:00:31.181,14.67744,14.668410000000002,1,1
09.08.2021 00:00:32.874,14.67744,14.668310000000002,1,1
09.08.2021 00:00:33.009,14.67744,14.668410000000002,1,1
09.08.2021 00:00:33.097,14.67744,14.668310000000002,1,1
09.08.2021 00:00:33.616,14.67745,14.6683,1,1
09.08.2021 00:00:35.098,14.67744,14.668410000000002,1,1
09.08.2021 00:00:35.217,14.67745,14.6683,1,1
09.08.2021 00:00:36.011,14.67744,14.668410000000002,1,1
09.08.2021 00:00:36.077,14.67744,14.668310000000002,1,1
09.08.2021 00:00:38.248,14.67744,14.668410000000002,1,1
09.08.2021 00:00:38.369,14.67804,14.668610000000001,1,1
09.08.2021 00:00:38.420,14.67804,14.668510000000001,1,1
09.08.2021 00:00:38.555,14.67798,14.6685,1,1
09.08.2021 00:00:39.110,14.677970000000002,14.668510000000001,1,1
09.08.2021 00:00:40.447,14.677970000000002,14.668610000000001,1,1
09.08.2021 00:00:40.548,14.678370000000001,14.66871,1,0.75
09.08.2021 00:00:41.249,14.67804,14.66871,1,1
09.08.2021 00:00:41.517,14.67798,14.668600000000001,1,1
09.08.2021 00:00:41.623,14.677970000000002,14.668510000000001,1,1
09.08.2021 00:00:41.793,14.677970000000002,14.668510000000001,1,1
09.08.2021 00:00:42.138,14.677970000000002,14.668610000000001,1,1
09.08.2021 00:00:43.762,14.677970000000002,14.66801,1,1
09.08.2021 00:00:43.812,14.677970000000002,14.668610000000001,1,1
09.08.2021 00:00:43.863,14.677970000000002,14.668510000000001,1,1
09.08.2021 00:00:43.913,14.677770000000002,14.668510000000001,1,1
09.08.2021 00:00:44.007,14.677770000000002,14.668510000000001,1,1
09.08.2021 00:00:45.485,14.677770000000002,14.66871,1,1
09.08.2021 00:00:45.598,14.677770000000002,14.668910000000002,1,1
09.08.2021 00:00:45.707,14.67864,14.669010000000002,1,0.75
09.08.2021 00:00:45.835,14.67864,14.669110000000002,1,1
09.08.2021 00:00:46.335,14.678070000000002,14.669110000000002,1,1
09.08.2021 00:00:47.079,14.678070000000002,14.668910000000002,1,1
09.08.2021 00:00:48.835,14.678070000000002,14.669010000000002,1,1
09.08.2021 00:00:49.476,14.678070000000002,14.669210000000001,1,1
09.08.2021 00:00:49.577,14.678070000000002,14.669010000000002,1,1
09.08.2021 00:00:50.639,14.678070000000002,14.669210000000001,1,1
09.08.2021 00:00:50.769,14.678070000000002,14.669410000000001,1,1
09.08.2021 00:00:50.870,14.67888,14.6696,1,0.75
09.08.2021 00:00:50.920,14.678870000000002,14.669710000000002,1,1
09.08.2021 00:00:51.106,14.678770000000002,14.66961,1,1
09.08.2021 00:00:51.157,14.678770000000002,14.66951,1,1
09.08.2021 00:00:51.425,14.678770000000002,14.66961,1,1
09.08.2021 00:00:51.576,14.678770000000002,14.66951,1,1
09.08.2021 00:00:51.696,14.678770000000002,14.66961,1,1
09.08.2021 00:00:52.125,14.678770000000002,14.66951,1,1
09.08.2021 00:00:52.205,14.678770000000002,14.669310000000001,1,1
09.08.2021 00:00:56.604,14.678770000000002,14.669310000000001,1,1
09.08.2021 00:00:58.141,14.678770000000002,14.669310000000001,1,1
09.08.2021 00:01:00.049,14.678770000000002,14.669410000000001,1,1
09.08.2021 00:01:00.190,14.678770000000002,14.669410000000001,1,1
09.08.2021 00:01:00.365,14.67878,14.669500000000001,1,1
09.08.2021 00:01:00.464,14.678770000000002,14.669410000000001,1,1
09.08.2021 00:01:00.745,14.678770000000002,14.66961,1,1
09.08.2021 00:01:00.903,14.678770000000002,14.66961,1,1
09.08.2021 00:01:02.602,14.678970000000001,14.669710000000002,1,1
09.08.2021 00:01:03.135,14.679270000000002,14.670610000000002,1,0.75
09.08.2021 00:01:03.186,14.679270000000002,14.670610000000002,1,1
09.08.2021 00:01:03.237,14.679370000000002,14.670610000000002,1,1
09.08.2021 00:01:03.438,14.67954,14.670610000000002,1.5,1
09.08.2021 00:01:06.532,14.67954,14.670710000000001,1.5,1
09.08.2021 00:01:06.583,14.67954,14.66961,1.5,1
09.08.2021 00:01:06.714,14.67954,14.66951,1.5,1
09.08.2021 00:01:07.094,14.67954,14.66951,1.5,1
09.08.2021 00:01:07.215,14.679470000000002,14.66951,1,1
09.08.2021 00:01:09.674,14.679470000000002,14.66961,1,1
09.08.2021 00:01:10.816,14.679470000000002,14.669710000000002,1,1
09.08.2021 00:01:10.910,14.679470000000002,14.66961,1,1
09.08.2021 00:01:10.960,14.679470000000002,14.669710000000002,1,1
09.08.2021 00:01:14.815,14.67948,14.6698,1,1
09.08.2021 00:01:17.240,14.679470000000002,14.669810000000002,1,1
09.08.2021 00:01:17.443,14.67954,14.669810000000002,1.5,0.75
09.08.2021 00:01:18.934,14.67954,14.669910000000002,1.5,1
09.08.2021 00:01:19.263,14.67954,14.670010000000001,1.5,1
09.08.2021 00:01:20.772,14.67954,14.670110000000001,1.5,1
09.08.2021 00:01:21.898,14.67954,14.67021,1.5,0.75
09.08.2021 00:01:22.010,14.67954,14.670410000000002,1.5,0.75
09.08.2021 00:01:22.111,14.67955,14.6707,1.5,0.75
09.08.2021 00:01:22.231,14.67955,14.6705,1.5,0.75
09.08.2021 00:01:26.968,14.67954,14.670610000000002,1.5,1
09.08.2021 00:01:30.029,14.67954,14.670610000000002,1,1
09.08.2021 00:01:30.080,14.67954,14.670710000000001,1,1
09.08.2021 00:01:30.365,14.67954,14.670610000000002,1,1
09.08.2021 00:01:33.740,14.67955,14.6705,1,1
09.08.2021 00:01:34.086,14.67954,14.670410000000002,1,1
09.08.2021 00:01:34.264,14.67954,14.670110000000001,1,1
09.08.2021 00:01:34.356,14.67955,14.670200000000001,1,1
09.08.2021 00:01:34.500,14.67954,14.670110000000001,1,1
09.08.2021 00:01:38.127,14.67954,14.670110000000001,1.5,1
09.08.2021 00:01:38.228,14.68019,14.67191,1,1
09.08.2021 00:01:38.437,14.68011,14.672,1,1
09.08.2021 00:01:38.538,14.68009,14.672,1.1,1
09.08.2021 00:01:39.069,14.67999,14.672010000000002,1,1
09.08.2021 00:01:39.119,14.67999,14.672110000000002,1,1
09.08.2021 00:01:47.604,14.680070000000002,14.672500000000001,1.5,1
09.08.2021 00:01:47.949,14.680050000000001,14.672710000000002,1.5,1
09.08.2021 00:01:49.871,14.68035,14.672910000000002,1.5,1
09.08.2021 00:01:49.922,14.68035,14.672810000000002,1.5,1
09.08.2021 00:01:58.375,14.680360000000002,14.672710000000002,1.5,1
09.08.2021 00:02:00.786,14.68038,14.673010000000001,1.1,1
09.08.2021 00:02:01.216,14.68044,14.673010000000001,1.1,1
09.08.2021 00:02:01.328,14.68065,14.673010000000001,1.5,1
09.08.2021 00:02:03.831,14.680470000000001,14.672910000000002,1.5,1
09.08.2021 00:02:04.042,14.680470000000001,14.672810000000002,1.5,1
09.08.2021 00:02:04.270,14.680410000000002,14.672810000000002,1,1
09.08.2021 00:02:04.782,14.680370000000002,14.672810000000002,1,1
09.08.2021 00:02:05.606,14.68031,14.672810000000002,1,1
09.08.2021 00:02:06.145,14.680270000000002,14.672810000000002,1,1
09.08.2021 00:02:06.301,14.680270000000002,14.67251,1.5,1
09.08.2021 00:02:07.521,14.679960000000001,14.672410000000001,2,1
09.08.2021 00:02:08.045,14.679860000000001,14.672410000000001,1.5,1
09.08.2021 00:02:08.661,14.679960000000001,14.672410000000001,2,1
09.08.2021 00:02:09.666,14.679720000000001,14.672410000000001,1,1
09.08.2021 00:02:10.549,14.67973,14.672500000000001,1,1
09.08.2021 00:02:11.582,14.679720000000001,14.67261,1,1
09.08.2021 00:02:11.854,14.679720000000001,14.672810000000002,1,1
09.08.2021 00:02:11.955,14.67973,14.6729,1,1
09.08.2021 00:02:12.062,14.680020000000003,14.672910000000002,2.75,1
09.08.2021 00:02:12.321,14.68003,14.6728,2.75,1
09.08.2021 00:02:12.434,14.680020000000003,14.672710000000002,2.75,1
09.08.2021 00:02:13.129,14.68003,14.672500000000001,2.75,1
09.08.2021 00:02:13.179,14.680020000000003,14.67261,2.75,1
09.08.2021 00:02:17.281,14.680020000000003,14.672710000000002,2.75,1
09.08.2021 00:02:25.352,14.680020000000003,14.672810000000002,2.75,1
09.08.2021 00:02:25.585,14.680020000000003,14.672910000000002,2.75,1
09.08.2021 00:02:30.161,14.680020000000003,14.672810000000002,2.75,1
09.08.2021 00:02:31.298,14.680020000000003,14.672910000000002,2.75,1
09.08.2021 00:02:31.364,14.680020000000003,14.672810000000002,2.75,1
09.08.2021 00:02:35.761,14.680020000000003,14.672910000000002,2.75,1
09.08.2021 00:02:35.824,14.680020000000003,14.672910000000002,2.25,1
09.08.2021 00:02:35.875,14.680020000000003,14.673010000000001,2.25,1
09.08.2021 00:02:41.862,14.680410000000002,14.673210000000001,2.75,1
09.08.2021 00:02:41.963,14.680410000000002,14.673210000000001,2.25,1
09.08.2021 00:02:42.014,14.680410000000002,14.67331,2.25,1
09.08.2021 00:02:42.131,14.680420000000002,14.6734,2.25,1
09.08.2021 00:02:42.181,14.680750000000002,14.67331,1,1
09.08.2021 00:02:42.232,14.680750000000002,14.67341,1,1
09.08.2021 00:02:42.341,14.68091,14.67341,2.5,1
09.08.2021 00:02:42.442,14.681320000000001,14.675010000000002,1,1
09.08.2021 00:02:42.645,14.681320000000001,14.67491,1,1
09.08.2021 00:02:46.609,14.681320000000001,14.675010000000002,1,1
09.08.2021 00:02:47.051,14.681320000000001,14.675110000000002,1,1
09.08.2021 00:02:47.392,14.681320000000001,14.675410000000001,1,1
09.08.2021 00:02:47.443,14.681320000000001,14.675310000000001,1,1
09.08.2021 00:02:47.648,14.681320000000001,14.675410000000001,1,1
09.08.2021 00:02:47.756,14.681320000000001,14.675510000000001,1,1
09.08.2021 00:02:47.806,14.681320000000001,14.675410000000001,1,1
09.08.2021 00:02:47.856,14.681329999999999,14.675500000000001,1,1
09.08.2021 00:02:47.957,14.681320000000001,14.67561,1,1
09.08.2021 00:02:48.010,14.681320000000001,14.675510000000001,1,1
09.08.2021 00:02:48.061,14.681320000000001,14.67561,1,1
09.08.2021 00:02:48.561,14.681320000000001,14.67571,1,1
09.08.2021 00:02:48.779,14.681320000000001,14.675810000000002,1,1
09.08.2021 00:02:48.898,14.681320000000001,14.676010000000002,1,1
09.08.2021 00:02:49.018,14.681320000000001,14.67658,1,1
09.08.2021 00:02:49.119,14.681320000000001,14.67665,1,1
09.08.2021 00:02:49.220,14.681320000000001,14.67668,1,1
09.08.2021 00:02:49.362,14.681320000000001,14.675810000000002,1,1
09.08.2021 00:02:49.564,14.681320000000001,14.675910000000002,1,1
09.08.2021 00:02:50.401,14.681320000000001,14.676110000000001,1,1
09.08.2021 00:02:50.592,14.681320000000001,14.676210000000001,1,1
09.08.2021 00:02:51.624,14.681320000000001,14.676110000000001,1,1
09.08.2021 00:02:51.724,14.681320000000001,14.675910000000002,1,1
09.08.2021 00:02:52.161,14.681320000000001,14.675810000000002,1,1
09.08.2021 00:02:52.262,14.681320000000001,14.67561,1,1
09.08.2021 00:02:52.811,14.681320000000001,14.675910000000002,1,1
09.08.2021 00:02:52.913,14.681320000000001,14.676010000000002,1,1
09.08.2021 00:02:54.760,14.681320000000001,14.675910000000002,1,1
09.08.2021 00:02:55.056,14.681320000000001,14.67571,1,1
09.08.2021 00:02:55.237,14.681320000000001,14.675810000000002,1,1
09.08.2021 00:02:55.287,14.681320000000001,14.67571,1,1
09.08.2021 00:02:55.398,14.681320000000001,14.675810000000002,1,1
09.08.2021 00:02:57.542,14.681320000000001,14.67571,1,1
09.08.2021 00:02:57.643,14.681320000000001,14.67561,1,1
09.08.2021 00:02:58.169,14.681320000000001,14.675510000000001,1,1
09.08.2021 00:02:58.455,14.681320000000001,14.675410000000001,1,1
09.08.2021 00:02:58.506,14.681320000000001,14.675310000000001,1,1
09.08.2021 00:02:58.587,14.681320000000001,14.675410000000001,1,1
09.08.2021 00:02:59.095,14.681320000000001,14.675110000000002,1,1
09.08.2021 00:02:59.548,14.681320000000001,14.675010000000002,1,1
09.08.2021 00:03:00.183,14.681320000000001,14.67491,1,1
09.08.2021 00:03:00.234,14.681320000000001,14.67481,1,1
09.08.2021 00:03:02.949,14.681320000000001,14.674710000000001,1,1
09.08.2021 00:03:03.152,14.681320000000001,14.674610000000001,1,1
09.08.2021 00:03:03.445,14.681320000000001,14.674410000000002,1,1
09.08.2021 00:03:03.748,14.681320000000001,14.674510000000001,1,1
09.08.2021 00:03:06.915,14.681320000000001,14.674710000000001,1,1
09.08.2021 00:03:07.016,14.681320000000001,14.675010000000002,1,1
09.08.2021 00:03:07.117,14.681320000000001,14.675310000000001,1,1
09.08.2021 00:03:07.230,14.681320000000001,14.675410000000001,1,1
09.08.2021 00:03:07.280,14.681320000000001,14.675310000000001,1,1
09.08.2021 00:03:07.331,14.681320000000001,14.675410000000001,1,1
09.08.2021 00:03:08.838,14.681320000000001,14.675510000000001,1,1
09.08.2021 00:03:09.946,14.681320000000001,14.675410000000001,1,1
09.08.2021 00:03:10.769,14.681329999999999,14.675500000000001,1,1
09.08.2021 00:03:13.587,14.681320000000001,14.67561,1,1
09.08.2021 00:03:16.408,14.681320000000001,14.67571,1,1
09.08.2021 00:03:16.570,14.681320000000001,14.675810000000002,1,1
09.08.2021 00:03:16.788,14.681320000000001,14.675910000000002,1,1
09.08.2021 00:03:17.260,14.681320000000001,14.676210000000001,1,1
09.08.2021 00:03:17.412,14.681329999999999,14.676300000000001,1,1
09.08.2021 00:03:17.533,14.681320000000001,14.67641,1,1
09.08.2021 00:03:17.827,14.681320000000001,14.67631,1,1
09.08.2021 00:03:20.563,14.681470000000003,14.676300000000001,1,1
09.08.2021 00:03:20.614,14.681460000000001,14.678110000000002,1,1
09.08.2021 00:03:20.664,14.681460000000001,14.677510000000002,1,1
09.08.2021 00:03:20.715,14.684600000000001,14.677610000000001,1.25,1
09.08.2021 00:03:20.871,14.684600000000001,14.677510000000002,1.25,1
09.08.2021 00:03:20.922,14.685710000000002,14.678510000000001,2,1
09.08.2021 00:03:20.973,14.685710000000002,14.67871,1.5,1
09.08.2021 00:03:21.330,14.685420000000002,14.67871,1.5,1
09.08.2021 00:03:21.750,14.685420000000002,14.678810000000002,1.5,1
09.08.2021 00:03:21.964,14.68543,14.678700000000001,1.5,1
09.08.2021 00:03:22.938,14.685420000000002,14.678510000000001,1.5,1
09.08.2021 00:03:22.989,14.685270000000003,14.678510000000001,1.5,1
09.08.2021 00:03:23.147,14.685270000000003,14.678210000000002,1.5,1
09.08.2021 00:03:23.319,14.685270000000003,14.677810000000001,1.5,1
09.08.2021 00:03:23.420,14.685260000000001,14.677610000000001,1.5,1
09.08.2021 00:03:23.470,14.685260000000001,14.678110000000002,1.5,1
09.08.2021 00:03:23.520,14.685260000000001,14.677810000000001,1.5,1
09.08.2021 00:03:23.571,14.685260000000001,14.67801,1.5,1
09.08.2021 00:03:23.621,14.685260000000001,14.67791,1.5,1
09.08.2021 00:03:23.678,14.685260000000001,14.678110000000002,1.5,1
09.08.2021 00:03:23.729,14.685260000000001,14.677710000000001,1.5,1
09.08.2021 00:03:23.779,14.685260000000001,14.677810000000001,1.5,1
09.08.2021 00:03:23.967,14.685120000000001,14.677810000000001,1,1
09.08.2021 00:03:24.234,14.685120000000001,14.677710000000001,1,1
09.08.2021 00:03:24.428,14.684510000000001,14.677710000000001,1.5,1
09.08.2021 00:03:24.479,14.684510000000001,14.67721,1.5,1
09.08.2021 00:03:24.755,14.684510000000001,14.677010000000001,1.5,1
09.08.2021 00:03:24.975,14.684310000000002,14.676810000000001,1.5,1
09.08.2021 00:03:25.025,14.684310000000002,14.676210000000001,1.5,1
09.08.2021 00:03:25.126,14.684520000000003,14.676210000000001,1.5,1
09.08.2021 00:03:25.177,14.684520000000003,14.676010000000002,1.5,1
09.08.2021 00:03:25.278,14.684520000000003,14.676210000000001,1.5,1
09.08.2021 00:03:25.328,14.684520000000003,14.676010000000002,1.5,1
09.08.2021 00:03:25.386,14.684520000000003,14.676110000000001,1.5,1
09.08.2021 00:03:25.496,14.683910000000001,14.676110000000001,1,1
09.08.2021 00:03:25.547,14.683910000000001,14.676010000000002,1,1
09.08.2021 00:03:25.648,14.684260000000002,14.676010000000002,1,1
09.08.2021 00:03:25.737,14.684260000000002,14.676010000000002,1.5,1
09.08.2021 00:03:25.787,14.684260000000002,14.675910000000002,1.5,1
09.08.2021 00:03:25.838,14.684260000000002,14.675810000000002,1.5,1
09.08.2021 00:03:26.484,14.684210000000002,14.675910000000002,1.5,1
09.08.2021 00:03:27.052,14.684210000000002,14.675810000000002,1.5,1
09.08.2021 00:03:28.421,14.68411,14.675810000000002,1.5,1
09.08.2021 00:03:28.822,14.68411,14.675510000000001,1.5,1
09.08.2021 00:03:28.949,14.68411,14.675510000000001,2,1
09.08.2021 00:03:29.000,14.68411,14.675310000000001,2,1
09.08.2021 00:03:29.051,14.683610000000002,14.675210000000002,1,1
09.08.2021 00:03:29.187,14.683510000000002,14.675210000000002,1,1
09.08.2021 00:03:29.253,14.683860000000001,14.675210000000002,2,1
09.08.2021 00:03:30.488,14.683760000000001,14.675310000000001,2,1
09.08.2021 00:03:30.787,14.683760000000001,14.67561,2,1
09.08.2021 00:03:31.097,14.683760000000001,14.675510000000001,2,1
09.08.2021 00:03:32.360,14.683660000000001,14.675510000000001,1.5,1
09.08.2021 00:03:32.608,14.683670000000001,14.675600000000001,1.5,1
09.08.2021 00:03:33.229,14.683660000000001,14.67571,1.5,1
09.08.2021 00:03:33.538,14.683660000000001,14.675810000000002,1.5,1
09.08.2021 00:03:34.082,14.683810000000001,14.675810000000002,2.75,1
09.08.2021 00:03:34.187,14.683810000000001,14.67631,2.25,1
09.08.2021 00:03:34.288,14.68411,14.67641,2.25,1
09.08.2021 00:03:34.533,14.68411,14.676710000000002,2.25,1
09.08.2021 00:03:34.847,14.684410000000002,14.677010000000001,2.25,1
09.08.2021 00:03:35.255,14.684410000000002,14.67711,2.25,1
09.08.2021 00:03:36.317,14.684420000000001,14.677000000000001,2.25,1
09.08.2021 00:03:38.160,14.684410000000002,14.675910000000002,2.25,1
09.08.2021 00:03:38.210,14.684410000000002,14.67641,2.25,1
09.08.2021 00:03:38.261,14.684610000000001,14.676010000000002,1.5,1
09.08.2021 00:03:38.649,14.684260000000002,14.676010000000002,1.5,1
09.08.2021 00:03:39.032,14.684260000000002,14.676210000000001,1.5,1
09.08.2021 00:03:39.133,14.684120000000002,14.676210000000001,1.5,1
09.08.2021 00:03:39.566,14.68411,14.676210000000001,1.5,1
09.08.2021 00:03:40.617,14.68411,14.676010000000002,1.5,1
09.08.2021 00:03:40.967,14.68411,14.675910000000002,1.5,1
09.08.2021 00:03:41.426,14.68411,14.675510000000001,1.5,1
09.08.2021 00:03:41.477,14.68411,14.675210000000002,1.5,1
09.08.2021 00:03:41.528,14.683610000000002,14.675010000000002,1.5,1
09.08.2021 00:03:42.327,14.683610000000002,14.675410000000001,1.5,1
09.08.2021 00:03:42.947,14.683610000000002,14.675510000000001,1.5,1
09.08.2021 00:03:44.250,14.683610000000002,14.675410000000001,1.5,1
09.08.2021 00:03:44.301,14.683620000000001,14.6752,1.5,1
09.08.2021 00:03:44.728,14.683620000000001,14.675210000000002,1.5,1
09.08.2021 00:03:45.197,14.683620000000001,14.67491,1.5,1
09.08.2021 00:03:45.298,14.683620000000001,14.673910000000001,1.5,1
09.08.2021 00:03:45.348,14.68331,14.67401,1,1
09.08.2021 00:03:45.399,14.68331,14.673610000000002,1,1
09.08.2021 00:03:45.499,14.68331,14.67341,1.5,1
09.08.2021 00:03:45.650,14.68308,14.6736,2,1
09.08.2021 00:03:46.004,14.683060000000001,14.673610000000002,2,1
09.08.2021 00:03:46.208,14.682420000000002,14.67341,2,1
09.08.2021 00:03:46.991,14.682420000000002,14.673210000000001,2,1
09.08.2021 00:03:47.051,14.681860000000002,14.673210000000001,1.5,1
09.08.2021 00:03:47.152,14.681860000000002,14.673010000000001,2,1
09.08.2021 00:03:47.257,14.681870000000002,14.6729,2,1
09.08.2021 00:03:47.441,14.681920000000002,14.67261,2,1
09.08.2021 00:03:47.558,14.681920000000002,14.672410000000001,2,1
09.08.2021 00:03:47.659,14.681520000000003,14.672410000000001,1.5,1
09.08.2021 00:03:48.176,14.68153,14.672500000000001,1.5,1
09.08.2021 00:03:49.429,14.681520000000003,14.672410000000001,2,1
09.08.2021 00:03:50.050,14.681520000000003,14.672110000000002,2,1
09.08.2021 00:03:50.101,14.681520000000003,14.672010000000002,2,1
09.08.2021 00:03:50.264,14.681520000000003,14.672110000000002,2,1
09.08.2021 00:03:50.645,14.681520000000003,14.672210000000002,2,1
09.08.2021 00:03:52.867,14.681510000000001,14.672810000000002,2.75,1
09.08.2021 00:03:52.968,14.681510000000001,14.672910000000002,2.75,1
09.08.2021 00:03:54.151,14.681510000000001,14.672910000000002,1.5,1
09.08.2021 00:03:54.202,14.681510000000001,14.673210000000001,1.5,1
09.08.2021 00:03:54.394,14.681510000000001,14.673110000000001,1.5,1
09.08.2021 00:03:56.288,14.681510000000001,14.673210000000001,1.5,1
09.08.2021 00:03:56.795,14.681510000000001,14.67341,1.5,1
09.08.2021 00:03:56.898,14.681510000000001,14.673210000000001,1.5,1
09.08.2021 00:03:56.998,14.681870000000002,14.673210000000001,2,1
09.08.2021 00:03:57.996,14.681870000000002,14.673110000000001,2,1
09.08.2021 00:03:58.703,14.681870000000002,14.673210000000001,2,1
09.08.2021 00:03:59.811,14.68181,14.673110000000001,1.5,1
09.08.2021 00:04:01.584,14.68181,14.672910000000002,1.5,1
09.08.2021 00:04:01.984,14.68181,14.67261,1.5,1
09.08.2021 00:04:02.094,14.681420000000001,14.67261,1.5,1
09.08.2021 00:04:02.397,14.681460000000001,14.67261,1.5,1
09.08.2021 00:04:02.673,14.681460000000001,14.672710000000002,1.5,1
09.08.2021 00:04:02.733,14.681460000000001,14.67261,1.5,1
09.08.2021 00:04:02.873,14.681460000000001,14.672710000000002,1.5,1
09.08.2021 00:04:04.714,14.681460000000001,14.67261,1.5,1
09.08.2021 00:04:04.986,14.681460000000001,14.672710000000002,1.5,1
09.08.2021 00:04:05.044,14.681510000000001,14.672710000000002,1.5,1
09.08.2021 00:04:05.736,14.681510000000001,14.672910000000002,1.5,1
09.08.2021 00:04:05.989,14.681510000000001,14.673010000000001,1.5,1
09.08.2021 00:04:06.895,14.681510000000001,14.67331,1.5,1
09.08.2021 00:04:07.007,14.681910000000002,14.67341,1.5,1
09.08.2021 00:04:07.235,14.681910000000002,14.673610000000002,1.5,1
09.08.2021 00:04:07.369,14.68193,14.6737,1.5,1
09.08.2021 00:04:07.509,14.68193,14.6737,1,1
09.08.2021 00:04:07.560,14.681920000000002,14.673910000000001,1,1
09.08.2021 00:04:07.878,14.681920000000002,14.673810000000001,1,1
09.08.2021 00:04:08.465,14.68193,14.673300000000001,1,1
09.08.2021 00:04:09.195,14.681920000000002,14.673810000000001,1,1
09.08.2021 00:04:09.924,14.681920000000002,14.67411,1,1
09.08.2021 00:04:10.025,14.682310000000001,14.674310000000002,2.75,1
09.08.2021 00:04:10.258,14.682310000000001,14.674310000000002,2.25,1
09.08.2021 00:04:10.308,14.682310000000001,14.674410000000002,2.25,1
09.08.2021 00:04:12.547,14.682310000000001,14.67481,2.25,1
09.08.2021 00:04:12.648,14.682810000000002,14.67481,2.75,1
09.08.2021 00:04:13.398,14.682810000000002,14.67491,2.75,1
09.08.2021 00:04:13.583,14.682810000000002,14.67481,2.75,1
09.08.2021 00:04:13.734,14.682820000000001,14.674700000000001,2.75,1
09.08.2021 00:04:15.293,14.682810000000002,14.674610000000001,2.75,1
09.08.2021 00:04:15.569,14.682820000000001,14.674410000000002,2.75,1
09.08.2021 00:04:15.708,14.682820000000001,14.674310000000002,2.75,1
09.08.2021 00:04:16.702,14.682360000000001,14.674410000000002,1,1
09.08.2021 00:04:16.805,14.68233,14.6744,1,1
09.08.2021 00:04:20.249,14.682320000000002,14.67401,1,1
09.08.2021 00:04:20.299,14.682320000000002,14.67411,1,1
09.08.2021 00:04:20.400,14.682260000000001,14.67421,1,1
09.08.2021 00:04:20.501,14.682210000000001,14.674410000000002,1,1
09.08.2021 00:04:20.744,14.682260000000001,14.674410000000002,1,1
09.08.2021 00:04:21.753,14.682270000000003,14.674410000000002,1,1
09.08.2021 00:04:22.538,14.682279999999999,14.6742,1,1
09.08.2021 00:04:22.774,14.682260000000001,14.67421,2.25,1
09.08.2021 00:04:23.017,14.682260000000001,14.67411,2.25,1
09.08.2021 00:04:23.068,14.682260000000001,14.673910000000001,2.25,1
09.08.2021 00:04:24.705,14.682270000000003,14.673910000000001,1,1
09.08.2021 00:04:25.813,14.682260000000001,14.673910000000001,1,1
09.08.2021 00:04:26.623,14.682260000000001,14.67411,1,1
09.08.2021 00:04:27.204,14.682270000000003,14.6744,1,1
09.08.2021 00:04:27.811,14.682260000000001,14.674610000000001,1,1
09.08.2021 00:04:27.962,14.682710000000002,14.67481,1.5,1
09.08.2021 00:04:28.062,14.68316,14.674710000000001,2.75,1
09.08.2021 00:04:31.881,14.68321,14.67481,1.5,1
09.08.2021 00:04:33.917,14.68321,14.67491,1.5,1
09.08.2021 00:04:34.279,14.68321,14.67481,1.5,1
09.08.2021 00:04:35.038,14.683320000000002,14.674310000000002,1.5,1
09.08.2021 00:04:35.089,14.683320000000002,14.67411,1.5,1
09.08.2021 00:04:35.274,14.683320000000002,14.674510000000001,1.5,1
09.08.2021 00:04:36.074,14.683320000000002,14.674610000000001,1.5,1
09.08.2021 00:04:36.525,14.683320000000002,14.67421,1.5,1
09.08.2021 00:04:36.625,14.683320000000002,14.674610000000001,1.5,1
09.08.2021 00:04:39.995,14.68331,14.674710000000001,2.75,1
09.08.2021 00:04:40.135,14.68331,14.674610000000001,2.75,1
09.08.2021 00:04:42.085,14.68331,14.674310000000002,2.75,1
09.08.2021 00:04:43.460,14.68331,14.674410000000002,2.75,1
09.08.2021 00:04:43.579,14.68331,14.674310000000002,2.75,1
09.08.2021 00:04:44.845,14.68331,14.674410000000002,2.75,1
09.08.2021 00:04:44.967,14.68331,14.674310000000002,2.75,1
09.08.2021 00:04:45.434,14.68331,14.674610000000001,2.75,1
09.08.2021 00:04:45.550,14.68331,14.674710000000001,2.75,1
09.08.2021 00:04:45.709,14.68331,14.67481,2.75,1
09.08.2021 00:04:48.876,14.683320000000002,14.674410000000002,2,1
09.08.2021 00:04:48.926,14.683320000000002,14.674510000000001,2,1
09.08.2021 00:04:52.125,14.683470000000002,14.67421,2.75,1
09.08.2021 00:04:52.831,14.682979999999999,14.674510000000001,1.5,1
09.08.2021 00:04:54.989,14.682960000000001,14.6742,1.5,1
09.08.2021 00:04:55.245,14.68295,14.674510000000001,1.5,1
09.08.2021 00:04:55.724,14.682960000000001,14.6743,1.5,1
09.08.2021 00:04:56.975,14.68295,14.674510000000001,1.5,1
09.08.2021 00:05:00.880,14.682910000000001,14.674610000000001,2,1
09.08.2021 00:05:02.347,14.683020000000003,14.674410000000002,2.75,1
09.08.2021 00:05:02.575,14.683020000000003,14.674510000000001,2.75,1
09.08.2021 00:05:04.065,14.683020000000003,14.674610000000001,2.75,1
09.08.2021 00:05:04.180,14.683020000000003,14.674710000000001,2.75,1
09.08.2021 00:05:05.444,14.683010000000001,14.67481,2.75,1
09.08.2021 00:05:05.915,14.683020000000003,14.674800000000001,2.25,1
09.08.2021 00:05:05.966,14.683010000000001,14.675010000000002,2.25,1
09.08.2021 00:05:06.067,14.683010000000001,14.675110000000002,2.25,1
09.08.2021 00:05:06.117,14.683420000000002,14.6751,2.75,1
09.08.2021 00:05:06.167,14.683410000000002,14.675210000000002,2.75,1
09.08.2021 00:05:11.449,14.683410000000002,14.675110000000002,2.75,1
09.08.2021 00:05:11.531,14.683410000000002,14.674710000000001,2.75,1
09.08.2021 00:05:11.617,14.683410000000002,14.67481,2.75,1
09.08.2021 00:05:12.094,14.683410000000002,14.675010000000002,2.75,1
09.08.2021 00:05:12.366,14.683410000000002,14.67491,2.75,1
09.08.2021 00:05:13.655,14.68343,14.674700000000001,1.5,1
09.08.2021 00:05:14.298,14.683420000000002,14.67481,1.5,1
09.08.2021 00:05:14.575,14.683420000000002,14.675010000000002,1.5,1
09.08.2021 00:05:16.291,14.683460000000002,14.674710000000001,2,1
09.08.2021 00:05:16.392,14.683470000000002,14.6745,2,1
09.08.2021 00:05:17.634,14.683510000000002,14.674710000000001,1.5,1
09.08.2021 00:05:18.604,14.683570000000001,14.67481,1.5,1
09.08.2021 00:05:21.918,14.683660000000001,14.674610000000001,1.5,1
09.08.2021 00:05:22.180,14.683660000000001,14.674510000000001,1.5,1
09.08.2021 00:05:22.331,14.68329,14.6744,1.5,1
09.08.2021 00:05:22.471,14.683250000000001,14.674510000000001,1.5,1
09.08.2021 00:05:22.581,14.683250000000001,14.674410000000002,1.5,1
09.08.2021 00:05:23.070,14.683250000000001,14.674310000000002,1.5,1
09.08.2021 00:05:24.281,14.683250000000001,14.674410000000002,1.5,1
09.08.2021 00:05:24.382,14.683250000000001,14.674310000000002,1.5,1
09.08.2021 00:05:25.572,14.682960000000001,14.674310000000002,1,1
09.08.2021 00:05:25.970,14.682960000000001,14.674510000000001,1,1
09.08.2021 00:05:26.175,14.682910000000001,14.674510000000001,1,1
09.08.2021 00:05:26.910,14.682920000000001,14.6746,1,1
09.08.2021 00:05:28.065,14.682910000000001,14.67481,1,1
09.08.2021 00:05:28.166,14.682860000000002,14.67481,1,1
09.08.2021 00:05:28.217,14.68316,14.67481,2,1
09.08.2021 00:05:28.440,14.68316,14.67491,2,1
09.08.2021 00:05:29.096,14.68316,14.674710000000001,2,1
09.08.2021 00:05:29.244,14.68316,14.674610000000001,2,1
09.08.2021 00:05:29.992,14.68316,14.67481,2,1
09.08.2021 00:05:33.952,14.683170000000002,14.674700000000001,2,1
09.08.2021 00:05:40.586,14.683110000000001,14.67481,1.5,1
09.08.2021 00:05:40.896,14.683110000000001,14.67491,1.5,1
09.08.2021 00:05:40.997,14.683110000000001,14.675010000000002,1.5,1
09.08.2021 00:05:41.047,14.683110000000001,14.67491,1.5,1
09.08.2021 00:05:44.921,14.683110000000001,14.675010000000002,1.5,1
09.08.2021 00:05:51.465,14.683110000000001,14.674310000000002,1.5,1
09.08.2021 00:05:51.566,14.683110000000001,14.674610000000001,1.5,1
09.08.2021 00:05:52.230,14.683110000000001,14.67481,1.5,1
09.08.2021 00:05:57.168,14.68316,14.67491,2.75,1
09.08.2021 00:05:58.679,14.68316,14.67481,2.75,1
09.08.2021 00:05:59.570,14.68316,14.67491,2.75,1
09.08.2021 00:05:59.691,14.68316,14.675010000000002,2.75,1
09.08.2021 00:06:05.899,14.683070000000003,14.675010000000002,1.5,1
09.08.2021 00:06:23.701,14.683060000000001,14.675010000000002,1.5,1
09.08.2021 00:06:25.652,14.683220000000002,14.675,2.75,1
09.08.2021 00:06:30.278,14.68321,14.675210000000002,2.75,1
09.08.2021 00:06:41.289,14.68321,14.675110000000002,2.75,1
09.08.2021 00:06:41.339,14.68321,14.675210000000002,2.75,1
09.08.2021 00:06:47.327,14.68321,14.675210000000002,2.25,1
09.08.2021 00:06:47.378,14.68321,14.675310000000001,1,1
09.08.2021 00:06:49.150,14.68321,14.675510000000001,1,1
09.08.2021 00:06:49.201,14.683620000000001,14.675400000000002,2.25,1
09.08.2021 00:06:56.709,14.683610000000002,14.675510000000001,2.25,1
09.08.2021 00:06:58.655,14.683610000000002,14.675410000000001,2.25,1
09.08.2021 00:06:58.827,14.683620000000001,14.675410000000001,2.25,1
09.08.2021 00:06:58.965,14.683620000000001,14.675310000000001,2.25,1
09.08.2021 00:06:59.015,14.683620000000001,14.675410000000001,2.25,1
09.08.2021 00:06:59.116,14.683629999999999,14.6752,2.25,1
09.08.2021 00:06:59.380,14.683620000000001,14.675110000000002,2.25,1
09.08.2021 00:06:59.619,14.683629999999999,14.675,2.25,1
09.08.2021 00:06:59.688,14.683620000000001,14.67491,2.25,1
09.08.2021 00:06:59.791,14.683620000000001,14.67481,2.25,1
09.08.2021 00:06:59.868,14.683620000000001,14.67481,2.75,1
09.08.2021 00:06:59.918,14.683620000000001,14.674410000000002,2.75,1
09.08.2021 00:06:59.969,14.683410000000002,14.67411,1.5,1
09.08.2021 00:07:00.069,14.683270000000002,14.67401,1.5,1
09.08.2021 00:07:00.170,14.683270000000002,14.67411,2,1
09.08.2021 00:07:00.220,14.683270000000002,14.673910000000001,2,1
09.08.2021 00:07:00.356,14.683270000000002,14.67401,2,1
09.08.2021 00:07:00.757,14.68328,14.673910000000001,1.6,1
09.08.2021 00:07:00.857,14.68268,14.673910000000001,1.1,1
09.08.2021 00:07:01.049,14.68268,14.67401,1.1,1
09.08.2021 00:07:01.352,14.68265,14.67401,1,1
09.08.2021 00:07:01.999,14.68265,14.67401,1.5,1
09.08.2021 00:07:08.788,14.68265,14.674510000000001,1.5,1
09.08.2021 00:07:08.888,14.682720000000002,14.67481,1,1
09.08.2021 00:07:08.939,14.682720000000002,14.67491,1,1
09.08.2021 00:07:08.989,14.683120000000002,14.67491,2.75,1
09.08.2021 00:07:09.915,14.683110000000001,14.675010000000002,2.75,1
09.08.2021 00:07:09.966,14.683110000000001,14.675310000000001,2.25,1
09.08.2021 00:07:10.344,14.683110000000001,14.675410000000001,2.25,1
09.08.2021 00:07:11.655,14.683110000000001,14.675510000000001,2.25,1
09.08.2021 00:07:11.756,14.683110000000001,14.67571,2.25,1
09.08.2021 00:07:11.857,14.684870000000002,14.676210000000001,1,1
09.08.2021 00:07:12.105,14.684870000000002,14.676110000000001,1,1
09.08.2021 00:07:12.332,14.684910000000002,14.67631,2.25,1
09.08.2021 00:07:15.549,14.684910000000002,14.676010000000002,2.25,1
09.08.2021 00:07:15.599,14.684910000000002,14.676110000000001,2.25,1
09.08.2021 00:07:15.649,14.684910000000002,14.676010000000002,2.25,1
09.08.2021 00:07:16.029,14.684910000000002,14.676210000000001,2.25,1
09.08.2021 00:07:17.225,14.684910000000002,14.67631,2.25,1
09.08.2021 00:07:17.807,14.684910000000002,14.67641,2.25,1
09.08.2021 00:07:20.433,14.684910000000002,14.676510000000002,2.25,1
09.08.2021 00:07:21.446,14.684910000000002,14.676610000000002,2.25,1
09.08.2021 00:07:25.811,14.684910000000002,14.676510000000002,2.25,1
09.08.2021 00:07:25.862,14.684910000000002,14.676610000000002,2.25,1
09.08.2021 00:07:25.917,14.684910000000002,14.676510000000002,2.25,1
09.08.2021 00:07:26.186,14.686,14.67341,1,1
09.08.2021 00:07:26.970,14.685550000000001,14.67341,1,1
09.08.2021 00:07:30.842,14.685470000000002,14.67341,1.5,1
09.08.2021 00:07:32.222,14.685470000000002,14.673610000000002,1.5,1
09.08.2021 00:07:32.272,14.685820000000001,14.673810000000001,1.5,1
09.08.2021 00:07:32.775,14.685810000000002,14.673810000000001,1.5,1
09.08.2021 00:07:36.097,14.685770000000002,14.673810000000001,1.5,1
09.08.2021 00:07:37.835,14.68583,14.6738,1.5,1
09.08.2021 00:07:40.676,14.685870000000001,14.6738,1.5,1
09.08.2021 00:07:42.489,14.685920000000001,14.673810000000001,1.5,1
09.08.2021 00:07:43.199,14.686070000000003,14.673810000000001,2.25,1
09.08.2021 00:07:45.768,14.686060000000001,14.673810000000001,2.25,1
09.08.2021 00:07:46.373,14.685860000000002,14.673810000000001,1.5,1
09.08.2021 00:07:46.887,14.685910000000002,14.673810000000001,1.5,1
09.08.2021 00:07:50.561,14.686010000000001,14.673810000000001,1.5,1
09.08.2021 00:07:52.290,14.686020000000003,14.673810000000001,1.5,1
09.08.2021 00:07:52.894,14.685960000000001,14.673810000000001,1.5,1
09.08.2021 00:07:53.208,14.685960000000001,14.673610000000002,1.5,1
09.08.2021 00:07:56.080,14.685960000000001,14.673810000000001,1.5,1
09.08.2021 00:07:57.325,14.685960000000001,14.67411,1.5,1
09.08.2021 00:08:01.748,14.685960000000001,14.674310000000002,1.5,1
09.08.2021 00:08:01.849,14.68631,14.674310000000002,2.25,1
09.08.2021 00:08:05.865,14.68631,14.67411,2.25,1
09.08.2021 00:08:06.360,14.686320000000002,14.673900000000001,2.25,1
09.08.2021 00:08:06.411,14.68631,14.673510000000002,2.25,1
09.08.2021 00:08:06.595,14.685720000000002,14.673510000000002,1,1
09.08.2021 00:08:07.107,14.685810000000002,14.673510000000002,1,1
09.08.2021 00:08:07.157,14.685810000000002,14.673810000000001,1,1
09.08.2021 00:08:07.619,14.685870000000001,14.673810000000001,1,1
09.08.2021 00:08:08.745,14.68595,14.673810000000001,1,1
09.08.2021 00:08:09.957,14.68595,14.673610000000002,1,1
09.08.2021 00:08:10.659,14.68595,14.673810000000001,1,1
09.08.2021 00:08:12.494,14.68595,14.67401,1,1
09.08.2021 00:08:13.023,14.68595,14.673810000000001,1,1
09.08.2021 00:08:13.074,14.685770000000002,14.673810000000001,1.5,1
09.08.2021 00:08:17.404,14.685770000000002,14.673610000000002,1.5,1
09.08.2021 00:08:18.000,14.685860000000002,14.673610000000002,1.5,1
09.08.2021 00:08:19.450,14.685860000000002,14.67341,1.5,1
09.08.2021 00:08:23.464,14.685860000000002,14.67341,2,1
09.08.2021 00:08:23.565,14.68561,14.67341,2.25,1
09.08.2021 00:08:24.849,14.68561,14.673210000000001,1,1
09.08.2021 00:08:30.914,14.68561,14.673710000000002,1,1
09.08.2021 00:08:31.099,14.68561,14.673910000000001,1,1
09.08.2021 00:08:31.694,14.685910000000002,14.673910000000001,1.5,1
09.08.2021 00:08:32.197,14.685710000000002,14.673910000000001,1.5,1
09.08.2021 00:08:35.627,14.685710000000002,14.673710000000002,1.5,1
09.08.2021 00:08:35.677,14.685710000000002,14.673910000000001,1.5,1
09.08.2021 00:08:35.728,14.685710000000002,14.673610000000002,1.5,1
09.08.2021 00:08:35.779,14.685710000000002,14.673810000000001,1.5,1
09.08.2021 00:08:35.946,14.685710000000002,14.673610000000002,1.5,1
09.08.2021 00:08:36.148,14.685710000000002,14.673010000000001,1.5,1
09.08.2021 00:08:36.297,14.685620000000002,14.673010000000001,1.5,1
09.08.2021 00:08:36.531,14.685620000000002,14.672810000000002,1.5,1
09.08.2021 00:08:36.582,14.68556,14.672810000000002,1.5,1
09.08.2021 00:08:36.962,14.685179999999999,14.672810000000002,1.1,1
09.08.2021 00:08:37.370,14.68515,14.672810000000002,1,1
09.08.2021 00:08:38.118,14.68515,14.673010000000001,1,1
09.08.2021 00:08:39.835,14.68515,14.672810000000002,1,1
09.08.2021 00:08:39.888,14.68515,14.673010000000001,1,1
09.08.2021 00:08:41.203,14.685160000000002,14.673200000000001,1,1
09.08.2021 00:08:41.731,14.68481,14.673210000000001,1,1
09.08.2021 00:08:41.831,14.685320000000003,14.673210000000001,2.25,1
09.08.2021 00:08:42.008,14.685320000000003,14.673510000000002,2.25,1
09.08.2021 00:08:44.089,14.685320000000003,14.673110000000001,2.25,1
09.08.2021 00:08:47.835,14.685320000000003,14.672910000000002,2.25,1
09.08.2021 00:08:47.949,14.685320000000003,14.672710000000002,2.25,1
09.08.2021 00:08:48.655,14.68476,14.672710000000002,1,1
09.08.2021 00:08:49.159,14.68471,14.672710000000002,1,1
09.08.2021 00:08:52.617,14.68471,14.672910000000002,1,1
09.08.2021 00:08:52.837,14.68471,14.673110000000001,1,1
09.08.2021 00:08:52.938,14.685210000000001,14.673110000000001,1,1
09.08.2021 00:08:54.229,14.685220000000001,14.673300000000001,1,1
09.08.2021 00:08:54.366,14.685220000000001,14.6735,1,1
09.08.2021 00:08:55.477,14.685710000000002,14.673510000000002,2.25,1
09.08.2021 00:09:06.382,14.685710000000002,14.673710000000002,2.25,1
09.08.2021 00:09:10.404,14.685710000000002,14.673510000000002,2.25,1
09.08.2021 00:09:11.865,14.685710000000002,14.67331,1.5,1
09.08.2021 00:09:12.132,14.685770000000002,14.67331,1,1
09.08.2021 00:09:14.228,14.685770000000002,14.673510000000002,1,1
09.08.2021 00:09:15.470,14.685810000000002,14.673510000000002,2.25,1
09.08.2021 00:09:16.381,14.685860000000002,14.673510000000002,1.5,1
09.08.2021 00:09:17.922,14.685870000000001,14.673510000000002,1.5,1
09.08.2021 00:09:20.110,14.685870000000001,14.67331,1.5,1
09.08.2021 00:09:20.291,14.685870000000001,14.673110000000001,1.5,1
09.08.2021 00:09:21.101,14.685870000000001,14.673110000000001,2,1
09.08.2021 00:09:21.336,14.68525,14.673110000000001,1,1
09.08.2021 00:09:22.107,14.68525,14.673010000000001,1,1
09.08.2021 00:09:23.209,14.684910000000002,14.673010000000001,1,1
09.08.2021 00:09:26.044,14.684910000000002,14.673210000000001,1,1
09.08.2021 00:09:26.193,14.684910000000002,14.67341,1,1
09.08.2021 00:09:26.257,14.685410000000001,14.67341,2.25,1
09.08.2021 00:09:27.888,14.685420000000002,14.673200000000001,1,1
09.08.2021 00:09:29.402,14.685410000000001,14.673010000000001,1,1
09.08.2021 00:09:35.138,14.685410000000001,14.672810000000002,1,1
09.08.2021 00:09:36.389,14.685410000000001,14.673010000000001,1,1
09.08.2021 00:09:36.439,14.685410000000001,14.672810000000002,1,1
09.08.2021 00:09:37.640,14.685420000000002,14.672600000000001,1,1
09.08.2021 00:09:37.691,14.685410000000001,14.672910000000002,1,1
09.08.2021 00:09:38.920,14.685060000000002,14.672710000000002,1,1
09.08.2021 00:09:43.947,14.684960000000002,14.672710000000002,1,1
09.08.2021 00:09:47.172,14.684960000000002,14.67251,1,1
09.08.2021 00:09:49.219,14.684820000000002,14.67251,1.5,1
09.08.2021 00:09:49.521,14.684820000000002,14.672810000000002,1.5,1
09.08.2021 00:09:50.287,14.68483,14.672500000000001,1.5,1
09.08.2021 00:09:50.471,14.684610000000001,14.67251,1,1
09.08.2021 00:09:50.977,14.684620000000002,14.67251,1.5,1
09.08.2021 00:09:53.650,14.684620000000002,14.66999,1.5,2.25
09.08.2021 00:09:53.751,14.685310000000001,14.669010000000002,1.5,1.5
09.08.2021 00:09:53.852,14.684260000000002,14.66881,1,1
09.08.2021 00:09:54.055,14.684260000000002,14.66881,1.5,1
09.08.2021 00:09:54.156,14.683460000000002,14.669310000000001,1,1
09.08.2021 00:09:54.326,14.683460000000002,14.669210000000001,1.5,1
09.08.2021 00:09:54.614,14.68319,14.669210000000001,1,1
09.08.2021 00:09:54.762,14.683110000000001,14.669110000000002,1.5,1
09.08.2021 00:09:59.767,14.683110000000001,14.668910000000002,2.25,1
09.08.2021 00:09:59.818,14.683110000000001,14.66871,2.25,1
09.08.2021 00:10:00.107,14.683110000000001,14.668910000000002,2.25,1
09.08.2021 00:10:00.248,14.683110000000001,14.668510000000001,2.25,1
09.08.2021 00:10:00.386,14.683110000000001,14.668510000000001,2.75,1
09.08.2021 00:10:00.437,14.683110000000001,14.66811,2.75,1
09.08.2021 00:10:00.537,14.68241,14.667510000000002,1.5,1
09.08.2021 00:10:00.588,14.682420000000002,14.667610000000002,1.5,1
09.08.2021 00:10:00.689,14.682210000000001,14.667610000000002,1.5,1
09.08.2021 00:10:00.868,14.682210000000001,14.667410000000002,1.5,1
09.08.2021 00:10:01.826,14.682210000000001,14.667410000000002,2,1
09.08.2021 00:10:01.977,14.681320000000001,14.6674,1.5,1
09.08.2021 00:10:06.922,14.681360000000002,14.667410000000002,1.5,1
09.08.2021 00:10:09.322,14.681360000000002,14.667110000000001,1.5,1
09.08.2021 00:10:09.423,14.681360000000002,14.666610000000002,1.5,1
09.08.2021 00:10:09.523,14.68264,14.66731,1.1,1
09.08.2021 00:10:09.574,14.68264,14.66641,1,1
09.08.2021 00:10:09.624,14.68264,14.666610000000002,1,1
09.08.2021 00:10:09.674,14.68279,14.666610000000002,1,1
09.08.2021 00:10:09.846,14.68279,14.66641,1,1
09.08.2021 00:10:09.954,14.68279,14.667410000000002,1,1
09.08.2021 00:10:10.062,14.6828,14.667710000000001,1,1
09.08.2021 00:10:10.213,14.6828,14.667610000000002,1,1
09.08.2021 00:10:10.364,14.68259,14.66871,1,1
09.08.2021 00:10:10.612,14.68264,14.66871,1,1
09.08.2021 00:10:10.663,14.68264,14.669010000000002,1,1
09.08.2021 00:10:10.827,14.68264,14.669310000000001,1,1
09.08.2021 00:10:10.878,14.68289,14.669310000000001,1,1
09.08.2021 00:10:11.226,14.68314,14.669310000000001,1,1
09.08.2021 00:10:11.277,14.6834,14.669310000000001,1,1
09.08.2021 00:10:11.666,14.68339,14.66951,1,1
09.08.2021 00:10:14.145,14.68319,14.669710000000002,1,1
09.08.2021 00:10:14.707,14.68319,14.669910000000002,1,1
09.08.2021 00:10:15.764,14.68379,14.669910000000002,1,1
09.08.2021 00:10:18.492,14.683800000000002,14.6697,1,1
09.08.2021 00:10:18.543,14.68379,14.66951,1,1
09.08.2021 00:10:18.603,14.68379,14.669310000000001,1,1
09.08.2021 00:10:21.156,14.68379,14.669010000000002,1,1
09.08.2021 00:10:21.207,14.68379,14.669010000000002,1,1
09.08.2021 00:10:21.322,14.68299,14.66881,1,1
09.08.2021 00:10:21.415,14.68299,14.668610000000001,1,1
09.08.2021 00:10:21.820,14.68294,14.668610000000001,1,1
09.08.2021 00:10:22.500,14.68294,14.668410000000002,1,1
09.08.2021 00:10:23.840,14.683,14.668410000000002,1,1
09.08.2021 00:10:27.003,14.683010000000001,14.668700000000001,1,1
09.08.2021 00:10:27.405,14.68294,14.66871,1,1
09.08.2021 00:10:27.991,14.68299,14.66871,1,1
09.08.2021 00:10:29.428,14.68299,14.669010000000002,1,1
09.08.2021 00:10:41.919,14.68328,14.669210000000001,1.1,1
09.08.2021 00:10:42.763,14.68328,14.668910000000002,1.1,1
09.08.2021 00:10:51.442,14.68329,14.6692,1.1,1
09.08.2021 00:10:51.492,14.68328,14.669010000000002,1.1,1
09.08.2021 00:10:57.270,14.68319,14.66881,1,1
09.08.2021 00:11:01.779,14.68319,14.669010000000002,1,1
09.08.2021 00:11:05.503,14.68319,14.669210000000001,1,1
09.08.2021 00:11:05.615,14.68319,14.669710000000002,1,1
09.08.2021 00:11:06.528,14.68319,14.669910000000002,1,1
09.08.2021 00:11:08.612,14.68319,14.669710000000002,1,1
09.08.2021 00:11:10.303,14.68299,14.669910000000002,1,1
09.08.2021 00:11:14.394,14.68299,14.66961,1,1
09.08.2021 00:11:15.989,14.68294,14.66961,1,1
09.08.2021 00:11:20.394,14.68295,14.6696,1,1
09.08.2021 00:11:20.487,14.683,14.6696,1,1
09.08.2021 00:11:21.149,14.68334,14.66961,1,1
09.08.2021 00:11:21.408,14.68334,14.66961,1,1
09.08.2021 00:11:25.708,14.68334,14.669910000000002,1,1
09.08.2021 00:11:29.981,14.68334,14.669910000000002,1,1
09.08.2021 00:11:31.398,14.68334,14.669910000000002,1,1
09.08.2021 00:11:31.499,14.68336,14.669910000000002,2,1
09.08.2021 00:11:33.022,14.683320000000002,14.6699,1.5,1
09.08.2021 00:11:42.174,14.68331,14.670110000000001,1.5,1
09.08.2021 00:11:42.653,14.68331,14.67031,1.5,1
09.08.2021 00:11:42.754,14.68404,14.67031,1,1
09.08.2021 00:11:42.916,14.68404,14.67031,1,1
09.08.2021 00:11:43.426,14.68404,14.67031,1,1
09.08.2021 00:11:43.927,14.68404,14.670510000000002,1,1
09.08.2021 00:11:52.405,14.68404,14.670510000000002,1,1
09.08.2021 00:11:58.071,14.68404,14.67031,1,1
09.08.2021 00:11:58.553,14.684050000000001,14.670300000000001,1,1
09.08.2021 00:12:02.455,14.68404,14.67031,1,1
09.08.2021 00:12:03.664,14.68404,14.67031,1,1
09.08.2021 00:12:06.344,14.68404,14.670510000000002,1,1
09.08.2021 00:12:07.249,14.68404,14.670510000000002,1,1
09.08.2021 00:12:16.442,14.68411,14.670510000000002,2,1
09.08.2021 00:12:23.187,14.68404,14.670510000000002,1,1
09.08.2021 00:12:23.388,14.684670000000002,14.670910000000001,1,1
09.08.2021 00:12:23.687,14.68484,14.670910000000001,1,1
09.08.2021 00:12:26.008,14.68484,14.67111,1,1
09.08.2021 00:12:26.539,14.68484,14.671310000000002,1,1
09.08.2021 00:12:33.446,14.68484,14.671310000000002,1,1
09.08.2021 00:12:36.006,14.68484,14.671310000000002,1,1
09.08.2021 00:12:37.848,14.68554,14.671510000000001,1.5,1
09.08.2021 00:12:37.939,14.68554,14.671510000000001,1.5,1
09.08.2021 00:12:38.445,14.68554,14.671510000000001,1.5,1
09.08.2021 00:12:44.676,14.68554,14.67111,1.5,1
09.08.2021 00:12:44.856,14.68554,14.670610000000002,1.5,1
09.08.2021 00:12:45.119,14.68514,14.670510000000002,1,1
09.08.2021 00:12:46.185,14.68489,14.670510000000002,1,1
09.08.2021 00:12:46.235,14.68489,14.67031,1,1
09.08.2021 00:12:46.286,14.684870000000002,14.67031,1,1
09.08.2021 00:12:46.544,14.68414,14.670110000000001,1,1
09.08.2021 00:12:47.292,14.68414,14.670110000000001,1,1
09.08.2021 00:12:49.060,14.68414,14.67031,1,1
09.08.2021 00:12:49.197,14.68414,14.670510000000002,1,1
09.08.2021 00:12:49.248,14.68414,14.670510000000002,1,1
09.08.2021 00:12:49.929,14.68415,14.6705,1,1
09.08.2021 00:12:50.475,14.68414,14.670710000000001,1,1
09.08.2021 00:12:51.122,14.684770000000002,14.671310000000002,1,1
09.08.2021 00:12:51.173,14.684770000000002,14.671310000000002,1,1
09.08.2021 00:12:51.274,14.68514,14.671310000000002,1,1
09.08.2021 00:12:51.446,14.68515,14.6713,1,1
09.08.2021 00:12:51.971,14.68514,14.671510000000001,1,1
09.08.2021 00:12:52.400,14.68514,14.671510000000001,1,1
09.08.2021 00:12:52.461,14.68519,14.671510000000001,1,1
09.08.2021 00:13:11.332,14.68554,14.67181,1.5,1
09.08.2021 00:13:11.383,14.68554,14.67181,1,1
09.08.2021 00:13:24.915,14.68554,14.67181,1.5,1
09.08.2021 00:13:30.628,14.685710000000002,14.67181,1.5,1
09.08.2021 00:13:32.093,14.685710000000002,14.671410000000002,1.5,1
09.08.2021 00:13:35.589,14.685710000000002,14.671210000000002,1.5,1
09.08.2021 00:13:35.768,14.685710000000002,14.671410000000002,1.5,1
09.08.2021 00:13:36.024,14.685760000000002,14.671410000000002,1.5,1
09.08.2021 00:13:38.053,14.685710000000002,14.671410000000002,1,1
09.08.2021 00:13:41.118,14.685720000000002,14.671410000000002,1,1
09.08.2021 00:13:47.076,14.685760000000002,14.671410000000002,1.5,1
09.08.2021 00:13:52.132,14.685770000000002,14.671600000000002,1.5,1
09.08.2021 00:13:52.374,14.68584,14.671610000000001,1.5,1
09.08.2021 00:13:52.475,14.685770000000002,14.671610000000001,1,1
09.08.2021 00:13:57.718,14.685770000000002,14.67191,1,1
09.08.2021 00:14:00.289,14.68605,14.6723,1,1
09.08.2021 00:14:00.440,14.68588,14.6723,1,1
09.08.2021 00:14:01.438,14.68589,14.672310000000001,1,1
09.08.2021 00:14:39.937,14.68614,14.672310000000001,1.5,1
09.08.2021 00:14:39.988,14.68614,14.67181,1.5,1
09.08.2021 00:14:40.289,14.68614,14.672010000000002,1.5,1
09.08.2021 00:14:42.845,14.68614,14.672210000000002,1.5,1
09.08.2021 00:14:53.773,14.686100000000001,14.67251,1,1
09.08.2021 00:15:00.735,14.68614,14.67251,1.5,1
09.08.2021 00:15:00.978,14.68609,14.672210000000002,1,1
09.08.2021 00:15:07.500,14.68609,14.672410000000001,1,1
09.08.2021 00:15:19.459,14.68614,14.67261,1.5,1
09.08.2021 00:15:30.309,14.68614,14.672810000000002,1.5,1
09.08.2021 00:15:30.778,14.68654,14.673010000000001,1.5,1
09.08.2021 00:15:30.957,14.68654,14.673210000000001,1.5,1
09.08.2021 00:15:31.059,14.68654,14.673210000000001,1.5,1
09.08.2021 00:15:31.260,14.68674,14.673110000000001,1,1
09.08.2021 00:15:31.311,14.686470000000002,14.673110000000001,1,1
09.08.2021 00:15:31.526,14.6864,14.673110000000001,1,1
09.08.2021 00:15:32.145,14.68525,14.673110000000001,1,1
09.08.2021 00:15:32.644,14.68525,14.673210000000001,1.5,1
09.08.2021 00:15:41.056,14.68478,14.673210000000001,1.1,1
09.08.2021 00:15:41.454,14.684750000000001,14.673210000000001,1,1
09.08.2021 00:15:41.738,14.684750000000001,14.673610000000002,1,1
09.08.2021 00:15:43.072,14.685210000000001,14.673610000000002,1,1
09.08.2021 00:15:44.496,14.685120000000001,14.673610000000002,1,1
09.08.2021 00:15:47.647,14.685020000000002,14.673610000000002,1,1
09.08.2021 00:15:48.734,14.685020000000002,14.673510000000002,1,1
09.08.2021 00:15:48.785,14.68583,14.6737,1.5,1
09.08.2021 00:15:55.963,14.68583,14.674000000000001,1.5,1
09.08.2021 00:15:56.085,14.68624,14.67401,1,1
09.08.2021 00:15:59.426,14.68624,14.673810000000001,1,1
09.08.2021 00:16:01.568,14.686250000000001,14.674000000000001,1,1
09.08.2021 00:16:01.695,14.68631,14.674410000000002,2.75,1
09.08.2021 00:16:04.503,14.686910000000001,14.674610000000001,2.75,1
09.08.2021 00:16:04.641,14.686910000000001,14.67481,2.75,1
09.08.2021 00:16:08.364,14.68755,14.67481,1.5,1
09.08.2021 00:16:08.414,14.68755,14.676210000000001,1.5,1
09.08.2021 00:16:08.519,14.68804,14.676210000000001,1.5,1
09.08.2021 00:16:08.570,14.68804,14.67641,1.5,1
09.08.2021 00:16:08.768,14.68804,14.676610000000002,1.5,1
09.08.2021 00:16:12.050,14.68804,14.67641,1.5,1
09.08.2021 00:16:13.955,14.68804,14.676210000000001,1.5,1
09.08.2021 00:16:14.108,14.68804,14.676210000000001,1.5,1
09.08.2021 00:16:19.563,14.68804,14.67641,1.5,1
09.08.2021 00:16:27.296,14.68804,14.676210000000001,1.5,1
09.08.2021 00:16:27.518,14.68804,14.67641,1.5,1
09.08.2021 00:16:30.229,14.68804,14.676210000000001,1.5,1
09.08.2021 00:16:31.978,14.68805,14.676400000000001,1.5,1
09.08.2021 00:16:34.987,14.68804,14.676610000000002,1.5,1
09.08.2021 00:16:41.445,14.68804,14.678910000000002,1.5,1
09.08.2021 00:16:50.153,14.68804,14.679110000000001,1.5,1
09.08.2021 00:16:56.873,14.68804,14.678910000000002,1.5,1
09.08.2021 00:16:57.123,14.68754,14.678410000000001,1.5,1
09.08.2021 00:16:57.939,14.68755,14.6784,1.5,1
09.08.2021 00:16:57.990,14.68755,14.6776,1.5,1
09.08.2021 00:16:58.241,14.68754,14.676910000000001,1.5,1
09.08.2021 00:16:58.784,14.68754,14.676810000000001,1.5,1
09.08.2021 00:16:59.500,14.68754,14.676610000000002,1.5,1
09.08.2021 00:17:00.130,14.68754,14.676810000000001,1.5,1
09.08.2021 00:17:01.424,14.68754,14.677510000000002,1.5,1
09.08.2021 00:17:01.475,14.68754,14.677410000000002,1.5,1
09.08.2021 00:17:01.525,14.68754,14.677610000000001,1.5,1
09.08.2021 00:17:01.575,14.68754,14.677610000000001,1,1
09.08.2021 00:17:01.927,14.68784,14.67791,1,1
09.08.2021 00:17:02.293,14.68784,14.678110000000002,1,1
09.08.2021 00:17:04.944,14.68784,14.677810000000001,1,1
09.08.2021 00:17:05.094,14.68784,14.67801,1,1
09.08.2021 00:17:05.145,14.687850000000001,14.677800000000001,1,1
09.08.2021 00:17:05.203,14.68784,14.67801,1,1
09.08.2021 00:17:12.248,14.68784,14.680610000000001,1,1
09.08.2021 00:17:12.298,14.68834,14.680810000000001,1,1
09.08.2021 00:17:12.567,14.688710000000002,14.680810000000001,1.25,1
09.08.2021 00:17:14.926,14.689010000000001,14.68101,1.25,1
09.08.2021 00:17:17.719,14.689010000000001,14.680810000000001,1.25,1
09.08.2021 00:17:24.180,14.689029999999999,14.680810000000001,1,1
09.08.2021 00:17:24.897,14.689010000000001,14.680810000000001,1.25,1
09.08.2021 00:17:29.605,14.689010000000001,14.681110000000002,1.25,1
09.08.2021 00:17:30.222,14.68964,14.682210000000001,1.75,1
09.08.2021 00:17:30.273,14.69045,14.682810000000002,1,1
09.08.2021 00:17:30.373,14.69114,14.682810000000002,1,1
09.08.2021 00:17:30.619,14.69114,14.682910000000001,1,1
09.08.2021 00:17:30.669,14.69114,14.681910000000002,1,1
09.08.2021 00:17:35.561,14.69114,14.682110000000002,1,1
09.08.2021 00:17:35.708,14.69114,14.68401,1,1
09.08.2021 00:17:35.759,14.69119,14.68401,1,1
09.08.2021 00:17:35.809,14.691450000000001,14.686810000000001,1,1
09.08.2021 00:17:35.860,14.693760000000001,14.6868,1,1
09.08.2021 00:17:35.960,14.6949,14.68641,1.25,1
09.08.2021 00:17:36.607,14.6949,14.68631,1.25,1
09.08.2021 00:17:36.711,14.69854,14.686510000000002,1,1
09.08.2021 00:17:36.811,14.69964,14.686810000000001,1.25,1
09.08.2021 00:17:37.065,14.69965,14.687100000000001,1.25,1
09.08.2021 00:17:37.551,14.699070000000003,14.68701,1.75,1
09.08.2021 00:17:41.647,14.699070000000003,14.687310000000002,3,1
09.08.2021 00:17:42.003,14.699070000000003,14.687610000000001,2.75,1
09.08.2021 00:17:42.113,14.698879999999999,14.68781,1.6,1
09.08.2021 00:17:42.742,14.699010000000001,14.68781,2.75,1
09.08.2021 00:17:42.843,14.698960000000001,14.688110000000002,1,1
09.08.2021 00:17:42.995,14.698960000000001,14.688110000000002,1.5,1
09.08.2021 00:17:43.198,14.699010000000001,14.688110000000002,2.25,1
09.08.2021 00:17:45.076,14.699010000000001,14.68781,2.25,1
09.08.2021 00:17:45.297,14.699010000000001,14.687610000000001,2.25,1
09.08.2021 00:17:45.397,14.699010000000001,14.687610000000001,2.75,1
09.08.2021 00:17:46.420,14.69841,14.687610000000001,1,1
09.08.2021 00:17:50.082,14.69841,14.687510000000001,2.25,1
09.08.2021 00:17:51.846,14.69841,14.687310000000002,2.25,1
09.08.2021 00:17:52.838,14.69841,14.687310000000002,2.75,1
09.08.2021 00:17:55.280,14.69841,14.68711,2.75,1
09.08.2021 00:17:55.381,14.697910000000002,14.68711,1.5,1
09.08.2021 00:17:58.590,14.697910000000002,14.686910000000001,1.5,1
09.08.2021 00:17:58.757,14.697920000000002,14.6867,1.5,1
09.08.2021 00:17:59.794,14.697910000000002,14.686710000000001,2,1
09.08.2021 00:18:00.816,14.697910000000002,14.686910000000001,2,1
09.08.2021 00:18:04.048,14.697910000000002,14.686510000000002,2,1
09.08.2021 00:18:04.149,14.697470000000003,14.686100000000001,2,1
09.08.2021 00:18:04.200,14.697460000000001,14.68631,2,1
09.08.2021 00:18:06.637,14.697420000000001,14.686510000000002,1.5,1
09.08.2021 00:18:09.176,14.697420000000001,14.68621,1.5,1
09.08.2021 00:18:10.357,14.697420000000001,14.686010000000001,1.5,1
09.08.2021 00:18:26.217,14.697420000000001,14.685810000000002,1.5,1
09.08.2021 00:18:26.276,14.697420000000001,14.685810000000002,1.5,1
09.08.2021 00:18:26.326,14.697420000000001,14.68561,1.5,1
09.08.2021 00:18:33.196,14.69701,14.685310000000001,2,1
09.08.2021 00:18:33.355,14.696610000000002,14.685310000000001,1.5,1
09.08.2021 00:18:35.866,14.696610000000002,14.68551,1,1
09.08.2021 00:18:39.251,14.696610000000002,14.685210000000001,1,1
09.08.2021 00:18:39.352,14.696610000000002,14.685010000000002,1,1
09.08.2021 00:18:39.402,14.696610000000002,14.685010000000002,1.5,1
09.08.2021 00:18:43.413,14.696660000000001,14.68551,2,1
09.08.2021 00:18:47.486,14.696620000000001,14.685210000000001,1.5,1
09.08.2021 00:18:49.754,14.696560000000002,14.68414,2,1
09.08.2021 00:18:49.805,14.69589,14.683410000000002,1.1,1
09.08.2021 00:18:49.855,14.69589,14.683610000000002,1.1,1
09.08.2021 00:18:49.956,14.695420000000002,14.683610000000002,1.5,1
09.08.2021 00:18:50.394,14.69541,14.683610000000002,2.25,1
09.08.2021 00:18:50.765,14.69541,14.683610000000002,2.75,1
09.08.2021 00:18:51.181,14.69541,14.683010000000001,2.75,1
09.08.2021 00:18:51.738,14.69541,14.682810000000002,2.75,1
09.08.2021 00:18:51.920,14.695420000000002,14.6828,2.75,1
09.08.2021 00:18:52.948,14.694810000000002,14.682810000000002,1,1
09.08.2021 00:18:53.455,14.694820000000002,14.682810000000002,2.25,1
09.08.2021 00:18:56.700,14.694820000000002,14.6828,2.25,1
09.08.2021 00:19:00.186,14.694820000000002,14.682810000000002,2.25,1
09.08.2021 00:19:01.171,14.694820000000002,14.683510000000002,2.25,1
09.08.2021 00:19:01.221,14.695620000000002,14.683510000000002,2,1
09.08.2021 00:19:01.512,14.69563,14.683300000000001,2,1
09.08.2021 00:19:11.374,14.695620000000002,14.682500000000001,2,1
09.08.2021 00:19:11.425,14.695620000000002,14.682400000000001,1.5,1
09.08.2021 00:19:11.476,14.695610000000002,14.682210000000001,1.5,1
09.08.2021 00:19:11.577,14.69684,14.682010000000002,1,1
09.08.2021 00:19:11.773,14.69679,14.682010000000002,1.5,1
09.08.2021 00:19:12.406,14.69644,14.682010000000002,1,1
09.08.2021 00:19:12.807,14.69644,14.681910000000002,1,1
09.08.2021 00:19:12.926,14.696460000000002,14.681910000000002,1.5,1
09.08.2021 00:19:23.451,14.69645,14.6819,1,1
09.08.2021 00:19:26.246,14.69644,14.681910000000002,1,1
09.08.2021 00:19:27.247,14.69649,14.681910000000002,1,1
09.08.2021 00:19:27.755,14.69649,14.68171,1,1
09.08.2021 00:19:27.879,14.69649,14.681510000000001,1,1
09.08.2021 00:19:28.800,14.69649,14.681510000000001,1,1
09.08.2021 00:19:29.747,14.69649,14.68171,1,1
09.08.2021 00:19:31.195,14.69659,14.681510000000001,1,1
09.08.2021 00:19:40.834,14.69688,14.68101,1.6,1
09.08.2021 00:19:40.934,14.69688,14.681310000000002,1.6,1
09.08.2021 00:19:46.325,14.695420000000002,14.681310000000002,1,1
09.08.2021 00:19:46.408,14.69543,14.6811,1,1
09.08.2021 00:19:46.632,14.695420000000002,14.68091,1,1
09.08.2021 00:19:46.825,14.69559,14.68091,1,1
09.08.2021 00:19:51.134,14.69549,14.681410000000001,1,1
09.08.2021 00:19:51.298,14.69544,14.681410000000001,1,1
09.08.2021 00:19:51.396,14.69549,14.681410000000001,1,1
09.08.2021 00:19:52.316,14.69544,14.681410000000001,1,1
09.08.2021 00:19:55.614,14.695450000000001,14.6812,1,1
09.08.2021 00:19:57.225,14.69544,14.68101,1,1
09.08.2021 00:19:57.514,14.69544,14.680810000000001,1,1
09.08.2021 00:19:58.033,14.69544,14.680810000000001,1,1
09.08.2021 00:20:01.294,14.69509,14.680810000000001,1,1
09.08.2021 00:20:01.345,14.69509,14.68031,1,1
09.08.2021 00:20:01.794,14.69509,14.680010000000001,1,1
09.08.2021 00:20:01.844,14.69504,14.680010000000001,1,1
09.08.2021 00:20:02.463,14.69504,14.68031,1,1
09.08.2021 00:20:06.842,14.69461,14.68031,1,1
09.08.2021 00:20:08.149,14.69461,14.68011,1,1
09.08.2021 00:20:12.328,14.69504,14.68011,1,1
09.08.2021 00:20:12.430,14.69504,14.68011,1,1
09.08.2021 00:20:12.943,14.69504,14.68011,1,1
09.08.2021 00:20:13.045,14.69504,14.68011,1,1
09.08.2021 00:20:13.770,14.69504,14.679910000000001,1,1
09.08.2021 00:20:16.226,14.69504,14.679910000000001,1,1
09.08.2021 00:20:16.649,14.69505,14.679300000000001,1,1
09.08.2021 00:20:16.700,14.69429,14.679310000000001,1,1
09.08.2021 00:20:16.750,14.69429,14.679010000000002,1,1
09.08.2021 00:20:16.851,14.69424,14.67861,1,1
09.08.2021 00:20:16.937,14.69424,14.67861,1,1
09.08.2021 00:20:17.055,14.694,14.678510000000001,1,1
09.08.2021 00:20:17.106,14.694,14.678210000000002,1,1
09.08.2021 00:20:17.207,14.693220000000002,14.67801,1.5,1
09.08.2021 00:20:17.310,14.693220000000002,14.67801,2,1
09.08.2021 00:20:17.729,14.692770000000001,14.6776,1.5,1
09.08.2021 00:20:17.813,14.692760000000002,14.677610000000001,1.5,1
09.08.2021 00:20:18.574,14.69205,14.677710000000001,1.5,1
09.08.2021 00:20:26.344,14.691720000000002,14.677410000000002,2,1
09.08.2021 00:20:59.332,14.691760000000002,14.677010000000001,2,1
09.08.2021 00:20:59.601,14.691160000000002,14.677010000000001,1.5,1
09.08.2021 00:21:00.183,14.691160000000002,14.676710000000002,1.5,1
09.08.2021 00:21:00.547,14.691210000000002,14.676710000000002,1,1
09.08.2021 00:21:00.598,14.691210000000002,14.676710000000002,1.5,1
09.08.2021 00:21:14.688,14.691160000000002,14.67711,2.75,1
09.08.2021 00:21:14.822,14.691160000000002,14.677410000000002,2.75,1
09.08.2021 00:21:21.411,14.691820000000002,14.677000000000001,2,1
09.08.2021 00:21:21.771,14.691810000000002,14.677310000000002,2,1
09.08.2021 00:21:27.932,14.691620000000002,14.677000000000001,1.5,1
09.08.2021 00:21:36.094,14.69161,14.67641,1.5,1
09.08.2021 00:21:36.195,14.691620000000002,14.6767,1.5,1
09.08.2021 00:21:36.461,14.691020000000002,14.67641,2,1
09.08.2021 00:21:42.262,14.691260000000002,14.676710000000002,1.5,1
09.08.2021 00:21:42.399,14.691260000000002,14.677010000000001,1.5,1
09.08.2021 00:22:00.547,14.691010000000002,14.677010000000001,1.5,1
09.08.2021 00:22:11.149,14.691310000000001,14.677510000000002,2,1
09.08.2021 00:22:11.449,14.69171,14.678410000000001,2,1
09.08.2021 00:22:12.439,14.692210000000001,14.678410000000001,2,1
09.08.2021 00:22:12.791,14.692320000000002,14.678110000000002,2,1
09.08.2021 00:22:22.254,14.692320000000002,14.677810000000001,2,1
09.08.2021 00:22:28.270,14.692420000000002,14.677510000000002,2,1
09.08.2021 00:22:28.833,14.691860000000002,14.67791,2,1
09.08.2021 00:22:32.670,14.691810000000002,14.678210000000002,1.5,1
09.08.2021 00:22:32.753,14.691820000000002,14.6782,1,1
09.08.2021 00:22:32.874,14.692320000000002,14.678210000000002,1.5,1
09.08.2021 00:22:37.432,14.692320000000002,14.678500000000001,2.75,1
09.08.2021 00:22:40.804,14.69231,14.678810000000002,2.75,1
09.08.2021 00:22:45.114,14.692810000000001,14.678510000000001,2.75,1
09.08.2021 00:22:45.713,14.692810000000001,14.678210000000002,2.75,1
09.08.2021 00:22:45.915,14.692420000000002,14.678210000000002,2,1
09.08.2021 00:22:45.966,14.693760000000001,14.67941,1.5,1
09.08.2021 00:22:46.067,14.693750000000001,14.679710000000002,1.5,1
09.08.2021 00:22:56.929,14.69378,14.67941,1.3,1
09.08.2021 00:22:58.678,14.69378,14.679110000000001,1.3,1
09.08.2021 00:22:58.996,14.69378,14.678810000000002,1.3,1
09.08.2021 00:23:03.736,14.693150000000001,14.678510000000001,1.5,1
09.08.2021 00:23:03.886,14.693150000000001,14.67801,1.5,1
09.08.2021 00:23:03.936,14.693150000000001,14.67801,1.5,1
09.08.2021 00:23:17.106,14.69258,14.678310000000002,1.3,1
09.08.2021 00:23:17.228,14.69258,14.67871,1.3,1
09.08.2021 00:23:22.235,14.693150000000001,14.678410000000001,1.5,1
09.08.2021 00:23:38.366,14.693150000000001,14.678110000000002,1.5,1
09.08.2021 00:23:42.737,14.69318,14.678510000000001,1.3,1
09.08.2021 00:24:02.515,14.69269,14.678210000000002,1,1
09.08.2021 00:24:03.843,14.69269,14.678210000000002,1,1
09.08.2021 00:24:04.965,14.692720000000001,14.67791,1.5,1
09.08.2021 00:24:36.476,14.692110000000001,14.678210000000002,2,1
09.08.2021 00:24:48.138,14.692270000000002,14.67791,2,1
09.08.2021 00:24:53.061,14.692270000000002,14.677610000000001,2,1
09.08.2021 00:24:54.079,14.69228,14.677900000000001,2,1
09.08.2021 00:24:55.769,14.69219,14.677510000000002,1,1
09.08.2021 00:25:03.849,14.69246,14.67711,2,1
09.08.2021 00:25:13.140,14.69171,14.677410000000002,2,1
09.08.2021 00:25:13.647,14.69171,14.677710000000001,2,1
09.08.2021 00:25:17.611,14.692220000000002,14.67801,2.75,1
09.08.2021 00:25:18.176,14.692220000000002,14.677710000000001,2.75,1
09.08.2021 00:25:30.939,14.692210000000001,14.67801,2.75,1
09.08.2021 00:25:31.013,14.692210000000001,14.67801,2.75,1
09.08.2021 00:25:31.064,14.692210000000001,14.678310000000002,2.75,1
09.08.2021 00:25:36.055,14.692200000000001,14.67801,1,1
09.08.2021 00:25:43.079,14.692260000000001,14.677610000000001,1.5,1
09.08.2021 00:25:44.728,14.692260000000001,14.677310000000002,1.5,1
09.08.2021 00:25:46.004,14.692260000000001,14.677310000000002,1.5,1
09.08.2021 00:25:48.082,14.692590000000001,14.677000000000001,1.6,1
09.08.2021 00:25:48.226,14.692590000000001,14.6767,1.6,1
09.08.2021 00:25:48.939,14.69195,14.67631,1.5,1
09.08.2021 00:25:49.929,14.69195,14.67631,1.5,1
09.08.2021 00:25:50.786,14.69195,14.676010000000002,1.5,1
09.08.2021 00:25:51.881,14.691810000000002,14.67571,2,1.5
09.08.2021 00:25:51.931,14.691810000000002,14.67571,2,1.5
09.08.2021 00:26:49.929,14.691010000000002,14.676010000000002,2.75,1.5
09.08.2021 00:26:50.552,14.691010000000002,14.676010000000002,2.75,1
09.08.2021 00:26:52.550,14.691310000000001,14.67571,2.75,1.5
09.08.2021 00:27:02.104,14.691310000000001,14.676110000000001,2.75,1
09.08.2021 00:27:17.630,14.69166,14.675810000000002,2,1.5
09.08.2021 00:27:20.434,14.69166,14.675510000000001,2,1.5
09.08.2021 00:27:20.484,14.691670000000002,14.6759,2,1
09.08.2021 00:27:20.535,14.69109,14.675600000000001,1.6,1.5
09.08.2021 00:27:20.649,14.69105,14.67561,1.5,1.5
09.08.2021 00:27:45.819,14.69091,14.676210000000001,2,1
09.08.2021 00:27:49.929,14.691220000000001,14.676200000000001,2.75,1
09.08.2021 00:27:59.402,14.691210000000002,14.676510000000002,2.75,1
09.08.2021 00:28:05.225,14.691720000000002,14.676110000000001,2,1
09.08.2021 00:28:10.445,14.691720000000002,14.67641,2,1
09.08.2021 00:28:31.756,14.691910000000002,14.676110000000001,1.5,1
09.08.2021 00:28:42.308,14.691860000000002,14.67641,2,1
09.08.2021 00:28:46.031,14.691910000000002,14.676110000000001,2,1
09.08.2021 00:28:47.067,14.692079999999999,14.676510000000002,1.6,1
09.08.2021 00:28:49.932,14.692079999999999,14.676510000000002,1.6,1
09.08.2021 00:29:02.060,14.691460000000001,14.676210000000001,1.5,1
09.08.2021 00:29:03.271,14.691460000000001,14.675910000000002,1.5,1
09.08.2021 00:29:05.545,14.691460000000001,14.675910000000002,1.5,1
09.08.2021 00:29:10.397,14.691460000000001,14.675910000000002,1.5,1.5
09.08.2021 00:29:17.207,14.691460000000001,14.675910000000002,1.5,1
09.08.2021 00:29:21.188,14.691460000000001,14.675910000000002,1.5,1.5
09.08.2021 00:29:22.649,14.691470000000002,14.675910000000002,1.5,1
09.08.2021 00:29:22.867,14.69115,14.675910000000002,1.5,1.5
09.08.2021 00:29:27.622,14.69115,14.676210000000001,1.5,1
09.08.2021 00:29:41.684,14.691360000000001,14.675910000000002,2,1
09.08.2021 00:29:44.400,14.691360000000001,14.675910000000002,2,1.5
09.08.2021 00:29:44.527,14.691820000000002,14.67721,2,1
09.08.2021 00:29:50.844,14.691620000000002,14.678110000000002,2.75,1
09.08.2021 00:29:50.894,14.691620000000002,14.678110000000002,2.25,1
09.08.2021 00:29:50.995,14.69209,14.678110000000002,1,1
09.08.2021 00:29:54.484,14.692210000000001,14.677810000000001,2.75,1
09.08.2021 00:29:54.865,14.692210000000001,14.678110000000002,2.75,1
09.08.2021 00:29:56.592,14.692210000000001,14.678110000000002,2.75,1
09.08.2021 00:29:56.723,14.692210000000001,14.678810000000002,2.75,1
09.08.2021 00:30:00.074,14.692210000000001,14.679110000000001,2.75,1
09.08.2021 00:30:00.124,14.692210000000001,14.679110000000001,2.25,1
09.08.2021 00:30:01.044,14.692210000000001,14.678810000000002,2.25,1
09.08.2021 00:30:02.551,14.692210000000001,14.678510000000001,2.25,1
09.08.2021 00:30:03.493,14.69264,14.678510000000001,1,1
09.08.2021 00:30:03.923,14.69219,14.678510000000001,1,1
09.08.2021 00:30:03.974,14.69219,14.678210000000002,1,1
09.08.2021 00:30:14.871,14.692210000000001,14.67791,1.5,1
09.08.2021 00:30:31.492,14.692200000000001,14.677610000000001,1,1
09.08.2021 00:30:32.532,14.692210000000001,14.677610000000001,2,1
09.08.2021 00:30:40.628,14.691620000000002,14.6776,1,1
09.08.2021 00:30:40.679,14.69161,14.678310000000002,1,1
09.08.2021 00:30:40.729,14.692160000000001,14.678310000000002,2,1
09.08.2021 00:30:44.163,14.692160000000001,14.67861,2,1
09.08.2021 00:30:46.798,14.692110000000001,14.67861,1,1
09.08.2021 00:30:50.928,14.692160000000001,14.67861,1.5,1
09.08.2021 00:30:52.465,14.692260000000001,14.67861,2,1
09.08.2021 00:30:57.583,14.692110000000001,14.67861,1,1
09.08.2021 00:30:58.505,14.692120000000003,14.67861,1,1
09.08.2021 00:30:58.848,14.692120000000003,14.679210000000001,1,1
09.08.2021 00:30:59.003,14.692120000000003,14.678910000000002,1,1
09.08.2021 00:31:01.523,14.692129999999999,14.679400000000001,2.25,1
09.08.2021 00:31:01.668,14.692610000000002,14.67941,2,1
09.08.2021 00:31:02.552,14.692610000000002,14.67941,1.5,1
09.08.2021 00:31:03.087,14.692610000000002,14.679210000000001,1.5,1
09.08.2021 00:31:03.138,14.692610000000002,14.679010000000002,1.5,1
09.08.2021 00:31:10.796,14.692610000000002,14.678810000000002,2.25,1
09.08.2021 00:31:10.846,14.692610000000002,14.678510000000001,2.75,1
09.08.2021 00:31:10.897,14.69246,14.67791,2,1
09.08.2021 00:31:12.403,14.69246,14.677810000000001,2,1
09.08.2021 00:31:12.454,14.69246,14.677810000000001,2,1
09.08.2021 00:31:21.081,14.69188,14.677200000000001,2,1
09.08.2021 00:31:25.223,14.691210000000002,14.67721,1.5,1
09.08.2021 00:31:33.713,14.691210000000002,14.676910000000001,2.25,1
09.08.2021 00:31:33.764,14.691550000000001,14.676910000000001,1.5,1
09.08.2021 00:31:34.046,14.691550000000001,14.67721,1.5,1
09.08.2021 00:31:34.674,14.691550000000001,14.677510000000002,1.5,1
09.08.2021 00:31:38.440,14.691520000000002,14.6775,1,1
09.08.2021 00:31:38.729,14.691510000000001,14.67791,1,1
09.08.2021 00:31:39.156,14.691810000000002,14.67791,2,1
09.08.2021 00:31:46.114,14.691810000000002,14.678310000000002,2.75,1
09.08.2021 00:31:46.215,14.691820000000002,14.67861,2.25,1
09.08.2021 00:31:46.265,14.692220000000002,14.678600000000001,2.75,1
09.08.2021 00:31:47.114,14.692220000000002,14.678910000000002,2.75,1
09.08.2021 00:31:49.861,14.69223,14.678500000000001,2.75,1
09.08.2021 00:31:49.947,14.692220000000002,14.678210000000002,2.75,1
09.08.2021 00:31:51.558,14.692220000000002,14.678810000000002,2.75,1
09.08.2021 00:31:53.333,14.692210000000001,14.678810000000002,1.5,1
09.08.2021 00:31:53.384,14.692210000000001,14.679110000000001,1.5,1
09.08.2021 00:31:54.422,14.69251,14.679110000000001,2.75,1
09.08.2021 00:31:58.959,14.69251,14.678910000000002,2.75,1
09.08.2021 00:31:59.033,14.69251,14.67861,2.75,1
09.08.2021 00:32:00.631,14.69251,14.678210000000002,2.75,1
09.08.2021 00:32:00.703,14.69251,14.678210000000002,2.75,1
09.08.2021 00:32:04.424,14.692260000000001,14.678510000000001,1.5,1
09.08.2021 00:32:14.371,14.692270000000002,14.6788,2.75,1
09.08.2021 00:32:20.023,14.692270000000002,14.67861,2.75,1
09.08.2021 00:32:20.895,14.692270000000002,14.678910000000002,2.75,1
09.08.2021 00:32:22.882,14.692520000000002,14.678910000000002,2,1
09.08.2021 00:32:22.983,14.69275,14.679210000000001,1.5,1
09.08.2021 00:32:27.613,14.692420000000002,14.679200000000002,1,1
09.08.2021 00:32:31.086,14.69241,14.679010000000002,2.25,1
09.08.2021 00:32:31.347,14.69241,14.678810000000002,2.25,1
09.08.2021 00:32:31.827,14.69241,14.67861,2.25,1
09.08.2021 00:32:32.281,14.69243,14.678600000000001,1.5,1
09.08.2021 00:32:32.381,14.692770000000001,14.678600000000001,1.5,1
09.08.2021 00:32:32.765,14.692760000000002,14.678310000000002,1.5,1
09.08.2021 00:32:36.097,14.69251,14.67861,2,1
09.08.2021 00:32:37.611,14.69243,14.678600000000001,2.25,1
09.08.2021 00:32:38.430,14.69241,14.67861,1,1
09.08.2021 00:32:42.943,14.692420000000002,14.67861,1,1
09.08.2021 00:32:43.456,14.69241,14.67861,2.25,1
09.08.2021 00:32:44.896,14.691810000000002,14.67861,2.25,1
09.08.2021 00:32:50.622,14.691820000000002,14.67861,1,1
09.08.2021 00:32:51.838,14.691810000000002,14.67861,1,1
09.08.2021 00:32:55.456,14.69219,14.678600000000001,1.1,1
09.08.2021 00:32:55.513,14.69231,14.67861,1,1
09.08.2021 00:33:03.051,14.69231,14.679010000000002,2.25,1
09.08.2021 00:33:04.885,14.69231,14.679310000000001,2.25,1
09.08.2021 00:33:06.499,14.69236,14.679310000000001,1,1
09.08.2021 00:33:09.573,14.69241,14.679310000000001,1,1
09.08.2021 00:33:10.847,14.69241,14.679110000000001,1,1
09.08.2021 00:33:11.429,14.692560000000002,14.679110000000001,2,1
09.08.2021 00:33:12.389,14.692560000000002,14.67941,2,1
09.08.2021 00:33:12.627,14.69231,14.679710000000002,1.5,1
09.08.2021 00:33:14.091,14.692860000000001,14.679710000000002,2,1
09.08.2021 00:33:19.760,14.692960000000001,14.679710000000002,1.5,1
09.08.2021 00:33:20.975,14.692960000000001,14.68021,1.5,1
09.08.2021 00:33:21.101,14.693510000000002,14.68021,2.75,1
09.08.2021 00:33:22.406,14.693520000000001,14.680410000000002,2.75,1
09.08.2021 00:33:22.605,14.693520000000001,14.680410000000002,2.25,1
09.08.2021 00:33:22.706,14.693520000000001,14.680810000000001,2.25,1
09.08.2021 00:33:24.269,14.693520000000001,14.680610000000001,2.25,1
09.08.2021 00:33:28.653,14.693510000000002,14.680610000000001,2.25,1
09.08.2021 00:33:29.419,14.693510000000002,14.680410000000002,2.25,1
09.08.2021 00:33:31.065,14.693529999999999,14.6804,1,1
09.08.2021 00:33:31.186,14.693510000000002,14.68021,2.25,1
09.08.2021 00:33:40.561,14.693510000000002,14.68021,1.5,1
09.08.2021 00:33:40.612,14.693520000000001,14.6798,1.5,1
09.08.2021 00:33:40.897,14.693150000000001,14.679610000000002,1.5,1
09.08.2021 00:33:45.932,14.693150000000001,14.680010000000001,1.5,1
09.08.2021 00:33:51.108,14.693060000000001,14.679810000000002,1.5,1
09.08.2021 00:33:51.596,14.692860000000001,14.679810000000002,1.5,1
09.08.2021 00:33:56.885,14.692860000000001,14.67951,1.5,1
09.08.2021 00:33:57.017,14.692870000000001,14.67951,1.5,1
09.08.2021 00:34:01.224,14.692870000000001,14.679310000000001,1.5,1
09.08.2021 00:34:01.330,14.692870000000001,14.679110000000001,1.5,1
09.08.2021 00:34:01.380,14.692870000000001,14.679110000000001,2,1
09.08.2021 00:34:03.437,14.69318,14.678910000000002,1.6,1
09.08.2021 00:34:03.751,14.692420000000002,14.678910000000002,1,1
09.08.2021 00:34:03.899,14.69241,14.678910000000002,1.5,1
09.08.2021 00:34:04.337,14.69265,14.678910000000002,1.5,1
09.08.2021 00:34:10.555,14.69231,14.678910000000002,1,1
09.08.2021 00:34:10.656,14.69233,14.6789,1,1
09.08.2021 00:34:14.462,14.69231,14.678910000000002,1,1
09.08.2021 00:34:14.666,14.692320000000002,14.678910000000002,1,1
09.08.2021 00:34:20.934,14.692320000000002,14.6789,1,1
09.08.2021 00:34:23.175,14.69231,14.67951,1,1
09.08.2021 00:34:23.783,14.692320000000002,14.67951,1,1
09.08.2021 00:34:23.951,14.692320000000002,14.679210000000001,1,1
09.08.2021 00:34:24.366,14.692320000000002,14.679010000000002,1,1
09.08.2021 00:34:24.484,14.692320000000002,14.679,1,1
09.08.2021 00:34:36.464,14.69241,14.679010000000002,1,1
09.08.2021 00:34:38.624,14.692320000000002,14.679010000000002,1.5,1
09.08.2021 00:34:43.669,14.69241,14.679010000000002,2.25,1
09.08.2021 00:34:47.477,14.69268,14.679010000000002,1.6,1
09.08.2021 00:35:00.439,14.692470000000002,14.679010000000002,1.5,1
09.08.2021 00:35:03.811,14.69241,14.679010000000002,2.25,1
09.08.2021 00:35:13.695,14.692420000000002,14.679010000000002,1,1
09.08.2021 00:35:24.074,14.692420000000002,14.67941,1,1
09.08.2021 00:35:25.470,14.692910000000001,14.67941,2.75,1
09.08.2021 00:35:33.925,14.69325,14.679210000000001,1.5,1
09.08.2021 00:35:41.454,14.692970000000003,14.67861,2,1
09.08.2021 00:35:41.601,14.692420000000002,14.67861,1.5,1
09.08.2021 00:35:42.113,14.69275,14.67861,1.5,1
09.08.2021 00:35:49.688,14.69251,14.67861,1.5,1
09.08.2021 00:35:52.498,14.692660000000002,14.67861,2,1
09.08.2021 00:35:55.652,14.69241,14.67861,1.5,1
09.08.2021 00:36:01.139,14.692420000000002,14.6789,1.5,1
09.08.2021 00:36:01.258,14.692420000000002,14.678910000000002,1.5,1
09.08.2021 00:36:01.391,14.692420000000002,14.678910000000002,2,1
09.08.2021 00:36:11.417,14.69246,14.679310000000001,2,1
09.08.2021 00:36:25.216,14.692820000000001,14.679110000000001,1.5,1
09.08.2021 00:36:30.387,14.692810000000001,14.678910000000002,1.5,1
09.08.2021 00:36:30.485,14.692810000000001,14.67871,1.5,1
09.08.2021 00:36:33.998,14.69255,14.678510000000001,1.5,1
09.08.2021 00:36:36.716,14.692220000000002,14.678510000000001,1,1
09.08.2021 00:36:37.742,14.692210000000001,14.678510000000001,2.25,1
09.08.2021 00:36:40.896,14.692210000000001,14.678110000000002,2.25,1
09.08.2021 00:36:42.159,14.69223,14.6781,2.25,1
09.08.2021 00:36:43.979,14.692220000000002,14.678110000000002,2.75,1
09.08.2021 00:36:46.147,14.692210000000001,14.678510000000001,1.5,1
09.08.2021 00:37:01.035,14.692210000000001,14.67801,1.5,1
09.08.2021 00:37:10.517,14.692060000000001,14.678310000000002,1.5,1
09.08.2021 00:37:11.037,14.692060000000001,14.678310000000002,1,1
09.08.2021 00:37:11.087,14.692060000000001,14.678910000000002,1,1
09.08.2021 00:37:11.236,14.69255,14.678910000000002,1.5,1
09.08.2021 00:37:13.187,14.692610000000002,14.678910000000002,1.5,1
09.08.2021 00:37:13.436,14.692610000000002,14.67871,1.5,1
09.08.2021 00:37:13.926,14.692660000000002,14.678510000000001,1.5,1
09.08.2021 00:37:17.034,14.692560000000002,14.678910000000002,1.5,1
09.08.2021 00:37:21.207,14.692560000000002,14.678910000000002,1.5,1.5
09.08.2021 00:37:23.422,14.692570000000002,14.678910000000002,1.5,1.5
09.08.2021 00:37:23.603,14.692520000000002,14.6789,2,1
09.08.2021 00:37:24.525,14.69251,14.679010000000002,2,1
09.08.2021 00:37:33.026,14.69251,14.67941,2,1
09.08.2021 00:37:39.323,14.69251,14.679210000000001,2,1
09.08.2021 00:37:46.425,14.692560000000002,14.67951,2,1
09.08.2021 00:37:51.576,14.692560000000002,14.679910000000001,2,1
09.08.2021 00:37:53.163,14.692560000000002,14.679910000000001,1.5,1
09.08.2021 00:37:53.887,14.69241,14.679610000000002,1.5,1
09.08.2021 00:37:54.140,14.69241,14.679910000000001,1.5,1
09.08.2021 00:37:54.300,14.692910000000001,14.679910000000001,1.5,1
09.08.2021 00:37:54.519,14.692910000000001,14.679710000000002,1.5,1
09.08.2021 00:37:54.890,14.692910000000001,14.67951,1.5,1
09.08.2021 00:37:59.660,14.692910000000001,14.679810000000002,1.5,1
09.08.2021 00:38:00.270,14.692910000000001,14.679610000000002,1.5,1
09.08.2021 00:38:00.841,14.692910000000001,14.68021,1.5,1
09.08.2021 00:38:01.197,14.692910000000001,14.680410000000002,1.5,1
09.08.2021 00:38:01.283,14.69318,14.6804,1,1
09.08.2021 00:38:06.143,14.693410000000002,14.680410000000002,2.75,1
09.08.2021 00:38:07.708,14.693410000000002,14.680410000000002,2.75,1
09.08.2021 00:38:10.016,14.693420000000001,14.68021,2.75,1
09.08.2021 00:38:12.649,14.69364,14.680410000000002,1,1
09.08.2021 00:38:12.945,14.69364,14.679910000000001,1,1
09.08.2021 00:38:13.098,14.69364,14.679910000000001,1,1
09.08.2021 00:38:13.214,14.69364,14.679810000000002,1,1
09.08.2021 00:38:15.836,14.69284,14.679810000000002,1,1
09.08.2021 00:38:20.494,14.69284,14.680010000000001,1,1
09.08.2021 00:38:22.437,14.69284,14.68021,1,1
09.08.2021 00:38:22.691,14.69344,14.680410000000002,1,1
09.08.2021 00:38:22.810,14.69345,14.680200000000001,1,1
09.08.2021 00:38:23.389,14.69344,14.68021,1,1
09.08.2021 00:38:24.080,14.69344,14.680010000000001,1,1
09.08.2021 00:38:25.898,14.69326,14.680010000000001,1,1
09.08.2021 00:38:31.208,14.69326,14.680010000000001,1,1
09.08.2021 00:38:36.101,14.69344,14.679710000000002,1,1
09.08.2021 00:38:36.476,14.69344,14.679710000000002,1,1
09.08.2021 00:38:36.627,14.69344,14.679910000000001,1,1
09.08.2021 00:38:38.172,14.69345,14.6799,1,1
09.08.2021 00:38:39.208,14.69344,14.679910000000001,1,1
09.08.2021 00:38:39.313,14.69344,14.679710000000002,1,1
09.08.2021 00:38:45.520,14.693410000000002,14.680010000000001,1.5,1
09.08.2021 00:38:46.586,14.693410000000002,14.679710000000002,1.5,1
09.08.2021 00:38:47.475,14.693410000000002,14.679910000000001,1.5,1
09.08.2021 00:38:54.708,14.69344,14.679910000000001,1,1
09.08.2021 00:38:54.812,14.69344,14.679710000000002,1,1
09.08.2021 00:38:55.405,14.69344,14.67951,1,1
09.08.2021 00:38:55.681,14.69274,14.679310000000001,1,1
09.08.2021 00:38:56.476,14.69275,14.679300000000001,1,1
09.08.2021 00:39:06.475,14.69275,14.679300000000001,1,1
09.08.2021 00:39:06.629,14.69275,14.679300000000001,1,1
09.08.2021 00:39:10.208,14.69274,14.679310000000001,1,1
09.08.2021 00:39:12.901,14.69274,14.679610000000002,1,1
09.08.2021 00:39:15.137,14.69274,14.680010000000001,1,1
09.08.2021 00:39:15.188,14.69274,14.679810000000002,1,1
09.08.2021 00:39:15.540,14.69274,14.679610000000002,1,1
09.08.2021 00:39:21.937,14.69274,14.67941,1,1
09.08.2021 00:39:26.312,14.69274,14.679810000000002,1,1
09.08.2021 00:39:31.105,14.69274,14.680010000000001,1,1
09.08.2021 00:39:33.710,14.69274,14.680010000000001,1,1
09.08.2021 00:39:35.242,14.69274,14.680410000000002,1,1
09.08.2021 00:39:35.344,14.69391,14.681310000000002,2,1
09.08.2021 00:39:35.445,14.693920000000002,14.681310000000002,2,1
09.08.2021 00:39:35.612,14.694510000000001,14.681610000000001,2.75,1
09.08.2021 00:39:35.713,14.695120000000001,14.68181,2.75,1
09.08.2021 00:39:36.322,14.69476,14.681610000000001,1,1
09.08.2021 00:39:41.208,14.69476,14.681610000000001,1,1
09.08.2021 00:39:41.811,14.694160000000002,14.681310000000002,1,1
09.08.2021 00:39:41.953,14.694160000000002,14.681310000000002,1,1
09.08.2021 00:39:46.426,14.694160000000002,14.681310000000002,1,1
09.08.2021 00:39:46.629,14.694560000000001,14.681310000000002,1,1
09.08.2021 00:39:56.819,14.694960000000002,14.681510000000001,1,1
09.08.2021 00:39:57.481,14.694860000000002,14.681310000000002,1,1
09.08.2021 00:39:57.638,14.694960000000002,14.681310000000002,1,1
09.08.2021 00:39:58.332,14.694960000000002,14.681210000000002,1,1
09.08.2021 00:40:00.882,14.694960000000002,14.68101,1,1
09.08.2021 00:40:01.175,14.69464,14.680810000000001,1,1
09.08.2021 00:40:02.105,14.693560000000002,14.680410000000002,1,1
09.08.2021 00:40:02.261,14.69386,14.680410000000002,1,1
09.08.2021 00:40:03.151,14.693660000000001,14.680410000000002,1,1
09.08.2021 00:40:04.761,14.693660000000001,14.680410000000002,1,1
09.08.2021 00:40:05.192,14.693660000000001,14.680510000000002,1,1
09.08.2021 00:40:12.432,14.693770000000002,14.6805,1,1
09.08.2021 00:40:12.482,14.693850000000001,14.6807,1,1
09.08.2021 00:40:12.634,14.69384,14.680710000000001,1,1
09.08.2021 00:40:19.765,14.693850000000001,14.6806,1,1
09.08.2021 00:40:22.739,14.69384,14.68091,1,1
09.08.2021 00:40:27.585,14.694420000000003,14.680710000000001,2,1
09.08.2021 00:40:34.485,14.694410000000001,14.68091,2.75,1
09.08.2021 00:40:34.632,14.694420000000003,14.680900000000001,2.75,1
09.08.2021 00:40:35.689,14.694460000000001,14.68091,1,1
09.08.2021 00:40:45.091,14.694420000000003,14.680510000000002,1.5,1
09.08.2021 00:40:48.448,14.694460000000001,14.68021,2.37,1
09.08.2021 00:40:49.727,14.69374,14.680010000000001,1,1
09.08.2021 00:40:49.780,14.69374,14.680010000000001,1,1
09.08.2021 00:40:51.708,14.69304,14.680010000000001,1,1
09.08.2021 00:41:00.479,14.69304,14.680010000000001,1,1
09.08.2021 00:41:00.633,14.69304,14.680010000000001,1,1
09.08.2021 00:41:00.753,14.69304,14.679810000000002,1,1
09.08.2021 00:41:07.666,14.69304,14.68021,1,1
09.08.2021 00:41:10.885,14.69304,14.680410000000002,1,1
09.08.2021 00:41:11.040,14.69304,14.680410000000002,1,1
09.08.2021 00:41:11.915,14.69304,14.68021,1,1
09.08.2021 00:41:14.432,14.693560000000002,14.680610000000001,1,1
09.08.2021 00:41:14.533,14.69374,14.68091,1,1
09.08.2021 00:41:14.685,14.693750000000001,14.680900000000001,1,1
09.08.2021 00:41:25.436,14.694260000000002,14.68091,1,1
09.08.2021 00:41:25.487,14.694320000000001,14.6811,2.75,1
09.08.2021 00:41:25.638,14.694450000000002,14.6811,1,1
09.08.2021 00:41:27.109,14.694360000000001,14.68091,1,1
09.08.2021 00:41:30.708,14.694360000000001,14.68091,1,1
09.08.2021 00:41:36.434,14.694070000000002,14.680900000000001,1,1
09.08.2021 00:41:36.535,14.69396,14.680810000000001,1,1
09.08.2021 00:41:36.636,14.69396,14.680810000000001,1,1
09.08.2021 00:41:38.015,14.69396,14.680610000000001,1,1
09.08.2021 00:41:38.184,14.69396,14.68031,1,1
09.08.2021 00:41:38.305,14.69364,14.68011,1,1
09.08.2021 00:41:38.813,14.69365,14.680000000000001,1,1
09.08.2021 00:41:39.600,14.693560000000002,14.680010000000001,1,1
09.08.2021 00:41:40.977,14.69294,14.680010000000001,1,1
09.08.2021 00:41:42.033,14.69294,14.679810000000002,1,1
09.08.2021 00:41:47.212,14.69294,14.680010000000001,1,1
09.08.2021 00:41:47.744,14.692950000000002,14.6798,1,1
09.08.2021 00:41:50.440,14.69294,14.679810000000002,1,1
09.08.2021 00:41:50.491,14.69294,14.680010000000001,1,1
09.08.2021 00:41:50.647,14.692950000000002,14.680000000000001,1,1
09.08.2021 00:41:51.740,14.69294,14.68021,1,1
09.08.2021 00:41:52.133,14.69354,14.680410000000002,1,1
09.08.2021 00:41:55.274,14.69354,14.68011,1,1
09.08.2021 00:41:55.414,14.69354,14.679810000000002,1,1
09.08.2021 00:42:00.390,14.69354,14.680010000000001,1,1
09.08.2021 00:42:02.471,14.69354,14.680010000000001,1,1
09.08.2021 00:42:02.521,14.69354,14.68031,1,1
09.08.2021 00:42:02.672,14.69354,14.68031,1,1
09.08.2021 00:42:02.827,14.69354,14.68011,1,1
09.08.2021 00:42:02.883,14.69354,14.68011,1,1
09.08.2021 00:42:06.118,14.69354,14.679810000000002,1,1
09.08.2021 00:42:08.072,14.69284,14.679810000000002,1,1
09.08.2021 00:42:08.122,14.69284,14.679610000000002,1,1
09.08.2021 00:42:09.132,14.69284,14.679610000000002,1,1
09.08.2021 00:42:13.774,14.69284,14.67941,1,1
09.08.2021 00:42:23.977,14.69284,14.679210000000001,1,1
09.08.2021 00:42:26.443,14.69284,14.67951,1,1
09.08.2021 00:42:26.615,14.69284,14.67951,1,1
09.08.2021 00:42:34.343,14.69284,14.679810000000002,1,1
09.08.2021 00:42:35.779,14.69284,14.67941,1,1
09.08.2021 00:42:37.485,14.69285,14.6795,1,1
09.08.2021 00:42:37.640,14.69284,14.67951,1,1
09.08.2021 00:42:40.188,14.69284,14.679210000000001,1,1
09.08.2021 00:42:50.488,14.69244,14.679010000000002,1,1
09.08.2021 00:42:50.639,14.69244,14.679010000000002,1,1
09.08.2021 00:42:55.283,14.69244,14.67941,1,1
09.08.2021 00:42:56.209,14.69244,14.67941,1,1
09.08.2021 00:43:04.208,14.69244,14.67941,1,1
09.08.2021 00:43:05.080,14.69244,14.679210000000001,1,1
09.08.2021 00:43:08.055,14.69244,14.679210000000001,1,1
09.08.2021 00:43:08.106,14.69244,14.679010000000002,1,1
09.08.2021 00:43:08.258,14.69244,14.679010000000002,1,1
09.08.2021 00:43:08.851,14.69244,14.67941,1,1
09.08.2021 00:43:09.313,14.69244,14.67941,1,1
09.08.2021 00:43:13.791,14.69244,14.679710000000002,1,1
09.08.2021 00:43:19.493,14.69314,14.679910000000001,1,1
09.08.2021 00:43:19.669,14.69314,14.679910000000001,1,1
09.08.2021 00:43:30.488,14.69314,14.679810000000002,1,1
09.08.2021 00:43:30.670,14.69314,14.679810000000002,1,1
09.08.2021 00:43:34.633,14.69314,14.679710000000002,1,1
09.08.2021 00:43:40.810,14.69314,14.67941,1,1
09.08.2021 00:43:40.967,14.69314,14.67941,1,1
09.08.2021 00:43:41.942,14.69314,14.67941,1,1
09.08.2021 00:43:46.819,14.69314,14.679710000000002,1,1
09.08.2021 00:43:46.996,14.69314,14.67951,1,1
09.08.2021 00:43:51.929,14.69314,14.67951,1,1
09.08.2021 00:43:51.980,14.69314,14.679310000000001,1,1
09.08.2021 00:43:53.314,14.69314,14.679110000000001,1,1
09.08.2021 00:43:54.696,14.692450000000001,14.6788,1,1
09.08.2021 00:43:58.708,14.69244,14.678810000000002,1,1
09.08.2021 00:44:01.436,14.69244,14.67861,1,1
09.08.2021 00:44:05.490,14.692450000000001,14.6783,1,1
09.08.2021 00:44:05.613,14.69244,14.678310000000002,1,1
09.08.2021 00:44:06.817,14.69244,14.678310000000002,1,1
09.08.2021 00:44:12.823,14.69244,14.678810000000002,1,1
09.08.2021 00:44:13.130,14.69244,14.678510000000001,1,1
09.08.2021 00:44:13.280,14.69244,14.678310000000002,1,1
09.08.2021 00:44:13.874,14.69174,14.67801,1,1
09.08.2021 00:44:15.646,14.69174,14.678310000000002,1,1
09.08.2021 00:44:18.722,14.69174,14.67791,1,1
09.08.2021 00:44:19.573,14.69174,14.678210000000002,1,1
09.08.2021 00:44:22.208,14.69174,14.678210000000002,1,1
09.08.2021 00:44:24.492,14.691870000000002,14.678310000000002,1,1
09.08.2021 00:44:24.645,14.69174,14.678310000000002,1,1
09.08.2021 00:44:30.209,14.69174,14.678310000000002,1,1
09.08.2021 00:44:31.092,14.69174,14.67801,1,1
09.08.2021 00:44:35.451,14.69174,14.67801,1,1
09.08.2021 00:44:37.547,14.69174,14.677710000000001,1,1
09.08.2021 00:44:37.648,14.691770000000002,14.677710000000001,1,1
09.08.2021 00:44:42.622,14.691770000000002,14.678110000000002,1,1
09.08.2021 00:44:44.090,14.69171,14.678110000000002,1,1
09.08.2021 00:44:46.234,14.69171,14.677810000000001,1,1
09.08.2021 00:44:48.493,14.691720000000002,14.678110000000002,1,1
09.08.2021 00:44:49.200,14.691970000000001,14.678110000000002,1,1
09.08.2021 00:44:54.072,14.691760000000002,14.677810000000001,2,1
09.08.2021 00:44:54.815,14.691720000000002,14.677800000000001,1,1
09.08.2021 00:44:59.937,14.69171,14.677810000000001,1.5,1
09.08.2021 00:45:09.208,14.69171,14.677810000000001,1,1
09.08.2021 00:45:09.312,14.69171,14.678110000000002,1,1
09.08.2021 00:45:10.398,14.691870000000002,14.678110000000002,1,1
09.08.2021 00:45:13.141,14.691870000000002,14.678410000000001,1,1
09.08.2021 00:45:13.245,14.69174,14.678410000000001,1,1
09.08.2021 00:45:16.651,14.69174,14.678510000000001,1,1
09.08.2021 00:45:16.708,14.69175,14.678500000000001,1,1
09.08.2021 00:45:25.709,14.69234,14.679110000000001,1,1
09.08.2021 00:45:25.759,14.69234,14.678910000000002,1,1
09.08.2021 00:45:25.810,14.692350000000001,14.678700000000001,1,1
09.08.2021 00:45:27.451,14.692350000000001,14.678700000000001,1,1
09.08.2021 00:45:27.502,14.69234,14.679010000000002,1,1
09.08.2021 00:45:27.653,14.69234,14.679010000000002,1,1
09.08.2021 00:45:38.449,14.69234,14.678810000000002,1,1
09.08.2021 00:45:40.623,14.69234,14.679210000000001,1,1
09.08.2021 00:45:40.813,14.692350000000001,14.6795,1,1
09.08.2021 00:45:41.470,14.69234,14.679310000000001,1,1
09.08.2021 00:45:48.208,14.69234,14.679310000000001,1,1
09.08.2021 00:45:50.702,14.69234,14.679310000000001,1,1
09.08.2021 00:45:52.470,14.69234,14.679310000000001,1,1
09.08.2021 00:45:55.708,14.69234,14.679310000000001,1,1
09.08.2021 00:45:55.809,14.69234,14.67861,1,1
09.08.2021 00:45:55.970,14.69234,14.678410000000001,1,1
09.08.2021 00:45:56.170,14.69234,14.678410000000001,1,1
09.08.2021 00:45:56.230,14.69234,14.678810000000002,1,1
09.08.2021 00:45:57.601,14.692770000000001,14.679110000000001,1,1
09.08.2021 00:45:58.397,14.692770000000001,14.678910000000002,1,1
09.08.2021 00:46:03.207,14.692770000000001,14.679210000000001,1,1
09.08.2021 00:46:06.660,14.69234,14.679210000000001,1,1
09.08.2021 00:46:08.291,14.69234,14.679010000000002,1,1
09.08.2021 00:46:09.652,14.69234,14.679310000000001,1,1
09.08.2021 00:46:09.775,14.69234,14.67941,1,1
09.08.2021 00:46:09.950,14.69234,14.67941,1,1
09.08.2021 00:46:10.060,14.69234,14.679210000000001,1,1
09.08.2021 00:46:12.937,14.69314,14.680010000000001,1,1
09.08.2021 00:46:13.142,14.69314,14.680010000000001,1,1
09.08.2021 00:46:14.955,14.69314,14.679810000000002,1,1
09.08.2021 00:46:19.208,14.693150000000001,14.6798,1,1
09.08.2021 00:46:19.812,14.69314,14.680010000000001,1,1
09.08.2021 00:46:19.913,14.69314,14.679710000000002,1,1
09.08.2021 00:46:20.281,14.693150000000001,14.6795,1,1
09.08.2021 00:46:20.434,14.69314,14.67951,1,1
09.08.2021 00:46:23.346,14.69314,14.679310000000001,1,1
09.08.2021 00:46:40.885,14.69244,14.679710000000002,1,1
09.08.2021 00:46:41.042,14.69244,14.679910000000001,1,1
09.08.2021 00:46:44.324,14.69321,14.68031,2,1
09.08.2021 00:46:44.473,14.69374,14.68031,1,1
09.08.2021 00:46:44.580,14.694120000000002,14.681110000000002,2,1
09.08.2021 00:46:44.631,14.694120000000002,14.68011,2,1
09.08.2021 00:46:44.681,14.694070000000002,14.680610000000001,1,1
09.08.2021 00:46:44.923,14.694070000000002,14.68021,1,1
09.08.2021 00:46:44.973,14.69408,14.680200000000001,1,1
09.08.2021 00:46:45.024,14.694070000000002,14.680010000000001,1,1
09.08.2021 00:46:45.075,14.693560000000002,14.68011,1.5,1
09.08.2021 00:46:45.546,14.693560000000002,14.68011,1.5,1
09.08.2021 00:46:45.597,14.69285,14.679810000000002,1.5,1
09.08.2021 00:46:45.648,14.69285,14.679710000000002,1.5,1
09.08.2021 00:46:46.282,14.69255,14.679710000000002,1.5,1
09.08.2021 00:46:46.333,14.692560000000002,14.67954,1.5,1
09.08.2021 00:46:46.477,14.692060000000001,14.67904,1.5,1
09.08.2021 00:46:46.592,14.69205,14.679610000000002,1.5,1
09.08.2021 00:46:52.949,14.69171,14.679610000000002,1,1
09.08.2021 00:46:54.697,14.69171,14.680010000000001,1,1
09.08.2021 00:46:54.827,14.69171,14.680610000000001,1,1
09.08.2021 00:46:54.928,14.692450000000001,14.680610000000001,1.5,1
09.08.2021 00:46:55.109,14.692450000000001,14.68091,1.5,1
09.08.2021 00:46:55.280,14.69246,14.680410000000002,1.5,1
09.08.2021 00:46:55.922,14.69246,14.68011,1.5,1
09.08.2021 00:46:56.886,14.692470000000002,14.6805,1.5,1
09.08.2021 00:46:56.987,14.69246,14.68031,1.5,1
09.08.2021 00:46:58.961,14.692370000000002,14.68031,1.5,1
09.08.2021 00:47:00.938,14.692370000000002,14.680610000000001,1.5,1
09.08.2021 00:47:01.559,14.692120000000003,14.6806,1,1
09.08.2021 00:47:01.880,14.692110000000001,14.68021,1,1
09.08.2021 00:47:01.936,14.692110000000001,14.680010000000001,1,1
09.08.2021 00:47:02.177,14.692110000000001,14.679810000000002,1,1
09.08.2021 00:47:02.975,14.691970000000001,14.67924,1,1.5
09.08.2021 00:47:03.040,14.691760000000002,14.679210000000001,1.5,1
09.08.2021 00:47:03.344,14.691760000000002,14.679250000000001,1.5,1
09.08.2021 00:47:03.849,14.691760000000002,14.67949,1.5,1
09.08.2021 00:47:05.241,14.691760000000002,14.67949,2,1
09.08.2021 00:47:09.950,14.69166,14.67948,2,1.5
09.08.2021 00:47:19.976,14.69161,14.67949,1.5,1.5
09.08.2021 00:47:28.813,14.69166,14.67948,2.75,1.5
09.08.2021 00:47:31.990,14.69166,14.67949,2,2.25
09.08.2021 00:47:34.874,14.691620000000002,14.67948,1.5,2.25
09.08.2021 00:47:36.551,14.691620000000002,14.67948,1,2.25
09.08.2021 00:47:36.652,14.692929999999999,14.678600000000001,2.75,1
09.08.2021 00:47:36.853,14.692770000000001,14.679110000000001,1,1
09.08.2021 00:47:37.658,14.692570000000002,14.6791,2.75,1
09.08.2021 00:47:37.759,14.69223,14.6791,2.25,1
09.08.2021 00:47:43.480,14.692220000000002,14.6791,2.25,1
09.08.2021 00:47:48.501,14.692210000000001,14.678810000000002,2.25,1
09.08.2021 00:47:54.939,14.692220000000002,14.678810000000002,1.5,1
09.08.2021 00:47:56.858,14.692220000000002,14.678910000000002,1.5,1
09.08.2021 00:47:57.991,14.692210000000001,14.678910000000002,1.5,1
09.08.2021 00:48:01.285,14.692210000000001,14.67871,1.5,1
09.08.2021 00:48:02.445,14.692210000000001,14.679210000000001,1.5,1
09.08.2021 00:48:02.562,14.692260000000001,14.679210000000001,1.5,1
09.08.2021 00:48:04.595,14.69231,14.679210000000001,1.5,1
09.08.2021 00:48:05.915,14.692210000000001,14.679210000000001,1,1
09.08.2021 00:48:10.555,14.69234,14.679210000000001,1,1
09.08.2021 00:48:10.705,14.692770000000001,14.679210000000001,1,1
09.08.2021 00:48:20.675,14.69234,14.678910000000002,1,1
09.08.2021 00:48:52.048,14.69224,14.679310000000001,1,1
09.08.2021 00:49:00.953,14.69224,14.679110000000001,1,1
09.08.2021 00:49:09.012,14.692250000000001,14.678700000000001,1,1
09.08.2021 00:49:10.502,14.69224,14.679010000000002,1,1
09.08.2021 00:49:10.706,14.692570000000002,14.679010000000002,1.5,1
09.08.2021 00:49:12.956,14.69251,14.679310000000001,1.5,1
09.08.2021 00:49:13.428,14.69251,14.679110000000001,1.5,1
09.08.2021 00:49:20.508,14.692250000000001,14.6788,1,1
09.08.2021 00:49:20.664,14.69224,14.678810000000002,1,1
09.08.2021 00:49:21.878,14.692250000000001,14.678600000000001,1,1
09.08.2021 00:49:24.583,14.69224,14.678910000000002,1,1
09.08.2021 00:49:26.209,14.69224,14.678910000000002,1,1
09.08.2021 00:49:26.814,14.69224,14.679210000000001,1,1
09.08.2021 00:49:26.915,14.692670000000001,14.67951,1,1
09.08.2021 00:49:28.720,14.692810000000001,14.679710000000002,2.25,1
09.08.2021 00:49:28.825,14.692810000000001,14.679910000000001,2.25,1
09.08.2021 00:49:28.995,14.692810000000001,14.68011,2.25,1
09.08.2021 00:49:29.227,14.692870000000001,14.680100000000001,1.5,1
09.08.2021 00:49:29.931,14.692910000000001,14.68011,1.5,1
09.08.2021 00:49:30.092,14.692910000000001,14.679810000000002,1.5,1
09.08.2021 00:49:30.341,14.692810000000001,14.679810000000002,1,1
09.08.2021 00:49:34.522,14.692820000000001,14.679810000000002,1,1
09.08.2021 00:49:35.643,14.692810000000001,14.679810000000002,1,1
09.08.2021 00:49:37.735,14.692810000000001,14.679110000000001,1.5,1
09.08.2021 00:49:37.785,14.692810000000001,14.67941,1.5,1
09.08.2021 00:49:49.740,14.692910000000001,14.67941,2,1
09.08.2021 00:49:59.961,14.693370000000002,14.68011,1,1
09.08.2021 00:50:00.273,14.693570000000001,14.680510000000002,2.75,1
09.08.2021 00:50:00.324,14.693570000000001,14.680410000000002,2.75,1
09.08.2021 00:50:00.445,14.693610000000001,14.68021,1.5,1
09.08.2021 00:50:00.618,14.693460000000002,14.68011,2,1
09.08.2021 00:50:00.668,14.692870000000001,14.6804,1,1
09.08.2021 00:50:00.892,14.692860000000001,14.680410000000002,1.5,1
09.08.2021 00:50:00.942,14.692860000000001,14.68021,1.5,1
09.08.2021 00:50:00.993,14.692860000000001,14.679810000000002,1.5,1
09.08.2021 00:50:01.607,14.692450000000001,14.67951,1.5,1
09.08.2021 00:50:01.877,14.692450000000001,14.679810000000002,1.5,1
09.08.2021 00:50:09.087,14.692160000000001,14.679810000000002,1,1
09.08.2021 00:50:11.507,14.692160000000001,14.679610000000002,1,1
09.08.2021 00:50:11.558,14.69244,14.679610000000002,1,1
09.08.2021 00:50:11.735,14.692270000000002,14.679610000000002,1,1
09.08.2021 00:50:11.785,14.692270000000002,14.67949,1,1.5
09.08.2021 00:50:12.058,14.692270000000002,14.67938,1,1.5
09.08.2021 00:50:12.855,14.692270000000002,14.679810000000002,1,1
09.08.2021 00:50:12.975,14.692270000000002,14.67951,1,1
09.08.2021 00:50:16.936,14.692210000000001,14.67959,2,1.5
09.08.2021 00:50:20.417,14.69198,14.679810000000002,1.6,1
09.08.2021 00:50:20.596,14.69161,14.679810000000002,1.5,1
09.08.2021 00:50:24.512,14.69161,14.679610000000002,1.5,1
09.08.2021 00:50:27.049,14.691620000000002,14.679610000000002,2.25,1
09.08.2021 00:50:28.074,14.69161,14.679610000000002,2.25,1
09.08.2021 00:50:30.136,14.69161,14.67969,2.25,1.5
09.08.2021 00:50:30.565,14.69163,14.679770000000001,1.5,1
09.08.2021 00:50:31.054,14.691860000000002,14.67978,2,1
09.08.2021 00:50:33.114,14.691870000000002,14.67979,1.5,1
09.08.2021 00:50:34.959,14.691770000000002,14.67979,1,1
09.08.2021 00:50:38.047,14.691620000000002,14.67969,1,1.5
09.08.2021 00:50:41.133,14.69163,14.67978,1,1.5
09.08.2021 00:50:41.774,14.691860000000002,14.67978,1.5,2.25
09.08.2021 00:50:43.776,14.691760000000002,14.67978,1,2.25
09.08.2021 00:50:44.033,14.691760000000002,14.67978,1.5,2.25
09.08.2021 00:50:46.625,14.69166,14.67979,1.5,2.25
09.08.2021 00:50:47.868,14.69166,14.67979,1,2.25
09.08.2021 00:50:47.968,14.692070000000001,14.678910000000002,1,1
09.08.2021 00:50:48.223,14.692220000000002,14.67871,2.75,1
09.08.2021 00:50:48.274,14.69223,14.678500000000001,2.75,1
09.08.2021 00:50:50.331,14.692220000000002,14.678210000000002,2.75,1
09.08.2021 00:50:50.721,14.692220000000002,14.678510000000001,2.75,1
09.08.2021 00:50:58.338,14.692210000000001,14.678210000000002,2.75,1
09.08.2021 00:50:58.460,14.692210000000001,14.678210000000002,2.75,1
09.08.2021 00:50:58.561,14.691920000000001,14.6784,2,1
09.08.2021 00:50:59.411,14.691910000000002,14.67871,2,1
09.08.2021 00:50:59.557,14.691910000000002,14.67871,1.5,1
09.08.2021 00:51:01.569,14.691910000000002,14.678410000000001,1.5,1
09.08.2021 00:51:02.743,14.691970000000001,14.6784,1.5,1
09.08.2021 00:51:05.082,14.691910000000002,14.678410000000001,1,1
09.08.2021 00:51:07.927,14.691920000000001,14.678410000000001,1,1
09.08.2021 00:51:08.362,14.691920000000001,14.678110000000002,1,1.5
09.08.2021 00:51:08.412,14.691920000000001,14.677810000000001,1.5,1.5
09.08.2021 00:51:08.531,14.691620000000002,14.677810000000001,1.5,1.5
09.08.2021 00:51:09.033,14.691820000000002,14.677810000000001,2,1.5
09.08.2021 00:51:13.601,14.691820000000002,14.677410000000002,2,1.5
09.08.2021 00:51:13.767,14.69135,14.676910000000001,1.5,1.5
09.08.2021 00:51:15.709,14.69135,14.676910000000001,1.5,1.5
09.08.2021 00:51:19.687,14.691310000000001,14.676610000000002,2,1.5
09.08.2021 00:51:19.737,14.690720000000002,14.676610000000002,1,1.5
09.08.2021 00:51:19.893,14.690720000000002,14.676610000000002,1.5,1.5
09.08.2021 00:51:20.420,14.691010000000002,14.676610000000002,1.5,1.5
09.08.2021 00:51:22.082,14.691010000000002,14.676610000000002,2,1.5
09.08.2021 00:51:23.209,14.691010000000002,14.676610000000002,2,1.5
09.08.2021 00:51:30.514,14.690770000000002,14.676610000000002,2,1.5
09.08.2021 00:51:30.668,14.69108,14.676610000000002,1.6,1.5
09.08.2021 00:51:31.472,14.69108,14.676610000000002,1.6,1
09.08.2021 00:51:31.787,14.69108,14.67631,1.6,1.5
09.08.2021 00:51:39.208,14.69096,14.67631,2,1.5
09.08.2021 00:51:41.469,14.69086,14.676610000000002,1.5,1.5
09.08.2021 00:51:41.519,14.69096,14.676810000000001,2,1.5
09.08.2021 00:51:41.671,14.69096,14.676810000000001,2,1.5
09.08.2021 00:51:42.123,14.69086,14.676810000000001,1.5,1.5
09.08.2021 00:51:42.555,14.69086,14.676810000000001,1.5,1
09.08.2021 00:51:42.606,14.69086,14.676510000000002,1.5,1.5
09.08.2021 00:51:46.709,14.690870000000002,14.6765,1.5,1.5
09.08.2021 00:51:46.916,14.690770000000002,14.676510000000002,1.5,1.5
09.08.2021 00:51:48.147,14.690710000000001,14.676510000000002,1,1.5
09.08.2021 00:51:52.470,14.690710000000001,14.676510000000002,1,1.5
09.08.2021 00:51:52.857,14.690920000000002,14.6768,1.5,1.5
09.08.2021 00:51:53.779,14.69091,14.676510000000002,1.5,1.5
09.08.2021 00:51:54.709,14.690920000000002,14.6765,1.5,1.5
09.08.2021 00:51:57.604,14.690710000000001,14.676510000000002,1.5,1.5
09.08.2021 00:51:59.667,14.690710000000001,14.676910000000001,2.25,1
09.08.2021 00:52:00.039,14.690720000000002,14.6766,2.25,1.5
09.08.2021 00:52:08.032,14.690720000000002,14.676610000000002,2.25,1.5
09.08.2021 00:52:10.467,14.69073,14.6766,2.25,1.5
09.08.2021 00:52:10.733,14.690720000000002,14.676610000000002,2.25,1
09.08.2021 00:52:11.088,14.690710000000001,14.676610000000002,1.5,1
09.08.2021 00:52:11.187,14.691020000000002,14.676610000000002,2,1
09.08.2021 00:52:14.465,14.69091,14.676610000000002,1.5,1
09.08.2021 00:52:15.975,14.690920000000002,14.676610000000002,1.5,1
09.08.2021 00:52:16.996,14.69091,14.676610000000002,1.5,1
