Gmt time,Ask,Bid,AskVolume,BidVolume
24.08.2021 00:00:00.061,15.15666,15.142120000000002,1,1
24.08.2021 00:00:00.112,15.15666,15.142120000000002,1,1
24.08.2021 00:00:00.163,15.15666,15.142660000000001,1,1
24.08.2021 00:00:00.320,15.15666,15.142660000000001,1,1
24.08.2021 00:00:00.425,15.15666,15.142629999999999,1,1
24.08.2021 00:00:08.433,15.15666,15.14206,1,1
24.08.2021 00:00:08.553,15.156670000000002,15.142050000000001,1,1
24.08.2021 00:00:57.409,15.15666,15.14206,1.5,1
24.08.2021 00:00:57.588,15.156670000000002,15.142050000000001,1,1
24.08.2021 00:00:59.402,15.156670000000002,15.142050000000001,1.5,1
24.08.2021 00:00:59.558,15.15666,15.14206,1,1
24.08.2021 00:01:12.820,15.15833,15.13994,1.5,1.5
24.08.2021 00:01:35.421,15.157970000000002,15.13994,1,1.5
24.08.2021 00:01:35.577,15.15834,15.13993,1.5,1.5
24.08.2021 00:01:35.779,15.15834,15.13993,1.5,1.5
24.08.2021 00:01:36.384,15.157560000000002,15.13994,1,1.5
24.08.2021 00:01:38.599,15.15833,15.13994,1.5,1.5
24.08.2021 00:02:02.777,15.157670000000001,15.13994,1,1.5
24.08.2021 00:02:02.978,15.157970000000002,15.13994,1,1.5
24.08.2021 00:02:03.079,15.157670000000001,15.13994,1,1.5
24.08.2021 00:02:03.241,15.158260000000002,15.13994,1,1.5
24.08.2021 00:02:08.507,15.158260000000002,15.13994,1,1.5
24.08.2021 00:02:08.627,15.156670000000002,15.14215,1,1
24.08.2021 00:02:10.363,15.15666,15.14216,1.5,1
24.08.2021 00:02:10.521,15.15666,15.14216,1.5,1
24.08.2021 00:02:10.622,15.156670000000002,15.141060000000001,1.5,1
24.08.2021 00:02:10.723,15.156670000000002,15.141060000000001,1.5,1
24.08.2021 00:02:18.097,15.156670000000002,15.141060000000001,1.5,1
24.08.2021 00:02:20.125,15.156670000000002,15.141060000000001,1.5,1
24.08.2021 00:02:20.326,15.15666,15.140460000000001,1.5,1
24.08.2021 00:02:24.866,15.156460000000001,15.141029999999999,1,1
24.08.2021 00:02:25.097,15.156460000000001,15.141060000000001,1,1
24.08.2021 00:02:25.200,15.156460000000001,15.13995,1,1
24.08.2021 00:02:26.297,15.15656,15.13995,1.5,1
24.08.2021 00:02:28.302,15.15656,15.140820000000001,1.5,1
24.08.2021 00:02:30.995,15.15656,15.140820000000001,1.5,1
24.08.2021 00:02:32.131,15.15669,15.140820000000001,1,1
24.08.2021 00:02:33.665,15.15669,15.140260000000001,1,1
24.08.2021 00:02:33.716,15.156460000000001,15.140260000000001,1,1
24.08.2021 00:02:34.305,15.15666,15.140260000000001,1.5,1
24.08.2021 00:02:34.711,15.156870000000001,15.140260000000001,1,1
24.08.2021 00:02:35.245,15.158470000000001,15.140720000000002,1,1
24.08.2021 00:02:35.346,15.158470000000001,15.14126,1,1
24.08.2021 00:02:41.975,15.15669,15.140960000000002,1,1
24.08.2021 00:02:42.075,15.15669,15.14064,1,1
24.08.2021 00:02:42.176,15.15669,15.14061,1,1
24.08.2021 00:02:52.899,15.15669,15.14061,1,1
24.08.2021 00:02:52.985,15.15669,15.14066,1,1
24.08.2021 00:02:53.445,15.15669,15.14066,1,1
24.08.2021 00:02:53.561,15.15669,15.14066,1,1
24.08.2021 00:03:08.546,15.15669,15.140860000000002,1,1
24.08.2021 00:03:09.001,15.15669,15.140860000000002,1,1
24.08.2021 00:03:14.343,15.15669,15.140860000000002,1,1
24.08.2021 00:03:16.365,15.15669,15.140860000000002,1,1
24.08.2021 00:03:20.423,15.15669,15.140960000000002,1,1
24.08.2021 00:03:25.865,15.15669,15.14066,1,1
24.08.2021 00:03:28.227,15.157070000000003,15.14065,1.5,1
24.08.2021 00:03:28.385,15.15669,15.14066,1,1
24.08.2021 00:03:29.097,15.1567,15.14065,1,1
24.08.2021 00:03:35.489,15.1567,15.14065,1,1
24.08.2021 00:03:35.801,15.156470000000002,15.140550000000001,1,1
24.08.2021 00:03:36.637,15.15669,15.14056,1,1
24.08.2021 00:03:36.797,15.156470000000002,15.140550000000001,1,1
24.08.2021 00:03:38.515,15.156460000000001,15.14056,1,1
24.08.2021 00:03:44.795,15.156460000000001,15.14056,1,1
24.08.2021 00:03:47.889,15.1567,15.14056,1,1
24.08.2021 00:03:48.052,15.1567,15.14056,1,1
24.08.2021 00:03:49.434,15.1567,15.140860000000002,1,1
24.08.2021 00:03:50.097,15.1567,15.140860000000002,1,1
24.08.2021 00:03:57.389,15.156710000000002,15.14085,1,1
24.08.2021 00:03:59.477,15.1567,15.14066,1,1
24.08.2021 00:03:59.637,15.1567,15.14066,1,1
24.08.2021 00:04:08.537,15.1567,15.140760000000002,1,1
24.08.2021 00:04:15.261,15.1567,15.140760000000002,1,1
24.08.2021 00:04:18.847,15.1567,15.140760000000002,1,1
24.08.2021 00:04:19.472,15.1567,15.140960000000002,1,1
24.08.2021 00:04:33.058,15.1567,15.140760000000002,1,1
24.08.2021 00:04:38.532,15.15669,15.140860000000002,1,1
24.08.2021 00:04:40.641,15.15669,15.140860000000002,1,1
24.08.2021 00:04:40.800,15.1567,15.14085,1,1
24.08.2021 00:04:48.541,15.1567,15.14131,1,1
24.08.2021 00:04:48.647,15.15669,15.14136,1,1
24.08.2021 00:04:51.173,15.15669,15.14136,1,1
24.08.2021 00:04:51.331,15.15669,15.14136,1,1
24.08.2021 00:04:54.098,15.15669,15.14136,1,1
24.08.2021 00:04:58.724,15.15669,15.14136,1,1
24.08.2021 00:05:01.097,15.15669,15.14136,1,1
24.08.2021 00:05:08.563,15.15669,15.141660000000002,1,1
24.08.2021 00:05:26.549,15.156710000000002,15.14105,1,1
24.08.2021 00:05:37.418,15.1567,15.14141,1,1
24.08.2021 00:05:38.437,15.15669,15.141760000000001,1,1
24.08.2021 00:05:38.607,15.1567,15.141760000000001,1,1
24.08.2021 00:05:48.582,15.15669,15.141460000000002,1,1
24.08.2021 00:05:51.169,15.15669,15.14136,1,1
24.08.2021 00:06:01.422,15.15669,15.141720000000001,1,1
24.08.2021 00:06:01.780,15.15669,15.141960000000001,1,1
24.08.2021 00:06:08.582,15.15669,15.141560000000002,1,1
24.08.2021 00:06:18.574,15.15669,15.141860000000001,1,1
24.08.2021 00:06:24.212,15.15669,15.141960000000001,1,1
24.08.2021 00:06:35.127,15.1567,15.141660000000002,1,1
24.08.2021 00:06:45.221,15.15669,15.141560000000002,1,1
24.08.2021 00:06:55.429,15.15669,15.141920000000002,1,1
24.08.2021 00:06:55.536,15.15669,15.141960000000001,1,1
24.08.2021 00:07:07.131,15.15669,15.141660000000002,1,1
24.08.2021 00:07:08.549,15.15669,15.141760000000001,1,1
24.08.2021 00:07:18.626,15.15669,15.14206,1,1
24.08.2021 00:07:19.556,15.15669,15.14206,1,1
24.08.2021 00:07:19.709,15.15669,15.14206,1,1
24.08.2021 00:07:29.445,15.15669,15.14206,1,1
24.08.2021 00:07:30.233,15.15669,15.14206,1,1
24.08.2021 00:07:38.537,15.15669,15.141760000000001,1,1
24.08.2021 00:07:48.607,15.15669,15.141960000000001,1,1
24.08.2021 00:07:58.680,15.15669,15.14206,1,1
24.08.2021 00:08:09.426,15.15669,15.141960000000001,1,1
24.08.2021 00:08:09.581,15.15669,15.141960000000001,1,1
24.08.2021 00:08:20.435,15.15669,15.14216,1,1
24.08.2021 00:08:24.033,15.15669,15.141760000000001,1,1
24.08.2021 00:08:27.166,15.156770000000002,15.141760000000001,1,1
24.08.2021 00:08:34.100,15.156770000000002,15.141960000000001,1,1
24.08.2021 00:08:38.600,15.156770000000002,15.141860000000001,1,1
24.08.2021 00:08:49.465,15.156770000000002,15.141960000000001,1,1
24.08.2021 00:08:49.833,15.15669,15.141960000000001,1,1
24.08.2021 00:08:59.580,15.1567,15.14216,1,1
24.08.2021 00:09:17.444,15.1567,15.142260000000002,1,1
24.08.2021 00:09:17.599,15.1567,15.142260000000002,1,1
24.08.2021 00:09:24.853,15.157160000000001,15.142260000000002,1.5,1
24.08.2021 00:09:27.484,15.157170000000002,15.14216,1,1
24.08.2021 00:09:33.870,15.15669,15.14216,1,1
24.08.2021 00:09:37.410,15.156370000000003,15.14216,1,1
24.08.2021 00:09:37.593,15.15669,15.14216,1,1
24.08.2021 00:09:38.097,15.15669,15.14216,1,1
24.08.2021 00:09:38.300,15.15669,15.14216,1,1
24.08.2021 00:09:48.229,15.15669,15.141860000000001,1,1
24.08.2021 00:09:48.280,15.1567,15.141860000000001,1,1
24.08.2021 00:09:48.436,15.1567,15.141860000000001,1,1
24.08.2021 00:09:55.300,15.1567,15.141860000000001,1,1
24.08.2021 00:10:00.527,15.1567,15.141960000000001,1,1
24.08.2021 00:10:11.024,15.156710000000002,15.142050000000001,1,1
24.08.2021 00:10:20.937,15.15669,15.141860000000001,1,1
24.08.2021 00:10:27.598,15.15669,15.141860000000001,1,1
24.08.2021 00:10:27.800,15.15669,15.141860000000001,1,1
24.08.2021 00:10:30.976,15.15669,15.14201,1,1
24.08.2021 00:10:32.324,15.1567,15.14216,1,1
24.08.2021 00:10:38.431,15.1567,15.14233,1,1
24.08.2021 00:10:38.561,15.15669,15.142360000000002,1,1
24.08.2021 00:10:48.604,15.15669,15.142360000000002,1,1
24.08.2021 00:10:49.097,15.15669,15.142360000000002,1,1
24.08.2021 00:10:50.882,15.15669,15.142360000000002,1,1
24.08.2021 00:10:50.932,15.15669,15.142360000000002,1,1
24.08.2021 00:10:51.092,15.15669,15.142360000000002,1,1
24.08.2021 00:10:54.125,15.15669,15.142360000000002,1,1
24.08.2021 00:10:54.326,15.15669,15.142360000000002,1,1
24.08.2021 00:10:54.527,15.15669,15.142360000000002,1,1
24.08.2021 00:10:59.462,15.15669,15.142460000000002,1,1
24.08.2021 00:11:08.633,15.15669,15.14216,1,1
24.08.2021 00:11:15.862,15.15669,15.14216,1,1
24.08.2021 00:11:18.586,15.15669,15.142420000000001,1,1
24.08.2021 00:11:18.636,15.1567,15.14245,1,1
24.08.2021 00:11:25.468,15.15668,15.14245,1,1
24.08.2021 00:11:25.518,15.15669,15.142460000000002,1,1
24.08.2021 00:11:25.708,15.15669,15.142460000000002,1,1
24.08.2021 00:11:25.870,15.15669,15.142460000000002,1,1
24.08.2021 00:11:28.085,15.15669,15.142460000000002,1,1
24.08.2021 00:11:29.548,15.15669,15.142460000000002,1,1
24.08.2021 00:11:31.747,15.15669,15.142460000000002,1,1
24.08.2021 00:11:38.513,15.1567,15.14215,1,1
24.08.2021 00:11:38.564,15.15669,15.14216,1,1
24.08.2021 00:11:48.531,15.15669,15.14233,1,1
24.08.2021 00:11:49.480,15.15669,15.14276,1,1
24.08.2021 00:11:52.097,15.15669,15.14276,1,1
24.08.2021 00:11:59.443,15.15669,15.142660000000001,1,1
24.08.2021 00:11:59.494,15.15669,15.142660000000001,1,1
24.08.2021 00:11:59.624,15.1567,15.142650000000001,1,1
24.08.2021 00:12:03.753,15.15669,15.142660000000001,1,1
24.08.2021 00:12:03.870,15.15669,15.142660000000001,1,1
24.08.2021 00:12:05.006,15.15669,15.142660000000001,1,1
24.08.2021 00:12:05.166,15.15669,15.142660000000001,1,1
24.08.2021 00:12:05.368,15.15669,15.142660000000001,1,1
24.08.2021 00:12:08.551,15.15669,15.142360000000002,1,1
24.08.2021 00:12:08.987,15.15669,15.142360000000002,1,1
24.08.2021 00:12:18.528,15.15669,15.142529999999999,1,1
24.08.2021 00:12:19.543,15.1567,15.142560000000001,1,1
24.08.2021 00:12:29.496,15.15669,15.142560000000001,1,1
24.08.2021 00:12:38.566,15.1567,15.142460000000002,1,1
24.08.2021 00:12:41.977,15.1567,15.142460000000002,1,1
24.08.2021 00:12:42.138,15.1567,15.142460000000002,1,1
24.08.2021 00:12:45.457,15.1567,15.142460000000002,1,1
24.08.2021 00:12:45.609,15.1567,15.142460000000002,1,1
24.08.2021 00:12:48.654,15.15669,15.142460000000002,1,1
24.08.2021 00:12:50.011,15.1567,15.14245,1,1
24.08.2021 00:12:55.123,15.15669,15.142460000000002,1,1
24.08.2021 00:12:55.907,15.15669,15.142460000000002,1,1
24.08.2021 00:12:55.957,15.1567,15.14245,1,1
24.08.2021 00:12:56.114,15.15669,15.142460000000002,1,1
24.08.2021 00:12:59.479,15.15669,15.142560000000001,1,1
24.08.2021 00:12:59.529,15.156770000000002,15.142560000000001,1,1
24.08.2021 00:13:01.777,15.156770000000002,15.14206,1,1
24.08.2021 00:13:04.481,15.1567,15.14206,1,1
24.08.2021 00:13:04.639,15.156710000000002,15.142050000000001,1,1
24.08.2021 00:13:06.655,15.15658,15.142050000000001,1,1
24.08.2021 00:13:06.870,15.1567,15.14206,1,1
24.08.2021 00:13:08.434,15.1567,15.14233,1,1
24.08.2021 00:13:08.592,15.15669,15.142460000000002,1,1
24.08.2021 00:13:21.570,15.15669,15.142260000000002,1,1
24.08.2021 00:13:25.951,15.15658,15.14225,1,1
24.08.2021 00:13:26.002,15.15669,15.142260000000002,1,1
24.08.2021 00:13:26.052,15.156570000000002,15.142260000000002,1,1
24.08.2021 00:13:26.102,15.15669,15.142260000000002,1,1
24.08.2021 00:13:26.153,15.15669,15.142260000000002,1,1
24.08.2021 00:13:27.447,15.15669,15.142260000000002,1,1
24.08.2021 00:13:27.599,15.15669,15.142260000000002,1,1
24.08.2021 00:13:32.433,15.15669,15.142420000000001,1,1
24.08.2021 00:13:32.533,15.15669,15.142660000000001,1,1
24.08.2021 00:13:33.243,15.156570000000002,15.142660000000001,1,1
24.08.2021 00:13:33.477,15.15669,15.142660000000001,1,1
24.08.2021 00:13:38.561,15.15669,15.142560000000001,1,1
24.08.2021 00:13:46.916,15.156570000000002,15.142560000000001,1,1
24.08.2021 00:13:47.119,15.15669,15.142560000000001,1,1
24.08.2021 00:13:49.446,15.15669,15.142720000000002,1,1
24.08.2021 00:13:49.497,15.15669,15.142720000000002,1,1
24.08.2021 00:13:49.547,15.156710000000002,15.142750000000001,1,1
24.08.2021 00:14:00.534,15.1567,15.14276,1,1
24.08.2021 00:14:00.689,15.1567,15.14276,1,1
24.08.2021 00:14:05.938,15.1567,15.14286,1,1
24.08.2021 00:14:07.444,15.1567,15.14286,1,1
24.08.2021 00:14:07.604,15.1567,15.14286,1,1
24.08.2021 00:14:08.584,15.15669,15.142460000000002,1,1
24.08.2021 00:14:19.434,15.15669,15.142620000000003,1,1
24.08.2021 00:14:19.536,15.1567,15.14276,1,1
24.08.2021 00:14:30.450,15.15669,15.14286,1,1
24.08.2021 00:14:35.230,15.15669,15.14286,1,1
24.08.2021 00:14:35.387,15.15669,15.14286,1,1
24.08.2021 00:14:38.564,15.156770000000002,15.14276,1,1
24.08.2021 00:14:45.231,15.15669,15.14276,1,1
24.08.2021 00:14:45.385,15.15669,15.14276,1,1
24.08.2021 00:14:50.445,15.1567,15.142750000000001,1,1
24.08.2021 00:14:50.602,15.15669,15.14276,1,1
24.08.2021 00:15:00.733,15.156770000000002,15.142560000000001,1,1
24.08.2021 00:15:00.834,15.156770000000002,15.142560000000001,1,1
24.08.2021 00:15:01.322,15.1567,15.14255,1,1
24.08.2021 00:15:01.478,15.15669,15.142560000000001,1,1
24.08.2021 00:15:11.366,15.15669,15.142720000000002,1,1
24.08.2021 00:15:11.472,15.15669,15.14286,1,1
24.08.2021 00:15:11.598,15.156870000000001,15.14286,1,1
24.08.2021 00:15:21.695,15.15669,15.14296,1,1
24.08.2021 00:15:21.878,15.1567,15.14295,1,1
24.08.2021 00:15:21.929,15.156770000000002,15.14281,1,1
24.08.2021 00:15:26.182,15.15669,15.14281,1,1
24.08.2021 00:15:38.435,15.15669,15.14276,1,1
24.08.2021 00:15:43.410,15.15669,15.14281,1,1
24.08.2021 00:15:43.959,15.1567,15.14286,1,1
24.08.2021 00:15:47.098,15.156770000000002,15.14286,1,1
24.08.2021 00:15:52.450,15.156770000000002,15.14216,1,1
24.08.2021 00:15:53.449,15.156770000000002,15.14216,1,1
24.08.2021 00:16:08.435,15.156770000000002,15.142210000000002,1,1
24.08.2021 00:16:09.796,15.156770000000002,15.142260000000002,1,1
24.08.2021 00:16:10.005,15.156460000000001,15.142260000000002,1,1
24.08.2021 00:16:15.598,15.156470000000002,15.142260000000002,1,1
24.08.2021 00:16:22.404,15.156470000000002,15.14243,1,1
24.08.2021 00:16:23.034,15.1567,15.142460000000002,1,1
24.08.2021 00:16:38.552,15.156670000000002,15.14216,1,1
24.08.2021 00:16:50.407,15.156670000000002,15.14233,1,1
24.08.2021 00:16:50.457,15.156570000000002,15.142560000000001,1,1
24.08.2021 00:16:57.120,15.156570000000002,15.142560000000001,1.5,1
24.08.2021 00:16:57.281,15.156570000000002,15.142560000000001,1.5,1
24.08.2021 00:17:04.013,15.156570000000002,15.142560000000001,1.12,1
24.08.2021 00:17:04.213,15.156570000000002,15.142560000000001,1.5,1
24.08.2021 00:17:06.414,15.156570000000002,15.142460000000002,1.12,1
24.08.2021 00:17:06.465,15.156570000000002,15.142460000000002,1.12,1
24.08.2021 00:17:11.183,15.15658,15.14235,1.62,1
24.08.2021 00:17:11.233,15.156570000000002,15.142360000000002,1.12,1
24.08.2021 00:17:11.333,15.156570000000002,15.142360000000002,1.5,1
24.08.2021 00:17:21.264,15.156570000000002,15.142360000000002,1.12,1
24.08.2021 00:17:21.435,15.156570000000002,15.142360000000002,1.5,1
24.08.2021 00:17:23.265,15.15669,15.14206,1,1
24.08.2021 00:17:23.426,15.15669,15.14206,1,1
24.08.2021 00:17:23.828,15.15669,15.14206,1,1
24.08.2021 00:17:33.263,15.15669,15.142210000000002,1,1
24.08.2021 00:17:33.313,15.156470000000002,15.142460000000002,1,1
24.08.2021 00:17:38.579,15.156470000000002,15.142360000000002,1,1
24.08.2021 00:18:08.455,15.156460000000001,15.142529999999999,1,1
24.08.2021 00:18:08.612,15.156570000000002,15.142560000000001,1.5,1
24.08.2021 00:18:09.098,15.156570000000002,15.142560000000001,1.12,1
24.08.2021 00:18:19.259,15.156570000000002,15.142460000000002,1.12,1
24.08.2021 00:18:21.402,15.156570000000002,15.142460000000002,1.62,1
24.08.2021 00:18:21.503,15.156570000000002,15.142460000000002,1.12,1
24.08.2021 00:18:23.185,15.156570000000002,15.142460000000002,1.5,1
24.08.2021 00:18:26.744,15.156570000000002,15.142529999999999,1.5,1
24.08.2021 00:18:27.133,15.156570000000002,15.142560000000001,1.5,1
24.08.2021 00:18:34.077,15.156570000000002,15.142629999999999,1.5,1
24.08.2021 00:18:35.299,15.15658,15.142650000000001,1.5,1
24.08.2021 00:18:37.120,15.156570000000002,15.142660000000001,1.5,1
24.08.2021 00:18:37.272,15.15658,15.142460000000002,1.5,1
24.08.2021 00:18:37.372,15.15658,15.142460000000002,1.5,1
24.08.2021 00:18:37.525,15.15658,15.142460000000002,1.5,1
24.08.2021 00:18:37.639,15.156570000000002,15.142460000000002,1.5,1
24.08.2021 00:19:08.464,15.15658,15.14305,1,1
24.08.2021 00:19:08.515,15.156670000000002,15.143060000000002,1,1
24.08.2021 00:19:08.589,15.156670000000002,15.143060000000002,1,1
24.08.2021 00:19:08.641,15.156470000000002,15.143060000000002,1,1
24.08.2021 00:19:19.422,15.156470000000002,15.143120000000001,1,1
24.08.2021 00:19:20.390,15.15648,15.14315,1,1
24.08.2021 00:19:38.565,15.156470000000002,15.143160000000002,1,1
24.08.2021 00:20:00.472,15.15658,15.14296,1.5,1
24.08.2021 00:20:08.536,15.156570000000002,15.14296,1.5,1
24.08.2021 00:20:22.593,15.156570000000002,15.14296,1.5,1
24.08.2021 00:20:22.750,15.156570000000002,15.14296,1.5,1
24.08.2021 00:20:28.856,15.156570000000002,15.14296,1.5,1
24.08.2021 00:20:29.545,15.156570000000002,15.14296,1.5,1
24.08.2021 00:20:29.747,15.156570000000002,15.14296,1.5,1
24.08.2021 00:20:30.418,15.156570000000002,15.14303,1.5,1
24.08.2021 00:20:30.519,15.15648,15.14305,1,1
24.08.2021 00:20:38.209,15.156470000000002,15.143060000000002,1,1
24.08.2021 00:20:38.259,15.156470000000002,15.143060000000002,1,1
24.08.2021 00:20:38.555,15.156470000000002,15.14296,1,1
24.08.2021 00:21:08.467,15.156470000000002,15.143060000000002,1,1
24.08.2021 00:21:08.549,15.156460000000001,15.14303,1,1
24.08.2021 00:21:29.429,15.156460000000001,15.14303,1,1
24.08.2021 00:21:38.437,15.156570000000002,15.14276,1.5,1
24.08.2021 00:21:38.607,15.156570000000002,15.14276,1.5,1
24.08.2021 00:21:55.420,15.156570000000002,15.142920000000002,1.5,1
24.08.2021 00:21:55.471,15.156570000000002,15.14296,1.5,1
24.08.2021 00:21:55.521,15.15656,15.14296,1,1
24.08.2021 00:21:55.572,15.15658,15.14243,1.5,1
24.08.2021 00:21:55.710,15.15658,15.14243,1.5,1
24.08.2021 00:21:56.081,15.15658,15.14243,1.5,1
24.08.2021 00:22:08.433,15.15658,15.142260000000002,1.5,1
24.08.2021 00:22:08.601,15.156570000000002,15.142210000000002,1.5,1
24.08.2021 00:22:10.598,15.15658,15.1422,1.12,1
24.08.2021 00:22:18.547,15.156570000000002,15.14206,1.12,1
24.08.2021 00:22:18.644,15.156570000000002,15.14206,1.12,1
24.08.2021 00:22:24.187,15.156570000000002,15.14206,1.62,1
24.08.2021 00:22:25.099,15.15658,15.142050000000001,1.5,1
24.08.2021 00:22:28.641,15.156570000000002,15.14211,1.5,1
24.08.2021 00:22:35.658,15.156570000000002,15.142260000000002,1.5,1
24.08.2021 00:22:49.474,15.156460000000001,15.142360000000002,1,1
24.08.2021 00:23:00.599,15.156570000000002,15.142360000000002,1,1
24.08.2021 00:23:17.472,15.156460000000001,15.142529999999999,1,1
24.08.2021 00:23:17.873,15.156570000000002,15.142560000000001,1.5,1
24.08.2021 00:23:17.958,15.156570000000002,15.142560000000001,1.12,1
24.08.2021 00:23:23.456,15.156570000000002,15.142629999999999,1.12,1
24.08.2021 00:23:23.557,15.156570000000002,15.143160000000002,1.5,1
24.08.2021 00:23:23.682,15.156570000000002,15.143160000000002,1,1
24.08.2021 00:23:23.885,15.15658,15.14315,1.5,1
24.08.2021 00:23:34.479,15.15669,15.14286,1,1
24.08.2021 00:23:35.616,15.156570000000002,15.14286,1.5,1
24.08.2021 00:23:38.574,15.156570000000002,15.142560000000001,1,1
24.08.2021 00:23:41.528,15.15658,15.14255,1.5,1
24.08.2021 00:23:41.629,15.156570000000002,15.142560000000001,1.5,1
24.08.2021 00:23:41.781,15.156570000000002,15.142560000000001,1,1
24.08.2021 00:23:49.479,15.156570000000002,15.142360000000002,1,1
24.08.2021 00:23:58.637,15.156570000000002,15.14215,1,1
24.08.2021 00:23:59.228,15.15656,15.14216,1,1
24.08.2021 00:23:59.865,15.15656,15.14216,1,1
24.08.2021 00:24:00.268,15.15656,15.14216,1,1
24.08.2021 00:24:00.469,15.15658,15.14216,1.5,1
24.08.2021 00:24:00.625,15.15659,15.14215,1.5,1
24.08.2021 00:24:00.826,15.15658,15.14216,1.5,1
24.08.2021 00:24:01.078,15.15658,15.14216,1.5,1
24.08.2021 00:24:01.279,15.15658,15.14216,1.5,1
24.08.2021 00:24:01.480,15.15658,15.14216,1.5,1
24.08.2021 00:24:01.682,15.15656,15.14216,1,1
24.08.2021 00:24:01.883,15.15658,15.14216,1.5,1
24.08.2021 00:24:02.087,15.15656,15.14216,1,1
24.08.2021 00:24:02.289,15.15656,15.14216,1,1
24.08.2021 00:24:02.451,15.15656,15.14216,1,1
24.08.2021 00:24:08.590,15.15656,15.14206,1,1
24.08.2021 00:24:09.290,15.156570000000002,15.14206,1.5,1
24.08.2021 00:24:10.452,15.156570000000002,15.14206,1.5,1
24.08.2021 00:24:10.705,15.156570000000002,15.14206,1.5,1
24.08.2021 00:24:10.856,15.15658,15.142050000000001,1.5,1
24.08.2021 00:24:11.058,15.15656,15.14206,1,1
24.08.2021 00:24:11.713,15.156570000000002,15.14206,1.5,1
24.08.2021 00:24:11.914,15.156570000000002,15.14206,1.5,1
24.08.2021 00:24:12.279,15.156570000000002,15.14206,1.5,1
24.08.2021 00:24:12.531,15.156570000000002,15.14206,1.5,1
24.08.2021 00:24:12.682,15.156570000000002,15.14206,1.5,1
24.08.2021 00:24:12.884,15.156570000000002,15.14206,1.5,1
24.08.2021 00:24:13.337,15.156570000000002,15.14206,1.5,1
24.08.2021 00:24:13.501,15.156570000000002,15.14206,1.5,1
24.08.2021 00:24:15.711,15.156570000000002,15.142120000000002,1.5,1
24.08.2021 00:24:15.858,15.156570000000002,15.142120000000002,1.5,1
24.08.2021 00:24:15.959,15.156570000000002,15.142360000000002,1.5,1
24.08.2021 00:24:16.417,15.15656,15.142360000000002,1,1
24.08.2021 00:24:16.846,15.15656,15.142360000000002,1,1
24.08.2021 00:24:17.681,15.156570000000002,15.14235,1,1
24.08.2021 00:24:17.842,15.15656,15.142360000000002,1,1
24.08.2021 00:24:18.674,15.15656,15.142360000000002,1,1
24.08.2021 00:24:18.876,15.15656,15.142360000000002,1,1
24.08.2021 00:24:25.960,15.15656,15.142360000000002,1,1
24.08.2021 00:24:26.161,15.15656,15.142360000000002,1,1
24.08.2021 00:24:26.341,15.156570000000002,15.14235,1,1
24.08.2021 00:24:32.280,15.15658,15.14235,1.5,1
24.08.2021 00:24:32.489,15.156570000000002,15.142360000000002,1.5,1
24.08.2021 00:24:32.741,15.156570000000002,15.14206,1.5,1
24.08.2021 00:24:32.848,15.156570000000002,15.14206,1.5,1
24.08.2021 00:24:33.100,15.15656,15.14206,1,1
24.08.2021 00:24:33.301,15.156570000000002,15.14206,1.5,1
24.08.2021 00:24:40.494,15.15658,15.142050000000001,1.5,1
24.08.2021 00:24:40.696,15.156570000000002,15.142050000000001,1,1
24.08.2021 00:24:42.236,15.15656,15.142120000000002,1,1
24.08.2021 00:24:42.337,15.15656,15.142360000000002,1,1
24.08.2021 00:24:47.477,15.15656,15.142360000000002,1,1
24.08.2021 00:24:53.141,15.15656,15.142360000000002,1,1
24.08.2021 00:24:53.311,15.156570000000002,15.142360000000002,1.5,1
24.08.2021 00:24:53.484,15.156460000000001,15.14243,1.5,1
24.08.2021 00:24:53.939,15.156460000000001,15.142560000000001,1.5,1
24.08.2021 00:24:54.140,15.156470000000002,15.14255,1.5,1
24.08.2021 00:25:01.099,15.156460000000001,15.142560000000001,1.5,1
24.08.2021 00:25:01.598,15.156260000000001,15.142560000000001,1,1
24.08.2021 00:25:01.944,15.156570000000002,15.14206,1.5,1
24.08.2021 00:25:02.145,15.156570000000002,15.14206,1.5,1
24.08.2021 00:25:02.346,15.156570000000002,15.14206,1.5,1
24.08.2021 00:25:02.777,15.15656,15.14206,1,1
24.08.2021 00:25:08.577,15.15656,15.14206,1,1
24.08.2021 00:25:22.433,15.15656,15.142220000000002,1,1
24.08.2021 00:25:22.534,15.156460000000001,15.142460000000002,1,1
24.08.2021 00:25:22.886,15.156460000000001,15.142460000000002,1,1
24.08.2021 00:25:23.088,15.156460000000001,15.142460000000002,1,1
24.08.2021 00:25:23.290,15.156460000000001,15.142460000000002,1,1
24.08.2021 00:25:23.390,15.156470000000002,15.14245,1,1
24.08.2021 00:25:23.557,15.156460000000001,15.142460000000002,1,1
24.08.2021 00:25:33.737,15.156460000000001,15.142460000000002,1,1
24.08.2021 00:25:34.091,15.156460000000001,15.142460000000002,1,1
24.08.2021 00:25:38.563,15.156570000000002,15.142360000000002,1,1
24.08.2021 00:25:38.614,15.15658,15.14235,1,1
24.08.2021 00:25:39.781,15.156460000000001,15.142360000000002,1,1
24.08.2021 00:25:39.941,15.156460000000001,15.142360000000002,1,1
24.08.2021 00:25:40.148,15.156470000000002,15.14235,1,1
24.08.2021 00:25:56.405,15.156460000000001,15.142360000000002,1,1
24.08.2021 00:25:56.557,15.156570000000002,15.142360000000002,1,1
24.08.2021 00:25:56.758,15.156470000000002,15.14235,1,1
24.08.2021 00:25:59.439,15.156460000000001,15.14243,1,1
24.08.2021 00:25:59.540,15.156570000000002,15.142560000000001,1.5,1
24.08.2021 00:25:59.661,15.156570000000002,15.142560000000001,1.12,1
24.08.2021 00:26:05.527,15.156570000000002,15.142560000000001,1.62,1
24.08.2021 00:26:05.578,15.156570000000002,15.142560000000001,1.12,1
24.08.2021 00:26:05.813,15.156570000000002,15.142560000000001,1.5,1
24.08.2021 00:26:07.401,15.156570000000002,15.142560000000001,1.12,1
24.08.2021 00:26:08.548,15.156570000000002,15.142260000000002,1.12,1
24.08.2021 00:26:17.747,15.156570000000002,15.142260000000002,1.62,1
24.08.2021 00:26:17.960,15.156570000000002,15.142260000000002,1.5,1
24.08.2021 00:26:18.160,15.156570000000002,15.142260000000002,1.12,1
24.08.2021 00:26:20.352,15.156570000000002,15.14233,1.12,1
24.08.2021 00:26:20.894,15.156470000000002,15.142460000000002,1.5,1
24.08.2021 00:26:20.945,15.156570000000002,15.142460000000002,1,1
24.08.2021 00:26:21.132,15.156470000000002,15.142460000000002,1,1
24.08.2021 00:26:28.508,15.156179999999999,15.14245,1,1
24.08.2021 00:26:28.558,15.156470000000002,15.142460000000002,1,1
24.08.2021 00:26:28.609,15.156570000000002,15.142460000000002,1,1
24.08.2021 00:26:28.787,15.156470000000002,15.142460000000002,1,1
24.08.2021 00:26:31.446,15.156470000000002,15.142620000000003,1,1
24.08.2021 00:26:31.496,15.15648,15.142610000000001,1,1
24.08.2021 00:26:31.547,15.156470000000002,15.14276,1,1
24.08.2021 00:26:34.206,15.156470000000002,15.142660000000001,1,1
24.08.2021 00:26:38.527,15.156470000000002,15.142360000000002,1,1
24.08.2021 00:26:56.755,15.156460000000001,15.142360000000002,1,1
24.08.2021 00:27:03.598,15.156460000000001,15.142360000000002,1,1
24.08.2021 00:27:03.730,15.156570000000002,15.142360000000002,1,1
24.08.2021 00:27:08.551,15.15656,15.142260000000002,1,1
24.08.2021 00:27:08.652,15.156460000000001,15.142260000000002,1,1
24.08.2021 00:27:08.807,15.156460000000001,15.142260000000002,1,1
24.08.2021 00:27:09.870,15.156460000000001,15.142260000000002,1,1
24.08.2021 00:27:17.250,15.156460000000001,15.142260000000002,1,1
24.08.2021 00:27:17.451,15.156460000000001,15.142260000000002,1,1
24.08.2021 00:27:24.536,15.156460000000001,15.142260000000002,1,1
24.08.2021 00:27:24.788,15.156460000000001,15.142260000000002,1,1
24.08.2021 00:27:24.989,15.156460000000001,15.142260000000002,1,1
24.08.2021 00:27:25.141,15.156460000000001,15.142260000000002,1,1
24.08.2021 00:27:25.342,15.156260000000001,15.142260000000002,1,1
24.08.2021 00:27:26.743,15.156470000000002,15.14225,1,1
24.08.2021 00:27:27.447,15.156460000000001,15.14233,1,1
24.08.2021 00:27:27.548,15.156470000000002,15.142460000000002,1,1
24.08.2021 00:27:28.910,15.156470000000002,15.142460000000002,1,1
24.08.2021 00:27:29.112,15.156470000000002,15.142460000000002,1,1
24.08.2021 00:27:29.466,15.156470000000002,15.142460000000002,1,1
24.08.2021 00:27:36.306,15.156470000000002,15.142460000000002,1,1
24.08.2021 00:27:36.508,15.156470000000002,15.142460000000002,1,1
24.08.2021 00:27:37.645,15.156470000000002,15.142460000000002,1,1
24.08.2021 00:27:38.604,15.156460000000001,15.142260000000002,1,1
24.08.2021 00:27:39.398,15.156470000000002,15.142260000000002,1,1
24.08.2021 00:27:51.420,15.156460000000001,15.142260000000002,1,1
24.08.2021 00:27:51.470,15.156470000000002,15.142260000000002,1,1
24.08.2021 00:27:51.672,15.156460000000001,15.142260000000002,1,1
24.08.2021 00:27:59.490,15.156460000000001,15.142560000000001,1,1
24.08.2021 00:27:59.692,15.156460000000001,15.142560000000001,1,1
24.08.2021 00:27:59.857,15.156470000000002,15.142560000000001,1,1
24.08.2021 00:28:00.090,15.156460000000001,15.142560000000001,1,1
24.08.2021 00:28:00.261,15.156460000000001,15.142560000000001,1,1
24.08.2021 00:28:08.550,15.156460000000001,15.142360000000002,1,1
24.08.2021 00:28:08.651,15.156460000000001,15.142360000000002,1,1
24.08.2021 00:28:08.852,15.156470000000002,15.142360000000002,1,1
24.08.2021 00:28:19.584,15.156460000000001,15.142360000000002,1,1
24.08.2021 00:28:27.675,15.156460000000001,15.142360000000002,1,1
24.08.2021 00:28:27.879,15.156460000000001,15.142360000000002,1,1
24.08.2021 00:28:28.252,15.156570000000002,15.142360000000002,1,1
24.08.2021 00:28:38.579,15.15658,15.14245,1,1
24.08.2021 00:28:38.680,15.156460000000001,15.142460000000002,1,1
24.08.2021 00:28:50.328,15.15666,15.142560000000001,1,1
24.08.2021 00:28:52.659,15.15658,15.142560000000001,1.5,1
24.08.2021 00:28:52.843,15.15658,15.142560000000001,1.5,1
24.08.2021 00:28:59.527,15.156060000000002,15.142560000000001,1,1
24.08.2021 00:28:59.905,15.15658,15.142560000000001,1.5,1
24.08.2021 00:29:00.087,15.15658,15.142560000000001,1.5,1
24.08.2021 00:29:00.525,15.15656,15.142560000000001,1,1
24.08.2021 00:29:00.626,15.15656,15.142560000000001,1,1
24.08.2021 00:29:01.834,15.15658,15.142560000000001,1.5,1
24.08.2021 00:29:02.477,15.15658,15.142560000000001,1.5,1
24.08.2021 00:29:04.303,15.15658,15.142560000000001,1.5,1
24.08.2021 00:29:08.633,15.156570000000002,15.142460000000002,1.5,1
24.08.2021 00:29:08.683,15.156570000000002,15.142460000000002,1.5,1
24.08.2021 00:29:09.567,15.156570000000002,15.142460000000002,1.12,1
24.08.2021 00:29:17.264,15.156570000000002,15.142460000000002,1.5,1
24.08.2021 00:29:24.160,15.156570000000002,15.142460000000002,1.12,1
24.08.2021 00:29:24.345,15.156570000000002,15.142460000000002,1.5,1
24.08.2021 00:29:30.303,15.156570000000002,15.142560000000001,1.5,1
24.08.2021 00:29:30.354,15.15658,15.142560000000001,1.5,1
24.08.2021 00:29:30.505,15.15658,15.142560000000001,1.5,1
24.08.2021 00:29:37.611,15.15658,15.142560000000001,1.5,1
24.08.2021 00:29:37.764,15.15658,15.142560000000001,1.5,1
24.08.2021 00:29:38.551,15.156570000000002,15.142260000000002,1.5,1
24.08.2021 00:29:42.339,15.156570000000002,15.142260000000002,1.5,1
24.08.2021 00:29:42.542,15.156570000000002,15.142260000000002,1,1
24.08.2021 00:29:45.055,15.156570000000002,15.142260000000002,1.5,1
24.08.2021 00:29:45.106,15.156570000000002,15.142260000000002,1.12,1
24.08.2021 00:29:45.265,15.156570000000002,15.142260000000002,1.5,1
24.08.2021 00:29:49.547,15.156570000000002,15.142260000000002,1.5,1
24.08.2021 00:29:50.326,15.15658,15.14235,1.5,1
24.08.2021 00:29:50.377,15.156570000000002,15.142360000000002,1.5,1
24.08.2021 00:29:51.470,15.156570000000002,15.142360000000002,1.5,1
24.08.2021 00:29:54.887,15.156570000000002,15.142360000000002,1.5,1
24.08.2021 00:29:55.089,15.156570000000002,15.142360000000002,1.5,1
24.08.2021 00:30:00.857,15.156570000000002,15.142529999999999,1.5,1
24.08.2021 00:30:01.015,15.15658,15.142560000000001,1.5,1
24.08.2021 00:30:01.805,15.15658,15.142560000000001,1.5,1
24.08.2021 00:30:01.856,15.15658,15.142560000000001,1.5,1
24.08.2021 00:30:02.359,15.15658,15.142560000000001,1.5,1
24.08.2021 00:30:09.657,15.15658,15.142460000000002,1.5,1
24.08.2021 00:30:10.110,15.15658,15.142460000000002,1.5,1
24.08.2021 00:30:11.116,15.15658,15.142460000000002,1.5,1
24.08.2021 00:30:11.318,15.15658,15.142460000000002,1.5,1
24.08.2021 00:30:11.680,15.15659,15.14245,1.5,1
24.08.2021 00:30:21.497,15.156570000000002,15.142460000000002,1.5,1
24.08.2021 00:30:21.648,15.15658,15.14245,1.12,1
24.08.2021 00:30:21.820,15.156570000000002,15.142460000000002,1.5,1
24.08.2021 00:30:23.417,15.156570000000002,15.142460000000002,1.12,1
24.08.2021 00:30:24.114,15.156570000000002,15.142460000000002,1.5,1
24.08.2021 00:30:31.145,15.156570000000002,15.142460000000002,1.12,1
24.08.2021 00:30:31.347,15.156570000000002,15.142460000000002,1.5,1
24.08.2021 00:30:31.547,15.156570000000002,15.142460000000002,1.5,1
24.08.2021 00:30:31.749,15.156570000000002,15.142460000000002,1.5,1
24.08.2021 00:30:32.352,15.156570000000002,15.142460000000002,1.12,1
24.08.2021 00:30:38.557,15.15658,15.142460000000002,1.5,1
24.08.2021 00:30:39.182,15.15659,15.14245,1.5,1
24.08.2021 00:30:39.384,15.15658,15.142460000000002,1.5,1
24.08.2021 00:30:39.540,15.15658,15.142460000000002,1,1
24.08.2021 00:30:42.008,15.15659,15.14245,1.5,1
24.08.2021 00:30:42.059,15.15658,15.142460000000002,1.5,1
24.08.2021 00:30:42.260,15.15658,15.142460000000002,1,1
24.08.2021 00:30:49.367,15.15659,15.14245,1.5,1
24.08.2021 00:30:50.413,15.15658,15.142460000000002,1.5,1
24.08.2021 00:30:50.816,15.15658,15.142460000000002,1.5,1
24.08.2021 00:30:51.018,15.15658,15.142460000000002,1.5,1
24.08.2021 00:30:52.024,15.15658,15.142460000000002,1.5,1
24.08.2021 00:30:52.226,15.15658,15.142460000000002,1.5,1
24.08.2021 00:30:52.628,15.15658,15.142460000000002,1.5,1
24.08.2021 00:30:52.830,15.15658,15.142460000000002,1.5,1
24.08.2021 00:30:55.446,15.15658,15.142629999999999,1.5,1
24.08.2021 00:30:55.662,15.156570000000002,15.14276,1.5,1
24.08.2021 00:30:56.061,15.15658,15.142320000000002,1.5,1
24.08.2021 00:30:56.620,15.15658,15.142320000000002,1.5,1
24.08.2021 00:31:03.136,15.15659,15.142310000000002,1.5,1
24.08.2021 00:31:03.338,15.15658,15.142320000000002,1.5,1
24.08.2021 00:31:03.754,15.15658,15.142320000000002,1.5,1
24.08.2021 00:31:03.805,15.15658,15.142320000000002,1.5,1
24.08.2021 00:31:04.006,15.15658,15.142320000000002,1.5,1
24.08.2021 00:31:06.600,15.15659,15.142310000000002,1.5,1
24.08.2021 00:31:06.784,15.15658,15.142320000000002,1.5,1
24.08.2021 00:31:08.433,15.15658,15.142320000000002,1.5,1
24.08.2021 00:31:08.548,15.156570000000002,15.142460000000002,1.5,1
24.08.2021 00:31:08.750,15.15658,15.14245,1.5,1
24.08.2021 00:31:08.944,15.156570000000002,15.142460000000002,1.5,1
24.08.2021 00:31:17.614,15.156570000000002,15.142460000000002,1.5,1
24.08.2021 00:31:24.775,15.156570000000002,15.142460000000002,1.5,1
24.08.2021 00:31:25.667,15.156570000000002,15.142460000000002,1.5,1
24.08.2021 00:31:25.868,15.156570000000002,15.142460000000002,1.5,1
24.08.2021 00:31:26.070,15.156570000000002,15.142460000000002,1.5,1
24.08.2021 00:31:26.472,15.156570000000002,15.142460000000002,1.5,1
24.08.2021 00:31:26.674,15.156570000000002,15.142460000000002,1.5,1
24.08.2021 00:31:28.495,15.156570000000002,15.142460000000002,1.12,1
24.08.2021 00:31:28.595,15.15658,15.14245,1.5,1
24.08.2021 00:31:29.571,15.156570000000002,15.142460000000002,1.5,1
24.08.2021 00:31:29.773,15.156570000000002,15.142460000000002,1.5,1
24.08.2021 00:31:30.578,15.156570000000002,15.142460000000002,1.5,1
24.08.2021 00:31:30.769,15.156570000000002,15.142460000000002,1.5,1
24.08.2021 00:31:37.498,15.156460000000001,15.142460000000002,1,1
24.08.2021 00:31:38.589,15.156460000000001,15.142360000000002,1,1
24.08.2021 00:31:38.640,15.156460000000001,15.142360000000002,1,1
24.08.2021 00:31:38.762,15.156460000000001,15.142360000000002,1,1
24.08.2021 00:31:46.589,15.156460000000001,15.142360000000002,1,1
24.08.2021 00:31:46.798,15.156460000000001,15.142360000000002,1,1
24.08.2021 00:31:46.999,15.156460000000001,15.142360000000002,1,1
24.08.2021 00:31:47.200,15.156460000000001,15.142360000000002,1,1
24.08.2021 00:31:54.405,15.156460000000001,15.142360000000002,1,1
24.08.2021 00:31:54.607,15.156460000000001,15.142360000000002,1,1
24.08.2021 00:31:55.369,15.156570000000002,15.142360000000002,1,1
24.08.2021 00:31:55.575,15.156460000000001,15.142360000000002,1,1
24.08.2021 00:32:00.234,15.156460000000001,15.142460000000002,1,1
24.08.2021 00:32:00.441,15.156570000000002,15.142460000000002,1,1
24.08.2021 00:32:31.504,15.156460000000001,15.142560000000001,1,1
24.08.2021 00:32:31.677,15.156470000000002,15.14255,1,1
24.08.2021 00:32:38.582,15.156460000000001,15.142460000000002,1,1
24.08.2021 00:32:44.161,15.156460000000001,15.142460000000002,1,1
24.08.2021 00:32:44.320,15.156460000000001,15.142460000000002,1,1
24.08.2021 00:32:51.367,15.156460000000001,15.142460000000002,1,1
24.08.2021 00:32:51.518,15.156460000000001,15.142460000000002,1,1
24.08.2021 00:32:58.889,15.156470000000002,15.14245,1,1
24.08.2021 00:33:08.432,15.156460000000001,15.142529999999999,1,1
24.08.2021 00:33:08.557,15.156460000000001,15.142660000000001,1,1
24.08.2021 00:33:15.310,15.156460000000001,15.142660000000001,1,1
24.08.2021 00:33:15.468,15.156460000000001,15.142660000000001,1,1
24.08.2021 00:33:17.267,15.156460000000001,15.142660000000001,1,1
24.08.2021 00:33:18.026,15.156460000000001,15.142660000000001,1,1
24.08.2021 00:33:18.228,15.156460000000001,15.142660000000001,1,1
24.08.2021 00:33:18.680,15.156460000000001,15.142660000000001,1,1
24.08.2021 00:33:18.869,15.156470000000002,15.142650000000001,1,1
24.08.2021 00:33:26.942,15.156460000000001,15.142660000000001,1,1
24.08.2021 00:33:27.143,15.156460000000001,15.142660000000001,1,1
24.08.2021 00:33:37.501,15.156470000000002,15.142660000000001,1,1
24.08.2021 00:33:38.567,15.156460000000001,15.142360000000002,1,1
24.08.2021 00:33:38.651,15.15658,15.14235,1,1
24.08.2021 00:33:45.879,15.156460000000001,15.142360000000002,1,1
24.08.2021 00:33:52.869,15.156570000000002,15.142360000000002,1,1
24.08.2021 00:33:53.070,15.156460000000001,15.142360000000002,1,1
24.08.2021 00:33:53.235,15.156570000000002,15.142360000000002,1,1
24.08.2021 00:33:57.461,15.156570000000002,15.142520000000001,1,1
24.08.2021 00:33:57.562,15.156570000000002,15.142560000000001,1,1
24.08.2021 00:33:57.675,15.156460000000001,15.142560000000001,1,1
24.08.2021 00:33:58.044,15.156670000000002,15.142560000000001,1,1
24.08.2021 00:33:58.351,15.156460000000001,15.142560000000001,1,1
24.08.2021 00:33:58.452,15.156470000000002,15.142560000000001,1,1
24.08.2021 00:33:58.553,15.156460000000001,15.142529999999999,1,1
24.08.2021 00:33:58.704,15.156460000000001,15.142529999999999,1,1
24.08.2021 00:33:59.726,15.156460000000001,15.142529999999999,1,1
24.08.2021 00:33:59.928,15.156460000000001,15.142529999999999,1,1
24.08.2021 00:34:07.797,15.156570000000002,15.142529999999999,1,1
24.08.2021 00:34:07.998,15.156460000000001,15.142529999999999,1,1
24.08.2021 00:34:08.434,15.156460000000001,15.142360000000002,1,1
24.08.2021 00:34:08.485,15.156460000000001,15.142360000000002,1,1
24.08.2021 00:34:08.586,15.156570000000002,15.142360000000002,1,1
24.08.2021 00:34:08.691,15.156570000000002,15.142360000000002,1,1
24.08.2021 00:34:09.101,15.156570000000002,15.142360000000002,1,1
24.08.2021 00:34:09.483,15.156570000000002,15.142360000000002,1,1
24.08.2021 00:34:24.850,15.156570000000002,15.142360000000002,1,1
24.08.2021 00:34:25.006,15.156570000000002,15.142360000000002,1,1
24.08.2021 00:34:30.050,15.156570000000002,15.142360000000002,1,1
24.08.2021 00:34:35.524,15.156570000000002,15.142660000000001,1,1
24.08.2021 00:34:35.725,15.156460000000001,15.142660000000001,1,1
24.08.2021 00:34:36.933,15.156570000000002,15.142660000000001,1,1
24.08.2021 00:34:37.134,15.156460000000001,15.142660000000001,1,1
24.08.2021 00:34:38.645,15.156470000000002,15.14255,1,1
24.08.2021 00:34:41.140,15.156570000000002,15.142560000000001,1,1
24.08.2021 00:34:41.342,15.156470000000002,15.14255,1,1
24.08.2021 00:34:42.349,15.156670000000002,15.142560000000001,1,1
24.08.2021 00:34:42.551,15.156460000000001,15.142560000000001,1,1
24.08.2021 00:34:43.357,15.156570000000002,15.142560000000001,1,1
24.08.2021 00:34:43.559,15.156460000000001,15.142560000000001,1,1
24.08.2021 00:34:44.102,15.156570000000002,15.142560000000001,1,1
24.08.2021 00:34:44.303,15.156460000000001,15.142560000000001,1,1
24.08.2021 00:34:44.505,15.156570000000002,15.142560000000001,1,1
24.08.2021 00:34:44.707,15.156460000000001,15.142560000000001,1,1
24.08.2021 00:34:51.317,15.156570000000002,15.142560000000001,1,1
24.08.2021 00:34:51.519,15.156460000000001,15.142560000000001,1,1
24.08.2021 00:34:52.582,15.156570000000002,15.142560000000001,1,1
24.08.2021 00:34:59.562,15.156460000000001,15.142660000000001,1,1
24.08.2021 00:35:00.535,15.156670000000002,15.142660000000001,1,1
24.08.2021 00:35:00.736,15.156460000000001,15.142660000000001,1,1
24.08.2021 00:35:01.542,15.156670000000002,15.142660000000001,1,1
24.08.2021 00:35:06.726,15.156460000000001,15.142660000000001,1,1
24.08.2021 00:35:06.888,15.156570000000002,15.142660000000001,1,1
24.08.2021 00:35:08.604,15.156570000000002,15.142460000000002,1,1
24.08.2021 00:35:08.755,15.156460000000001,15.142460000000002,1,1
24.08.2021 00:35:08.915,15.156570000000002,15.142460000000002,1,1
24.08.2021 00:35:09.167,15.156460000000001,15.142460000000002,1,1
24.08.2021 00:35:20.110,15.15669,15.142460000000002,1,1
24.08.2021 00:35:20.161,15.15648,15.142420000000001,1,1
24.08.2021 00:35:20.545,15.156460000000001,15.14243,1,1
24.08.2021 00:35:21.728,15.156570000000002,15.14243,1,1
24.08.2021 00:35:26.311,15.156460000000001,15.14243,1,1
24.08.2021 00:35:26.530,15.156470000000002,15.142420000000001,1,1
24.08.2021 00:35:26.932,15.156460000000001,15.14243,1,1
24.08.2021 00:35:27.738,15.156460000000001,15.14243,1,1
24.08.2021 00:35:27.937,15.156460000000001,15.14243,1,1
24.08.2021 00:35:28.324,15.156460000000001,15.14243,1,1
24.08.2021 00:35:38.435,15.156460000000001,15.142360000000002,1,1
24.08.2021 00:35:40.509,15.156460000000001,15.142360000000002,1,1
24.08.2021 00:35:43.028,15.156460000000001,15.142360000000002,1,1
24.08.2021 00:35:43.182,15.156460000000001,15.142360000000002,1,1
24.08.2021 00:35:50.271,15.156460000000001,15.142360000000002,1,1
24.08.2021 00:35:50.631,15.156460000000001,15.142360000000002,1,1
24.08.2021 00:35:50.832,15.156460000000001,15.142360000000002,1,1
24.08.2021 00:35:51.034,15.156460000000001,15.142360000000002,1,1
24.08.2021 00:35:51.487,15.156460000000001,15.14243,1,1
24.08.2021 00:35:51.638,15.15668,15.14255,1,1
24.08.2021 00:35:51.839,15.156460000000001,15.142560000000001,1,1
24.08.2021 00:35:52.443,15.156570000000002,15.142560000000001,1,1
24.08.2021 00:35:52.645,15.156460000000001,15.142560000000001,1,1
24.08.2021 00:35:52.897,15.156570000000002,15.142560000000001,1,1
24.08.2021 00:35:53.098,15.156470000000002,15.14255,1,1
24.08.2021 00:35:53.251,15.156570000000002,15.142560000000001,1,1
24.08.2021 00:35:53.453,15.156460000000001,15.142560000000001,1,1
24.08.2021 00:35:53.755,15.156570000000002,15.142560000000001,1,1
24.08.2021 00:35:53.957,15.156460000000001,15.142560000000001,1,1
24.08.2021 00:36:01.653,15.156460000000001,15.142560000000001,1,1
24.08.2021 00:36:01.813,15.156460000000001,15.142560000000001,1,1
24.08.2021 00:36:01.863,15.156470000000002,15.142620000000003,1,1
24.08.2021 00:36:01.914,15.156460000000001,15.142360000000002,1,1
24.08.2021 00:36:02.014,15.156460000000001,15.142360000000002,1,1
24.08.2021 00:36:02.215,15.156470000000002,15.142360000000002,1,1
24.08.2021 00:36:05.921,15.156460000000001,15.142360000000002,1,1
24.08.2021 00:36:06.527,15.156470000000002,15.142360000000002,1,1
24.08.2021 00:36:08.433,15.156470000000002,15.142529999999999,1,1
24.08.2021 00:36:08.568,15.156570000000002,15.142560000000001,1,1
24.08.2021 00:36:10.451,15.156460000000001,15.142560000000001,1,1
24.08.2021 00:36:18.098,15.156460000000001,15.142560000000001,1,1
24.08.2021 00:36:18.286,15.156460000000001,15.142560000000001,1,1
24.08.2021 00:36:18.625,15.156670000000002,15.142560000000001,1,1
24.08.2021 00:36:20.007,15.156460000000001,15.142560000000001,1.5,1
24.08.2021 00:36:20.161,15.156460000000001,15.142560000000001,1,1
24.08.2021 00:36:20.363,15.156770000000002,15.142560000000001,1,1
24.08.2021 00:36:27.321,15.156460000000001,15.142560000000001,1,1
24.08.2021 00:36:28.971,15.156470000000002,15.142560000000001,1,1
24.08.2021 00:36:29.390,15.156460000000001,15.14216,1,1
24.08.2021 00:36:29.662,15.156460000000001,15.14216,1,1
24.08.2021 00:36:29.712,15.156460000000001,15.14216,1,1
24.08.2021 00:36:29.865,15.156460000000001,15.14216,1,1
24.08.2021 00:36:38.592,15.156460000000001,15.142660000000001,1,1
24.08.2021 00:36:38.898,15.15648,15.142320000000002,1,1
24.08.2021 00:36:38.998,15.156470000000002,15.14233,1,1
24.08.2021 00:36:41.253,15.156460000000001,15.14233,1,1
24.08.2021 00:36:41.454,15.156470000000002,15.14233,1,1
24.08.2021 00:36:41.987,15.156470000000002,15.14233,1,1
24.08.2021 00:36:44.099,15.156470000000002,15.14233,1,1
24.08.2021 00:36:50.082,15.15658,15.14276,1.5,1
24.08.2021 00:36:50.234,15.15658,15.14276,1.5,1
24.08.2021 00:36:54.086,15.15658,15.14276,1.5,1
24.08.2021 00:36:54.136,15.156570000000002,15.142260000000002,1.5,1
24.08.2021 00:36:54.338,15.156570000000002,15.142260000000002,1.5,1
24.08.2021 00:36:54.941,15.156570000000002,15.142260000000002,1.12,1
24.08.2021 00:37:08.566,15.156570000000002,15.142360000000002,1.5,1
24.08.2021 00:37:08.732,15.156570000000002,15.142360000000002,1,1
24.08.2021 00:37:20.120,15.156670000000002,15.142360000000002,1,1
24.08.2021 00:37:25.979,15.156470000000002,15.14235,1,1
24.08.2021 00:37:38.582,15.156470000000002,15.142360000000002,1,1
24.08.2021 00:37:45.658,15.156570000000002,15.142360000000002,1,1
24.08.2021 00:37:47.929,15.15648,15.14235,1,1
24.08.2021 00:37:54.825,15.15668,15.14235,1,1
24.08.2021 00:37:59.999,15.15668,15.142510000000001,1,1
24.08.2021 00:38:05.658,15.156670000000002,15.142560000000001,1,1
24.08.2021 00:38:29.516,15.156470000000002,15.142720000000002,1,1
24.08.2021 00:38:29.672,15.156570000000002,15.14276,1,1
24.08.2021 00:38:38.555,15.156570000000002,15.142460000000002,1,1
24.08.2021 00:38:42.951,15.156570000000002,15.142560000000001,1.5,1
24.08.2021 00:38:43.106,15.156570000000002,15.142560000000001,1.5,1
24.08.2021 00:38:43.309,15.156570000000002,15.142560000000001,1.12,1
24.08.2021 00:38:51.600,15.156570000000002,15.142460000000002,1.5,1
24.08.2021 00:38:59.518,15.156570000000002,15.142460000000002,1.5,1
24.08.2021 00:38:59.672,15.156570000000002,15.142460000000002,1,1
24.08.2021 00:39:03.927,15.156570000000002,15.142460000000002,1.5,1
24.08.2021 00:39:03.977,15.156570000000002,15.142460000000002,1,1
24.08.2021 00:39:04.222,15.156570000000002,15.142460000000002,1.5,1
24.08.2021 00:39:05.818,15.156570000000002,15.142460000000002,1.12,1
24.08.2021 00:39:20.100,15.156570000000002,15.142460000000002,1.5,1
24.08.2021 00:39:20.304,15.156570000000002,15.142460000000002,1,1
24.08.2021 00:39:31.474,15.1567,15.142460000000002,1,1
24.08.2021 00:39:31.577,15.156670000000002,15.142460000000002,1,1
24.08.2021 00:39:33.696,15.156470000000002,15.14245,1,1
24.08.2021 00:39:33.797,15.156460000000001,15.142460000000002,1,1
24.08.2021 00:39:33.848,15.156460000000001,15.142460000000002,1,1
24.08.2021 00:39:34.600,15.156460000000001,15.142460000000002,1,1
24.08.2021 00:39:38.433,15.156460000000001,15.142529999999999,1,1
24.08.2021 00:39:38.601,15.156460000000001,15.142660000000001,1,1
24.08.2021 00:39:40.701,15.156460000000001,15.142660000000001,1,1
24.08.2021 00:39:40.752,15.156460000000001,15.142720000000002,1,1
24.08.2021 00:39:40.950,15.156470000000002,15.143160000000002,1,1
24.08.2021 00:39:41.868,15.156460000000001,15.143160000000002,1,1
24.08.2021 00:39:51.571,15.156470000000002,15.14315,1,1
24.08.2021 00:39:54.048,15.15656,15.143160000000002,1,1
24.08.2021 00:39:54.387,15.157270000000002,15.142360000000002,1,1
24.08.2021 00:39:54.542,15.157270000000002,15.142360000000002,1,1
24.08.2021 00:40:14.480,15.157270000000002,15.142629999999999,1,1
24.08.2021 00:40:15.659,15.157270000000002,15.14286,1,1
24.08.2021 00:40:25.475,15.157270000000002,15.142920000000002,1,1
24.08.2021 00:40:25.658,15.157270000000002,15.14296,1,1
24.08.2021 00:40:36.577,15.15728,15.142750000000001,1,1
24.08.2021 00:40:38.555,15.15728,15.14235,1,1
24.08.2021 00:40:49.525,15.156470000000002,15.142420000000001,1,1
24.08.2021 00:40:49.680,15.156570000000002,15.142660000000001,1,1
24.08.2021 00:41:03.774,15.157720000000001,15.142560000000001,1.5,1
24.08.2021 00:41:08.552,15.157470000000002,15.142560000000001,1,1
24.08.2021 00:41:24.484,15.157470000000002,15.142710000000001,1,1
24.08.2021 00:41:25.042,15.157470000000002,15.14276,1,1
24.08.2021 00:41:38.515,15.157470000000002,15.142560000000001,1,1
24.08.2021 00:41:49.938,15.157470000000002,15.142660000000001,1,1
24.08.2021 00:42:08.525,15.15748,15.14245,1,1
24.08.2021 00:42:19.917,15.157470000000002,15.142629999999999,1,1
24.08.2021 00:42:20.018,15.15748,15.14295,1,1
24.08.2021 00:42:38.581,15.15763,15.14276,1.5,1
24.08.2021 00:42:59.902,15.157460000000002,15.14281,1.5,1
24.08.2021 00:42:59.953,15.15658,15.14305,1,1
24.08.2021 00:43:08.580,15.156570000000002,15.142660000000001,1,1
24.08.2021 00:43:18.575,15.156570000000002,15.143520000000002,1,1
24.08.2021 00:43:18.678,15.15658,15.14356,1,1
24.08.2021 00:43:38.568,15.15658,15.143260000000001,1,1
24.08.2021 00:43:49.877,15.156870000000001,15.143260000000001,1,1
24.08.2021 00:43:49.930,15.156570000000002,15.143260000000001,1,1
24.08.2021 00:44:08.641,15.156570000000002,15.143160000000002,1,1
24.08.2021 00:44:19.540,15.156770000000002,15.142360000000002,1,1
24.08.2021 00:44:19.640,15.156770000000002,15.142360000000002,1,1
24.08.2021 00:44:30.028,15.15678,15.142900000000001,1,1
24.08.2021 00:44:34.533,15.156470000000002,15.14291,1,1
24.08.2021 00:44:38.435,15.156470000000002,15.14286,1,1
24.08.2021 00:44:38.583,15.156460000000001,15.14286,1,1
24.08.2021 00:44:38.884,15.15733,15.14286,1.5,1
24.08.2021 00:44:39.744,15.156460000000001,15.14286,1,1
24.08.2021 00:44:43.866,15.15733,15.14286,1.5,1
24.08.2021 00:44:43.916,15.156460000000001,15.14286,1,1
24.08.2021 00:44:49.162,15.15733,15.14286,1.5,1
24.08.2021 00:44:49.277,15.157540000000001,15.14295,1.5,1
24.08.2021 00:45:08.432,15.156970000000001,15.14313,1,1
24.08.2021 00:45:08.608,15.156970000000001,15.143460000000001,1,1
24.08.2021 00:45:08.995,15.15764,15.142460000000002,1.5,1
24.08.2021 00:45:26.540,15.157570000000002,15.142620000000003,1,1
24.08.2021 00:45:28.073,15.157570000000002,15.14296,1,1
24.08.2021 00:45:37.590,15.157570000000002,15.143060000000002,1.62,1
24.08.2021 00:45:38.619,15.15748,15.14286,1.5,1
24.08.2021 00:45:58.500,15.157460000000002,15.142920000000002,1.5,1
24.08.2021 00:46:00.580,15.157460000000002,15.143060000000002,1.5,1
24.08.2021 00:46:08.576,15.15734,15.143060000000002,1.5,1
24.08.2021 00:46:38.536,15.157350000000001,15.14296,1.5,1
24.08.2021 00:46:44.153,15.157350000000001,15.142660000000001,1.5,1
24.08.2021 00:47:05.545,15.156770000000002,15.142720000000002,1,1
24.08.2021 00:47:05.659,15.156770000000002,15.14296,1,1
24.08.2021 00:47:08.513,15.156770000000002,15.14276,1,1
24.08.2021 00:47:29.900,15.156570000000002,15.142820000000002,1,1
24.08.2021 00:47:30.100,15.156770000000002,15.14296,1,1
24.08.2021 00:47:38.553,15.156770000000002,15.14276,1,1
24.08.2021 00:47:57.498,15.156770000000002,15.142820000000002,1,1
24.08.2021 00:47:57.599,15.156770000000002,15.14286,1,1
24.08.2021 00:48:08.510,15.156770000000002,15.142660000000001,1,1
24.08.2021 00:48:30.508,15.15678,15.142710000000001,1,1
24.08.2021 00:48:31.006,15.156570000000002,15.14286,1,1
24.08.2021 00:48:38.558,15.156670000000002,15.14276,1,1
24.08.2021 00:48:49.692,15.156670000000002,15.142820000000002,1,1
24.08.2021 00:48:50.855,15.156670000000002,15.14286,1,1
24.08.2021 00:49:01.548,15.15745,15.14303,1.5,1
24.08.2021 00:49:02.278,15.15728,15.14356,1.5,1
24.08.2021 00:49:19.552,15.156770000000002,15.143260000000001,1,1
24.08.2021 00:49:38.536,15.156870000000001,15.143060000000002,1,1
24.08.2021 00:49:49.550,15.157470000000002,15.14313,1.5,1
24.08.2021 00:49:49.653,15.157470000000002,15.143360000000001,1.5,1
24.08.2021 00:50:08.511,15.157520000000002,15.143160000000002,1.5,1
24.08.2021 00:50:19.509,15.157520000000002,15.143329999999999,1.5,1
24.08.2021 00:50:20.027,15.157370000000002,15.143460000000001,1.5,1
24.08.2021 00:50:38.596,15.157370000000002,15.143460000000001,1.5,1
24.08.2021 00:50:49.562,15.15736,15.143510000000001,1.5,1
24.08.2021 00:50:50.030,15.157350000000001,15.14356,1.5,1
24.08.2021 00:50:51.512,15.157510000000002,15.14356,1.5,1
24.08.2021 00:51:01.519,15.157510000000002,15.143620000000002,1.5,1
24.08.2021 00:51:01.854,15.15748,15.143760000000002,1.5,1
24.08.2021 00:51:08.432,15.15748,15.14383,1.5,1
24.08.2021 00:51:08.551,15.15679,15.144150000000002,1.5,1
24.08.2021 00:51:36.611,15.156570000000002,15.143960000000002,1,1
24.08.2021 00:51:38.564,15.156570000000002,15.14366,1,1
24.08.2021 00:51:48.511,15.156570000000002,15.14373,1,1
24.08.2021 00:51:48.561,15.15679,15.14395,1.5,1
24.08.2021 00:51:49.586,15.15678,15.143960000000002,1.5,1
24.08.2021 00:52:08.553,15.15801,15.143760000000002,1.75,1
24.08.2021 00:52:18.517,15.15801,15.14383,1.75,1
24.08.2021 00:52:18.568,15.15801,15.143960000000002,1.75,1
24.08.2021 00:52:18.620,15.158020000000002,15.14395,1.75,1
24.08.2021 00:52:19.542,15.15658,15.143960000000002,1,1
24.08.2021 00:52:28.217,15.15658,15.143650000000001,1,1
24.08.2021 00:52:38.429,15.156570000000002,15.143720000000002,1,1
24.08.2021 00:52:38.522,15.15764,15.14373,1.5,1
24.08.2021 00:52:39.538,15.15764,15.14373,1.5,1
24.08.2021 00:52:41.908,15.157079999999999,15.14373,1.5,1
24.08.2021 00:52:49.544,15.155800000000001,15.14446,1,1
24.08.2021 00:52:49.645,15.155800000000001,15.144200000000001,1,1.5
24.08.2021 00:52:50.377,15.155470000000001,15.144540000000001,1,1
24.08.2021 00:52:50.639,15.155479999999999,15.14453,1,1
24.08.2021 00:52:50.740,15.15529,15.14544,1,1
24.08.2021 00:52:51.213,15.15529,15.14544,1,1
24.08.2021 00:52:51.314,15.15528,15.14544,1,1
24.08.2021 00:52:51.364,15.15529,15.145470000000001,1,1
24.08.2021 00:52:51.415,15.15529,15.145470000000001,1,1.5
24.08.2021 00:52:51.465,15.15529,15.145470000000001,1,1
24.08.2021 00:52:52.853,15.15529,15.145470000000001,1,1.5
24.08.2021 00:52:58.933,15.155100000000001,15.14583,1,1
24.08.2021 00:52:59.043,15.155100000000001,15.14605,1,1
24.08.2021 00:53:00.178,15.155660000000001,15.146060000000002,1.5,1
24.08.2021 00:53:00.280,15.157460000000002,15.146360000000001,1.5,1.5
24.08.2021 00:53:00.380,15.157460000000002,15.145720000000003,1.5,1
24.08.2021 00:53:01.939,15.15908,15.145660000000001,1.5,1
24.08.2021 00:53:01.993,15.15909,15.14523,1.5,1
24.08.2021 00:53:09.276,15.159160000000002,15.14513,1.5,1
24.08.2021 00:53:09.835,15.158570000000003,15.144860000000001,1,1
24.08.2021 00:53:11.119,15.15894,15.144860000000001,1.5,1
24.08.2021 00:53:20.905,15.158750000000001,15.144810000000001,1.5,1
24.08.2021 00:53:37.367,15.158650000000002,15.144820000000001,1.5,1
24.08.2021 00:53:37.514,15.158720000000002,15.145360000000002,1.5,1
24.08.2021 00:53:37.724,15.15864,15.145420000000001,1.5,1
24.08.2021 00:53:47.181,15.158870000000002,15.14494,1.5,1
24.08.2021 00:53:47.999,15.15825,15.14543,1,1
24.08.2021 00:53:59.617,15.157370000000002,15.1455,1.5,1
24.08.2021 00:54:01.658,15.15724,15.1455,1,1
24.08.2021 00:54:03.210,15.156740000000001,15.145360000000002,1,1
24.08.2021 00:54:03.511,15.156740000000001,15.14524,1,1
24.08.2021 00:54:04.054,15.156310000000001,15.14516,1,1
24.08.2021 00:54:04.247,15.156320000000003,15.144760000000002,1,1
24.08.2021 00:54:04.899,15.156320000000003,15.144760000000002,1,1
24.08.2021 00:54:14.232,15.156310000000001,15.144760000000002,1,1
24.08.2021 00:54:29.460,15.15634,15.1448,1,1
24.08.2021 00:54:29.611,15.15634,15.14506,1,1
24.08.2021 00:54:30.395,15.156740000000001,15.145340000000001,1,1
24.08.2021 00:54:30.526,15.156740000000001,15.145560000000001,1,1
24.08.2021 00:54:40.576,15.156670000000002,15.14554,1.5,1
24.08.2021 00:54:43.429,15.156320000000003,15.145260000000002,1,1
24.08.2021 00:54:43.590,15.156310000000001,15.145260000000002,1,1
24.08.2021 00:54:53.631,15.156310000000001,15.145000000000001,1,1
24.08.2021 00:54:59.303,15.156310000000001,15.144860000000001,1,1
24.08.2021 00:54:59.421,15.156310000000001,15.145000000000001,1,1
24.08.2021 00:55:03.011,15.156670000000002,15.14504,1.5,1
24.08.2021 00:55:08.432,15.156470000000002,15.14543,1.5,1
24.08.2021 00:55:08.547,15.156470000000002,15.14583,1.5,1
24.08.2021 00:55:23.504,15.158170000000002,15.144560000000002,1.5,1
24.08.2021 00:55:23.555,15.15889,15.144920000000003,1.5,1
24.08.2021 00:55:23.655,15.15889,15.144920000000003,1.5,1
24.08.2021 00:55:38.432,15.158470000000001,15.144920000000003,1,1
24.08.2021 00:55:38.597,15.158470000000001,15.145120000000002,1,1
24.08.2021 00:55:39.550,15.158750000000001,15.14523,1.5,1
24.08.2021 00:55:40.228,15.157870000000003,15.14473,1.5,1
24.08.2021 00:55:40.510,15.157870000000003,15.14473,1.5,1
24.08.2021 00:55:41.035,15.157870000000003,15.14494,1.5,1
24.08.2021 00:55:41.687,15.157950000000001,15.145460000000002,1.5,1
24.08.2021 00:55:51.731,15.157870000000003,15.1452,1.5,1
24.08.2021 00:55:59.888,15.157870000000003,15.1452,1.5,1
24.08.2021 00:56:00.039,15.15784,15.1452,1.5,1
24.08.2021 00:56:00.993,15.157810000000001,15.146160000000002,1.5,1
24.08.2021 00:56:02.686,15.157810000000001,15.146329999999999,1.5,1
24.08.2021 00:56:21.570,15.1577,15.146,1.5,1
24.08.2021 00:57:02.679,15.15748,15.14673,1.5,1
24.08.2021 00:57:03.382,15.15748,15.14673,1.5,1
24.08.2021 00:57:09.987,15.15748,15.147029999999999,1.5,1
24.08.2021 00:57:32.834,15.15744,15.147029999999999,1.5,1
24.08.2021 00:58:03.624,15.157460000000002,15.14679,1.5,1
24.08.2021 00:58:04.239,15.15765,15.14654,1.5,1
24.08.2021 00:58:24.668,15.15765,15.14674,1.5,1
24.08.2021 00:58:25.075,15.157660000000002,15.14724,1.5,1
24.08.2021 00:58:27.035,15.157660000000002,15.14724,1.5,1
24.08.2021 00:58:28.812,15.157660000000002,15.14724,1.5,1
24.08.2021 00:58:33.298,15.157660000000002,15.14674,1.5,1
24.08.2021 00:58:43.347,15.157670000000001,15.146379999999999,1.5,1
24.08.2021 00:58:48.057,15.157660000000002,15.14639,1.5,1
24.08.2021 00:58:53.464,15.157729999999999,15.14653,1.5,1
24.08.2021 00:59:05.261,15.157729999999999,15.14613,1.5,1
24.08.2021 00:59:07.453,15.160170000000003,15.14613,1.25,1
24.08.2021 00:59:07.504,15.160170000000003,15.147120000000001,1.25,1
24.08.2021 00:59:07.626,15.160470000000002,15.147620000000002,1.75,1
24.08.2021 00:59:08.433,15.159770000000002,15.14813,1.75,1
24.08.2021 00:59:08.534,15.16143,15.149120000000002,1.75,1
24.08.2021 00:59:08.635,15.16143,15.15083,1.25,1
24.08.2021 00:59:08.736,15.16143,15.15143,1.25,1
24.08.2021 00:59:09.268,15.16276,15.151920000000002,1,1
24.08.2021 00:59:24.370,15.16276,15.151360000000002,1,1
24.08.2021 00:59:24.420,15.16276,15.151920000000002,1,1
24.08.2021 00:59:24.730,15.16276,15.15121,1,1
24.08.2021 00:59:24.831,15.162770000000002,15.15191,1,1
24.08.2021 00:59:25.129,15.16276,15.153660000000002,1,1
24.08.2021 00:59:25.180,15.16276,15.15363,1,1
24.08.2021 00:59:26.841,15.16276,15.15293,1,1
24.08.2021 00:59:27.246,15.16276,15.15423,1,1
24.08.2021 00:59:27.630,15.16276,15.154720000000001,1,1
24.08.2021 00:59:27.784,15.16276,15.155920000000002,1,1
24.08.2021 00:59:28.291,15.16276,15.15653,1,1
24.08.2021 00:59:28.756,15.16276,15.156460000000001,1,1
24.08.2021 00:59:28.856,15.16276,15.15583,1,1
24.08.2021 00:59:34.288,15.16276,15.15583,1,1
24.08.2021 00:59:36.400,15.16276,15.156220000000001,1,1
24.08.2021 00:59:38.430,15.16276,15.155820000000002,1,1
24.08.2021 00:59:39.260,15.16276,15.156329999999999,1,1
24.08.2021 00:59:40.141,15.16276,15.156329999999999,1,1
24.08.2021 00:59:41.036,15.16276,15.158320000000002,1,1
24.08.2021 00:59:41.086,15.16276,15.158320000000002,1,1
24.08.2021 00:59:41.137,15.162770000000002,15.15891,1,1
24.08.2021 00:59:41.187,15.1647,15.159520000000002,1,1
24.08.2021 01:00:08.429,15.1647,15.159520000000002,1,1
24.08.2021 01:00:16.453,15.1647,15.159620000000002,1,1
24.08.2021 01:00:16.504,15.1647,15.159060000000002,1,1
24.08.2021 01:00:16.605,15.1647,15.158629999999999,1,1
24.08.2021 01:00:26.862,15.1647,15.158629999999999,1,1
24.08.2021 01:00:26.979,15.1647,15.158629999999999,1,1
24.08.2021 01:00:31.585,15.1647,15.159329999999999,1,1
24.08.2021 01:00:32.521,15.1647,15.15891,1,1
24.08.2021 01:00:38.453,15.1647,15.15843,1,1
24.08.2021 01:00:38.554,15.1647,15.15843,1,1
24.08.2021 01:00:39.804,15.1647,15.158720000000002,1,1
24.08.2021 01:00:39.905,15.1647,15.159720000000002,1,1
24.08.2021 01:00:41.879,15.1647,15.15983,1,1
24.08.2021 01:00:43.872,15.1647,15.15983,1,1
24.08.2021 01:00:44.563,15.1647,15.159229999999999,1,1
24.08.2021 01:00:53.075,15.1647,15.159020000000002,1,1
24.08.2021 01:00:53.387,15.1647,15.15816,1,1
24.08.2021 01:00:53.488,15.1647,15.157620000000001,1,1
24.08.2021 01:01:08.432,15.1647,15.157620000000001,1,1
24.08.2021 01:01:08.533,15.1647,15.157620000000001,1,1
24.08.2021 01:01:08.685,15.1647,15.158560000000001,1,1
24.08.2021 01:01:09.016,15.1647,15.15793,1,1
24.08.2021 01:01:14.929,15.164820000000002,15.15793,1,1
24.08.2021 01:01:14.980,15.165510000000001,15.15793,1,1
24.08.2021 01:01:15.031,15.165520000000003,15.157920000000003,1,1
24.08.2021 01:01:15.081,15.168920000000002,15.15793,1,1
24.08.2021 01:01:15.132,15.169810000000002,15.158310000000002,1,1
24.08.2021 01:01:25.596,15.169810000000002,15.158310000000002,1,1
24.08.2021 01:01:27.201,15.169810000000002,15.158460000000002,1,1
24.08.2021 01:01:27.302,15.169810000000002,15.158020000000002,1,1
24.08.2021 01:01:32.838,15.169810000000002,15.158020000000002,1,1
24.08.2021 01:01:47.045,15.169810000000002,15.158120000000002,1,1
24.08.2021 01:01:47.096,15.169810000000002,15.158120000000002,1,1
24.08.2021 01:01:47.146,15.169810000000002,15.158120000000002,1,1
24.08.2021 01:01:47.247,15.169820000000001,15.160370000000002,1,1.5
24.08.2021 01:01:47.348,15.169810000000002,15.16219,1,1
24.08.2021 01:01:47.398,15.169810000000002,15.16179,1,1.5
24.08.2021 01:01:47.499,15.169810000000002,15.162060000000002,1,1
24.08.2021 01:01:47.665,15.169810000000002,15.162060000000002,1,1
24.08.2021 01:01:50.296,15.169810000000002,15.162220000000001,1,1
24.08.2021 01:02:08.431,15.169810000000002,15.162220000000001,1,1
24.08.2021 01:02:13.588,15.169810000000002,15.16196,1,1
24.08.2021 01:02:14.244,15.169810000000002,15.16199,1,1
24.08.2021 01:02:45.709,15.169810000000002,15.16199,1,1
24.08.2021 01:02:46.718,15.169810000000002,15.16149,1,1
24.08.2021 01:02:50.814,15.169820000000001,15.162220000000001,1,1
24.08.2021 01:02:50.914,15.169810000000002,15.161660000000001,1,1
24.08.2021 01:02:51.015,15.169810000000002,15.161220000000002,1,1
24.08.2021 01:03:01.699,15.169810000000002,15.161220000000002,1,1
24.08.2021 01:03:12.752,15.169820000000001,15.161220000000002,1,1.5
24.08.2021 01:03:13.983,15.169810000000002,15.16123,1,1
24.08.2021 01:03:23.690,15.169820000000001,15.161220000000002,1,1
24.08.2021 01:03:38.429,15.169810000000002,15.16123,1,1
24.08.2021 01:03:48.769,15.169810000000002,15.16123,1,1
24.08.2021 01:04:08.434,15.169810000000002,15.16123,1,1
24.08.2021 01:04:10.638,15.169810000000002,15.16123,1,1
24.08.2021 01:04:16.143,15.169810000000002,15.16123,1,1
24.08.2021 01:04:22.661,15.169810000000002,15.160129999999999,1,1
24.08.2021 01:04:26.212,15.169810000000002,15.160260000000001,1,1
24.08.2021 01:04:27.332,15.169810000000002,15.160260000000001,1,1
24.08.2021 01:04:27.645,15.169810000000002,15.159360000000001,1,1
24.08.2021 01:04:27.751,15.169810000000002,15.159360000000001,1,1
24.08.2021 01:04:31.369,15.169810000000002,15.160020000000001,1,1.5
24.08.2021 01:04:38.431,15.169810000000002,15.160020000000001,1,1.5
24.08.2021 01:04:41.346,15.169820000000001,15.160120000000003,1,1
24.08.2021 01:04:52.644,15.169810000000002,15.15999,1,1
24.08.2021 01:04:55.612,15.169810000000002,15.160129999999999,1,1
24.08.2021 01:05:05.613,15.169810000000002,15.160129999999999,1,1
24.08.2021 01:05:13.407,15.169810000000002,15.159860000000002,1,1
24.08.2021 01:05:23.410,15.169810000000002,15.160029999999999,1,1
24.08.2021 01:05:27.416,15.169810000000002,15.160029999999999,1,1
24.08.2021 01:05:37.418,15.169810000000002,15.160029999999999,1,1
24.08.2021 01:05:38.431,15.169810000000002,15.160120000000003,1,1
24.08.2021 01:05:57.848,15.169810000000002,15.160070000000001,1,1
24.08.2021 01:06:07.160,15.169810000000002,15.160420000000002,1,1
24.08.2021 01:06:08.431,15.169810000000002,15.16031,1,1
24.08.2021 01:06:26.005,15.169810000000002,15.160420000000002,1,1
24.08.2021 01:06:32.659,15.169810000000002,15.160079999999999,1,1
24.08.2021 01:06:38.435,15.169820000000001,15.160070000000001,1,1
24.08.2021 01:06:40.684,15.169810000000002,15.160220000000002,1,1
24.08.2021 01:06:44.080,15.169810000000002,15.160220000000002,1,1
24.08.2021 01:06:51.095,15.169810000000002,15.160079999999999,1,1
24.08.2021 01:06:54.851,15.169860000000002,15.160079999999999,1,1
24.08.2021 01:06:56.106,15.169810000000002,15.160029999999999,1,1
24.08.2021 01:07:02.542,15.169810000000002,15.160029999999999,1,1
24.08.2021 01:07:13.626,15.169810000000002,15.160320000000002,1,1
24.08.2021 01:07:17.910,15.169810000000002,15.160029999999999,1,1.5
24.08.2021 01:07:27.572,15.169820000000001,15.160020000000001,1,1.5
24.08.2021 01:07:37.573,15.169810000000002,15.160029999999999,1,1
24.08.2021 01:07:38.437,15.169810000000002,15.160320000000002,1,1
24.08.2021 01:08:16.851,15.170110000000001,15.160420000000002,1.25,1
24.08.2021 01:08:27.562,15.169810000000002,15.160420000000002,1,1
24.08.2021 01:08:27.612,15.169810000000002,15.159860000000002,1,1
24.08.2021 01:08:27.663,15.169810000000002,15.159860000000002,1,1
24.08.2021 01:08:37.609,15.169810000000002,15.160029999999999,1,1.5
24.08.2021 01:08:41.607,15.169810000000002,15.159760000000002,1,1
24.08.2021 01:08:51.557,15.169810000000002,15.160029999999999,1,1
24.08.2021 01:09:08.442,15.169810000000002,15.160029999999999,1,1
24.08.2021 01:09:18.609,15.169810000000002,15.160029999999999,1,1
24.08.2021 01:09:18.752,15.169810000000002,15.159860000000002,1,1
24.08.2021 01:09:28.945,15.169810000000002,15.160020000000001,1,1
24.08.2021 01:09:41.642,15.169810000000002,15.159860000000002,1,1
24.08.2021 01:10:00.784,15.169810000000002,15.15999,1,1
24.08.2021 01:10:11.650,15.169810000000002,15.160029999999999,1,1
24.08.2021 01:10:22.205,15.169810000000002,15.160029999999999,1,1.5
24.08.2021 01:10:32.613,15.169810000000002,15.160029999999999,1,1
24.08.2021 01:10:38.429,15.169810000000002,15.160029999999999,1,1
24.08.2021 01:10:42.791,15.169810000000002,15.160029999999999,1,1
24.08.2021 01:11:06.663,15.169810000000002,15.159760000000002,1,1
24.08.2021 01:11:17.026,15.169810000000002,15.160029999999999,1,1.5
24.08.2021 01:11:22.758,15.169810000000002,15.160029999999999,1,1
24.08.2021 01:13:10.770,15.169810000000002,15.15999,1,1
24.08.2021 01:13:20.756,15.169810000000002,15.15999,1,1
24.08.2021 01:13:33.059,15.169810000000002,15.160029999999999,1,1
24.08.2021 01:13:56.623,15.169810000000002,15.159360000000001,1,1
24.08.2021 01:14:06.920,15.169810000000002,15.15999,1,1
24.08.2021 01:14:08.673,15.169810000000002,15.15956,1,1
24.08.2021 01:14:29.526,15.169810000000002,15.15913,1,1
24.08.2021 01:14:38.431,15.169810000000002,15.15913,1,1
24.08.2021 01:14:45.603,15.169810000000002,15.158920000000002,1,1
24.08.2021 01:14:46.039,15.169810000000002,15.158700000000001,1,1.25
24.08.2021 01:14:56.578,15.169820000000001,15.158479999999999,1.5,1
24.08.2021 01:14:56.747,15.169820000000001,15.158479999999999,1.5,1
24.08.2021 01:15:05.175,15.169810000000002,15.156960000000002,1.5,1.5
24.08.2021 01:15:05.276,15.169810000000002,15.156229999999999,1.5,1
24.08.2021 01:15:06.711,15.169810000000002,15.157490000000001,1.5,1
24.08.2021 01:15:10.727,15.169810000000002,15.15613,1.5,1
24.08.2021 01:15:10.991,15.169270000000003,15.15613,1.5,1
24.08.2021 01:15:11.142,15.169170000000001,15.1545,1.5,1.25
24.08.2021 01:15:11.193,15.169170000000001,15.1545,1.5,1.25
24.08.2021 01:15:11.379,15.169370000000002,15.1545,1,1.25
24.08.2021 01:15:12.452,15.16938,15.15399,1,1.35
24.08.2021 01:15:13.036,15.169370000000002,15.154,1,1.35
24.08.2021 01:15:13.107,15.168770000000002,15.154,1,1.35
24.08.2021 01:15:13.208,15.168770000000002,15.154,1,1.35
24.08.2021 01:15:15.321,15.169470000000002,15.15436,1.5,1.1
24.08.2021 01:15:15.372,15.169470000000002,15.15436,1.5,1.5
24.08.2021 01:15:15.473,15.169470000000002,15.15549,1.5,1
24.08.2021 01:15:15.603,15.169470000000002,15.156120000000001,1.5,1
24.08.2021 01:15:16.388,15.170070000000003,15.156820000000002,1.5,1
24.08.2021 01:15:18.243,15.17054,15.15736,1,1
24.08.2021 01:15:18.294,15.17054,15.156820000000002,1,1
24.08.2021 01:15:24.246,15.17114,15.157620000000001,1,1
24.08.2021 01:15:27.835,15.17144,15.15803,1,1
24.08.2021 01:15:27.886,15.17144,15.15811,1,1
24.08.2021 01:15:38.433,15.17174,15.15811,1,1
24.08.2021 01:16:08.441,15.17134,15.158310000000002,1,1
24.08.2021 01:16:33.289,15.172370000000003,15.158310000000002,1.5,1
24.08.2021 01:16:38.434,15.172370000000003,15.158420000000001,1.5,1
24.08.2021 01:16:43.293,15.172370000000003,15.158220000000002,1.5,1
24.08.2021 01:17:08.563,15.172470000000002,15.158320000000002,1.5,1
24.08.2021 01:17:24.636,15.171970000000002,15.158320000000002,1.5,1
24.08.2021 01:17:32.777,15.172420000000002,15.159600000000001,1.5,1
24.08.2021 01:17:32.998,15.173010000000001,15.159600000000001,1.5,1
24.08.2021 01:17:33.174,15.173870000000003,15.15961,1.5,1
24.08.2021 01:17:33.225,15.17398,15.160829999999999,1.5,1
24.08.2021 01:17:33.326,15.17408,15.160820000000001,1.5,1
24.08.2021 01:17:38.432,15.174070000000002,15.160829999999999,1.5,1
24.08.2021 01:17:38.597,15.174070000000002,15.16123,1.5,1
24.08.2021 01:18:33.510,15.174070000000002,15.16116,1,1
24.08.2021 01:18:33.610,15.174070000000002,15.16073,1,1
24.08.2021 01:18:51.603,15.173879999999999,15.16073,1,1
24.08.2021 01:18:58.602,15.173970000000002,15.16073,1,1
24.08.2021 01:19:14.877,15.173970000000002,15.16073,1,1
24.08.2021 01:19:34.699,15.175070000000002,15.16049,1.5,1
24.08.2021 01:19:38.439,15.175070000000002,15.16049,1.5,1
24.08.2021 01:19:39.433,15.17496,15.15953,1,1.5
24.08.2021 01:19:39.584,15.175070000000002,15.16049,1,1
24.08.2021 01:19:39.838,15.175070000000002,15.16049,1,1
24.08.2021 01:19:39.990,15.175070000000002,15.161529999999999,1.5,1
24.08.2021 01:19:48.396,15.174470000000001,15.16106,1,1
24.08.2021 01:19:48.447,15.174470000000001,15.16106,1.25,1
24.08.2021 01:19:48.517,15.174470000000001,15.16073,1.25,1
24.08.2021 01:19:58.740,15.173870000000003,15.16073,1,1
24.08.2021 01:19:58.941,15.173970000000002,15.16073,1.25,1
24.08.2021 01:20:08.433,15.173970000000002,15.16073,1.25,1
24.08.2021 01:20:29.674,15.173879999999999,15.160720000000001,1,1
24.08.2021 01:20:30.642,15.173970000000002,15.16073,1.25,1
24.08.2021 01:20:48.848,15.174970000000002,15.16049,1.75,1
24.08.2021 01:20:51.764,15.171570000000003,15.16049,1,1
24.08.2021 01:20:51.814,15.171370000000001,15.159760000000002,1,1
24.08.2021 01:20:51.915,15.171220000000002,15.159120000000001,1,1
24.08.2021 01:20:51.966,15.171210000000002,15.158460000000002,1,1
24.08.2021 01:20:52.067,15.171220000000002,15.15845,1,1
24.08.2021 01:20:52.405,15.1714,15.158460000000002,1,1
24.08.2021 01:20:52.929,15.171360000000002,15.158460000000002,1,1
24.08.2021 01:20:53.971,15.171360000000002,15.158529999999999,1,1
24.08.2021 01:21:02.092,15.170970000000002,15.158920000000002,1,1
24.08.2021 01:21:12.704,15.17108,15.159420000000003,1,1
24.08.2021 01:21:12.950,15.171070000000002,15.15943,1,1.62
24.08.2021 01:21:22.736,15.171410000000002,15.159510000000001,1,1
24.08.2021 01:21:32.956,15.17106,15.15943,1,1.5
24.08.2021 01:21:38.433,15.17106,15.15943,1,1.5
24.08.2021 01:21:43.831,15.171650000000001,15.159420000000003,1,1
24.08.2021 01:21:43.931,15.17164,15.15943,1,1
24.08.2021 01:21:44.481,15.17186,15.15943,1,1
24.08.2021 01:21:44.896,15.17186,15.15943,1,1
24.08.2021 01:21:49.307,15.17186,15.15943,1,1.5
24.08.2021 01:21:59.650,15.172060000000002,15.15943,1,1
24.08.2021 01:21:59.722,15.172060000000002,15.15943,1,1.5
24.08.2021 01:22:00.651,15.172410000000001,15.15963,1.5,1
24.08.2021 01:22:00.751,15.173110000000001,15.159620000000002,1.5,1
24.08.2021 01:22:08.432,15.173520000000002,15.159620000000002,1.5,1
24.08.2021 01:23:00.755,15.173370000000002,15.15949,1.5,1
24.08.2021 01:23:08.650,15.173370000000002,15.15839,1.5,1
24.08.2021 01:23:08.701,15.173370000000002,15.15689,1.5,1.75
24.08.2021 01:23:18.650,15.173370000000002,15.157070000000003,1.5,1.75
24.08.2021 01:23:18.751,15.17338,15.157060000000001,1.5,1.75
24.08.2021 01:23:27.410,15.171310000000002,15.157070000000003,1,1.75
24.08.2021 01:23:27.460,15.17149,15.1585,1.25,1.25
24.08.2021 01:23:27.511,15.171570000000003,15.157029999999999,1,1.5
24.08.2021 01:23:27.611,15.17111,15.157920000000003,1,1
24.08.2021 01:23:27.766,15.170870000000003,15.15799,1,1
24.08.2021 01:23:28.096,15.170870000000003,15.15799,1.5,1
24.08.2021 01:23:29.434,15.17084,15.15793,1,1
24.08.2021 01:23:29.485,15.170870000000003,15.15793,1.5,1
24.08.2021 01:23:29.682,15.170870000000003,15.157960000000001,1.5,1.12
24.08.2021 01:23:31.225,15.170870000000003,15.157960000000001,1,1.12
24.08.2021 01:23:40.418,15.17098,15.157910000000001,1,1.5
24.08.2021 01:23:50.044,15.17099,15.157850000000002,1,1
24.08.2021 01:23:54.677,15.170860000000001,15.157829999999999,1,1
24.08.2021 01:23:54.839,15.170860000000001,15.157960000000001,1,1
24.08.2021 01:23:54.909,15.171240000000001,15.157960000000001,1,1
24.08.2021 01:23:54.960,15.171240000000001,15.157829999999999,1,1
24.08.2021 01:23:55.010,15.171240000000001,15.157860000000001,1,1
24.08.2021 01:23:57.665,15.17114,15.157460000000002,1,1
24.08.2021 01:24:48.537,15.17098,15.15799,1,1
24.08.2021 01:25:00.486,15.171470000000001,15.157910000000001,1.5,1.5
24.08.2021 01:25:05.132,15.171170000000002,15.157910000000001,1.5,1.5
24.08.2021 01:25:05.440,15.171470000000001,15.15799,1.5,1
24.08.2021 01:25:05.491,15.17204,15.157829999999999,1.5,1
24.08.2021 01:25:05.681,15.172229999999999,15.157660000000002,1.5,1
24.08.2021 01:25:08.495,15.172270000000001,15.157960000000001,1.5,1
24.08.2021 01:25:08.546,15.171800000000001,15.15723,1.5,1.5
24.08.2021 01:25:08.699,15.171570000000003,15.157560000000002,1.5,1
24.08.2021 01:25:27.607,15.171570000000003,15.157960000000001,1.5,1
24.08.2021 01:25:27.708,15.171570000000003,15.157560000000002,1.5,1.25
24.08.2021 01:25:48.576,15.171570000000003,15.157560000000002,1.5,1.25
24.08.2021 01:25:48.627,15.171470000000001,15.15723,1.5,1.5
24.08.2021 01:25:48.677,15.171470000000001,15.157910000000001,1.5,1.5
24.08.2021 01:25:57.853,15.171470000000001,15.158000000000001,1.5,1
24.08.2021 01:26:06.100,15.171470000000001,15.158000000000001,1.5,1
24.08.2021 01:26:12.822,15.171470000000001,15.157910000000001,1.5,1.5
24.08.2021 01:26:13.798,15.171470000000001,15.157910000000001,1.5,1.5
24.08.2021 01:26:15.172,15.170560000000002,15.15799,1,1
24.08.2021 01:26:15.323,15.170060000000001,15.15799,1,1
24.08.2021 01:26:15.666,15.169979999999999,15.15675,1.5,1
24.08.2021 01:26:15.767,15.169970000000001,15.15653,1.5,1
24.08.2021 01:26:15.947,15.169970000000001,15.15736,1.5,1
24.08.2021 01:26:16.540,15.169970000000001,15.156760000000002,1.5,1
24.08.2021 01:26:16.696,15.169970000000001,15.156520000000002,1.5,1.5
24.08.2021 01:26:16.746,15.169970000000001,15.15736,1.5,1
24.08.2021 01:26:17.572,15.169970000000001,15.15695,1.5,1
24.08.2021 01:26:17.681,15.16984,15.155960000000002,1,1
24.08.2021 01:26:17.731,15.16984,15.15653,1,1
24.08.2021 01:26:17.846,15.16985,15.157350000000001,1,1
24.08.2021 01:26:18.683,15.16984,15.157760000000001,1,1
24.08.2021 01:26:22.613,15.16984,15.157710000000002,1,1
24.08.2021 01:26:22.664,15.16984,15.157460000000002,1,1
24.08.2021 01:26:23.379,15.16984,15.157960000000001,1,1
24.08.2021 01:26:23.673,15.16984,15.157910000000001,1,1
24.08.2021 01:26:23.791,15.16984,15.157560000000002,1,1
24.08.2021 01:26:29.612,15.16984,15.157510000000002,1,1
24.08.2021 01:26:29.663,15.16984,15.157960000000001,1,1
24.08.2021 01:26:36.299,15.16985,15.157900000000001,1,1
24.08.2021 01:26:36.350,15.16984,15.157660000000002,1,1
24.08.2021 01:26:40.612,15.16984,15.157610000000002,1,1
24.08.2021 01:26:40.662,15.169690000000001,15.157850000000002,1,1
24.08.2021 01:26:42.902,15.16968,15.157810000000001,1,1
24.08.2021 01:26:42.953,15.16968,15.15653,1,1
24.08.2021 01:26:43.081,15.16968,15.156329999999999,1,1.5
24.08.2021 01:26:43.131,15.16968,15.157960000000001,1,1
24.08.2021 01:26:45.496,15.16779,15.157960000000001,1,1
24.08.2021 01:26:52.363,15.16799,15.157960000000001,1,1
24.08.2021 01:26:52.588,15.168190000000001,15.157960000000001,1,1
24.08.2021 01:26:52.639,15.16839,15.157960000000001,1,1
24.08.2021 01:26:52.690,15.16879,15.157960000000001,1,1
24.08.2021 01:26:55.613,15.16879,15.157910000000001,1,1
24.08.2021 01:26:55.714,15.16829,15.156360000000001,1,1
24.08.2021 01:26:55.867,15.16849,15.157960000000001,1,1
24.08.2021 01:26:55.918,15.16869,15.157960000000001,1,1
24.08.2021 01:26:56.731,15.16879,15.157960000000001,1,1
24.08.2021 01:27:02.911,15.16849,15.157960000000001,1,1
24.08.2021 01:27:05.519,15.168190000000001,15.157960000000001,1,1
24.08.2021 01:27:05.789,15.1685,15.157950000000001,1,1
24.08.2021 01:27:06.270,15.16869,15.157960000000001,1,1
24.08.2021 01:27:08.494,15.16869,15.157910000000001,1,1
24.08.2021 01:27:08.545,15.16809,15.15653,1,1
24.08.2021 01:27:08.765,15.1683,15.157950000000001,1,1
24.08.2021 01:27:09.460,15.16839,15.157960000000001,1,1
24.08.2021 01:27:15.940,15.16809,15.157960000000001,1,1
24.08.2021 01:27:15.991,15.16829,15.157960000000001,1,1
24.08.2021 01:27:17.275,15.16789,15.157960000000001,1,1
24.08.2021 01:27:19.629,15.16789,15.15723,1,1
24.08.2021 01:27:19.680,15.16749,15.157960000000001,1,1
24.08.2021 01:27:21.010,15.16769,15.157960000000001,1,1
24.08.2021 01:27:30.614,15.16769,15.157910000000001,1,1
24.08.2021 01:27:30.664,15.1674,15.157850000000002,1,1
24.08.2021 01:27:34.190,15.16759,15.157860000000001,1,1
24.08.2021 01:27:35.684,15.16759,15.157660000000002,1,1
24.08.2021 01:27:38.751,15.16779,15.157660000000002,1,1
24.08.2021 01:27:38.821,15.16799,15.157660000000002,1,1
24.08.2021 01:27:47.616,15.16799,15.157610000000002,1,1
24.08.2021 01:27:47.667,15.16769,15.157610000000002,1,1
24.08.2021 01:27:47.944,15.16789,15.157660000000002,1,1
24.08.2021 01:27:48.754,15.16829,15.157660000000002,1,1
24.08.2021 01:27:51.203,15.16839,15.157660000000002,1,1
24.08.2021 01:28:06.616,15.16839,15.157250000000001,1,1
24.08.2021 01:28:06.666,15.16809,15.157960000000001,1,1
24.08.2021 01:28:06.717,15.16829,15.157960000000001,1,1
24.08.2021 01:28:06.918,15.16849,15.157960000000001,1,1
24.08.2021 01:28:08.494,15.16849,15.157910000000001,1,1
24.08.2021 01:28:08.634,15.16849,15.15643,1,1
24.08.2021 01:28:08.714,15.16849,15.156160000000002,1,1
24.08.2021 01:28:08.815,15.16849,15.157960000000001,1,1
24.08.2021 01:28:18.503,15.16849,15.157910000000001,1,1
24.08.2021 01:28:18.554,15.168190000000001,15.15726,1,1
24.08.2021 01:28:18.924,15.1684,15.157250000000001,1,1
24.08.2021 01:28:19.646,15.16839,15.157960000000001,1,1
24.08.2021 01:28:21.250,15.16839,15.157660000000002,1,1
24.08.2021 01:28:24.200,15.16839,15.157610000000002,1,1
24.08.2021 01:28:24.251,15.16839,15.15726,1,1
24.08.2021 01:28:24.757,15.16799,15.15726,1,1
24.08.2021 01:28:24.810,15.16799,15.157210000000001,1,1
24.08.2021 01:28:24.861,15.16799,15.156550000000001,1,1
24.08.2021 01:28:24.962,15.16799,15.156500000000001,1,1
24.08.2021 01:28:26.930,15.167300000000001,15.15649,1,1
24.08.2021 01:28:27.359,15.16729,15.15653,1,1
24.08.2021 01:28:27.409,15.167900000000001,15.15625,1,1
24.08.2021 01:28:33.166,15.16779,15.15649,1,1
24.08.2021 01:28:35.736,15.16779,15.15666,1,1
24.08.2021 01:28:36.476,15.168000000000001,15.15665,1,1
24.08.2021 01:28:36.528,15.168190000000001,15.15666,1,1
24.08.2021 01:28:37.367,15.16809,15.15666,1,1
24.08.2021 01:28:38.548,15.1683,15.156520000000002,1,1
24.08.2021 01:28:38.749,15.16829,15.156760000000002,1,1
24.08.2021 01:28:39.638,15.16799,15.15656,1,1
24.08.2021 01:28:41.556,15.168190000000001,15.15656,1,1
24.08.2021 01:28:44.941,15.168190000000001,15.157060000000001,1,1
24.08.2021 01:28:46.156,15.16789,15.157060000000001,1,1
24.08.2021 01:28:48.764,15.16789,15.157010000000001,1,1
24.08.2021 01:28:48.815,15.16739,15.15603,1,1.25
24.08.2021 01:28:48.866,15.16739,15.156,1,1
24.08.2021 01:28:49.018,15.16739,15.15513,1,1.25
24.08.2021 01:28:49.918,15.16739,15.15513,1,1.25
24.08.2021 01:28:50.029,15.16719,15.155000000000001,1,1
24.08.2021 01:28:50.591,15.16789,15.155000000000001,1,1
24.08.2021 01:28:51.313,15.16759,15.155000000000001,1,1
24.08.2021 01:28:55.513,15.16719,15.1532,1,1.5
24.08.2021 01:28:55.613,15.16719,15.1532,1,1
24.08.2021 01:28:55.907,15.16649,15.15271,1,1
24.08.2021 01:28:56.008,15.16559,15.152000000000001,1,1
24.08.2021 01:28:56.159,15.16559,15.151729999999999,1,1.25
24.08.2021 01:28:56.514,15.16559,15.15134,1,1
24.08.2021 01:28:56.715,15.16559,15.15094,1,1
24.08.2021 01:28:57.118,15.165600000000001,15.15073,1,1
24.08.2021 01:28:57.319,15.16559,15.15074,1,1
24.08.2021 01:28:57.520,15.16559,15.15114,1,1
24.08.2021 01:28:57.885,15.16559,15.1507,1,1.5
24.08.2021 01:28:58.255,15.1652,15.15069,1,1.5
24.08.2021 01:29:02.425,15.16549,15.1507,1,1.5
24.08.2021 01:29:05.463,15.16499,15.150120000000001,1,1
24.08.2021 01:29:05.514,15.165000000000001,15.150320000000002,1.5,1
24.08.2021 01:29:05.615,15.16499,15.150120000000001,1,1
24.08.2021 01:29:05.665,15.16499,15.150120000000001,1,1
24.08.2021 01:29:05.766,15.16409,15.14994,1,1
24.08.2021 01:29:05.867,15.16259,15.14963,1,1
24.08.2021 01:29:06.042,15.16319,15.149500000000002,1,1
24.08.2021 01:29:06.143,15.163590000000001,15.149500000000002,1,1
24.08.2021 01:29:06.244,15.163590000000001,15.14963,1,1
24.08.2021 01:29:06.385,15.16369,15.14963,1,1
24.08.2021 01:29:06.435,15.1637,15.149620000000002,1,1
24.08.2021 01:29:11.141,15.16419,15.14963,1,1
24.08.2021 01:29:11.486,15.16449,15.14963,1,1
24.08.2021 01:29:13.133,15.16479,15.14963,1,1
24.08.2021 01:29:13.330,15.16479,15.14981,1,1
24.08.2021 01:29:13.731,15.16479,15.14981,1,1
24.08.2021 01:29:17.011,15.16489,15.14981,1,1
24.08.2021 01:29:22.648,15.16489,15.14981,1,1
24.08.2021 01:29:32.670,15.16489,15.14981,1,1
24.08.2021 01:29:32.866,15.16489,15.14981,1,1
24.08.2021 01:29:38.596,15.16489,15.14971,1,1
24.08.2021 01:29:39.940,15.164390000000001,15.14971,1,1
24.08.2021 01:29:40.505,15.164390000000001,15.14971,1,1
24.08.2021 01:29:42.763,15.16409,15.14971,1,1
24.08.2021 01:29:43.780,15.16409,15.14974,1,1
24.08.2021 01:29:52.377,15.16409,15.14971,1,1
24.08.2021 01:29:52.578,15.164100000000001,15.14973,1,1
24.08.2021 01:29:53.674,15.16409,15.14971,1,1
24.08.2021 01:29:53.838,15.16409,15.14971,1,1
24.08.2021 01:29:55.898,15.16409,15.14971,1,1
24.08.2021 01:29:56.312,15.164100000000001,15.149700000000001,1,1
24.08.2021 01:29:56.671,15.16409,15.15044,1,1
24.08.2021 01:29:56.721,15.164390000000001,15.151220000000002,1,1
24.08.2021 01:29:56.826,15.164390000000001,15.150660000000002,1,1
24.08.2021 01:29:58.343,15.164390000000001,15.151220000000002,1,1
24.08.2021 01:29:58.912,15.164390000000001,15.151220000000002,1,1
24.08.2021 01:29:59.070,15.164390000000001,15.151220000000002,1,1
24.08.2021 01:30:00.824,15.16409,15.150660000000002,1,1
24.08.2021 01:30:02.036,15.16379,15.15053,1,1
24.08.2021 01:30:12.052,15.16459,15.14953,1,1
24.08.2021 01:30:12.177,15.16459,15.14934,1,1
24.08.2021 01:30:12.227,15.16459,15.14934,1,1
24.08.2021 01:30:13.154,15.16459,15.149160000000002,1,1
24.08.2021 01:30:15.551,15.16489,15.149160000000002,1,1
24.08.2021 01:30:23.665,15.16489,15.14894,1,1
24.08.2021 01:30:23.716,15.1644,15.148520000000001,1,1
24.08.2021 01:30:23.923,15.16409,15.14853,1,1
24.08.2021 01:30:24.247,15.16379,15.14853,1,1
24.08.2021 01:30:32.975,15.16409,15.149160000000002,1,1
24.08.2021 01:30:34.603,15.16409,15.149160000000002,1,1
24.08.2021 01:30:36.091,15.16419,15.149160000000002,1,1
24.08.2021 01:30:37.141,15.16419,15.149160000000002,1,1
24.08.2021 01:30:37.191,15.16479,15.14984,1,1
24.08.2021 01:30:37.341,15.16479,15.14984,1,1
24.08.2021 01:30:38.500,15.16499,15.14984,1,1
24.08.2021 01:30:47.814,15.16529,15.14984,1,1
24.08.2021 01:30:52.276,15.16559,15.14984,1,1
24.08.2021 01:30:55.603,15.16559,15.14984,1,1
24.08.2021 01:30:58.346,15.165890000000001,15.14974,1,1
24.08.2021 01:31:03.179,15.165890000000001,15.14984,1,1
24.08.2021 01:31:05.104,15.165600000000001,15.14983,1,1
24.08.2021 01:31:15.296,15.16529,15.14984,1,1
24.08.2021 01:31:24.031,15.16529,15.149720000000002,1,1
24.08.2021 01:31:24.081,15.16489,15.149260000000002,1,1
24.08.2021 01:31:24.261,15.16459,15.149260000000002,1,1
24.08.2021 01:31:26.957,15.16459,15.149460000000001,1,1
24.08.2021 01:31:29.878,15.16489,15.14973,1,1
24.08.2021 01:31:30.035,15.16489,15.149820000000002,1,1
24.08.2021 01:31:32.173,15.16509,15.149820000000002,1,1
24.08.2021 01:31:35.708,15.16539,15.149820000000002,1,1
24.08.2021 01:31:37.226,15.16539,15.149820000000002,1,1
24.08.2021 01:31:37.382,15.16539,15.149820000000002,1,1
24.08.2021 01:31:42.573,15.16539,15.14963,1,1
24.08.2021 01:32:00.881,15.16539,15.14964,1,1
24.08.2021 01:32:06.427,15.16479,15.149060000000002,1,1
24.08.2021 01:32:07.252,15.16509,15.149060000000002,1,1
24.08.2021 01:32:07.708,15.16479,15.149060000000002,1,1
24.08.2021 01:32:08.607,15.16479,15.149060000000002,1,1
24.08.2021 01:32:13.345,15.163590000000001,15.149060000000002,1,1
24.08.2021 01:32:13.715,15.163400000000001,15.14905,1,1
24.08.2021 01:32:14.389,15.16379,15.14924,1,1
24.08.2021 01:32:14.539,15.16379,15.14953,1,1
24.08.2021 01:32:14.816,15.16409,15.14953,1,1
24.08.2021 01:32:17.815,15.16409,15.14953,1,1
24.08.2021 01:32:17.967,15.164100000000001,15.149520000000003,1,1
24.08.2021 01:32:21.077,15.16429,15.14953,1,1
24.08.2021 01:32:28.235,15.16409,15.14953,1,1
24.08.2021 01:32:40.905,15.16429,15.14934,1,1
24.08.2021 01:32:50.824,15.16429,15.14964,1,1
24.08.2021 01:32:52.557,15.16429,15.149210000000002,1,1
24.08.2021 01:32:52.607,15.16379,15.148629999999999,1,1
24.08.2021 01:32:52.757,15.16379,15.149210000000002,1,1
24.08.2021 01:32:52.808,15.164000000000001,15.1492,1,1
24.08.2021 01:32:52.961,15.16399,15.148560000000002,1,1
24.08.2021 01:32:53.197,15.16349,15.148560000000002,1,1
24.08.2021 01:33:01.277,15.16329,15.148560000000002,1,1
24.08.2021 01:33:01.478,15.16309,15.148560000000002,1,1
24.08.2021 01:33:01.805,15.16289,15.148560000000002,1,1
24.08.2021 01:33:08.562,15.16289,15.14813,1,1
24.08.2021 01:33:10.215,15.167070000000002,15.14813,1,1
24.08.2021 01:33:12.977,15.16708,15.147820000000001,1,1
24.08.2021 01:33:24.383,15.167070000000002,15.14803,1,1
24.08.2021 01:33:24.484,15.167770000000003,15.14816,1,1
24.08.2021 01:33:24.585,15.168470000000001,15.149260000000002,1,1
24.08.2021 01:33:24.635,15.168479999999999,15.14925,1,1
24.08.2021 01:33:25.026,15.168470000000001,15.149260000000002,1,1
24.08.2021 01:33:25.525,15.168470000000001,15.15005,1,1
24.08.2021 01:33:25.679,15.168470000000001,15.15005,1,1.5
24.08.2021 01:33:26.379,15.168660000000001,15.150260000000001,1.25,1
24.08.2021 01:33:27.870,15.168660000000001,15.150260000000001,1.25,1
24.08.2021 01:33:28.043,15.168870000000002,15.150250000000002,1.25,1
24.08.2021 01:33:28.711,15.16886,15.150060000000002,1.25,1
24.08.2021 01:33:29.503,15.16886,15.15049,1.25,1
24.08.2021 01:33:31.657,15.168960000000002,15.150760000000002,1.25,1
24.08.2021 01:33:31.757,15.168960000000002,15.150760000000002,1.25,1
24.08.2021 01:33:32.607,15.16886,15.150760000000002,1.25,1
24.08.2021 01:33:38.312,15.16886,15.15128,1.25,1
24.08.2021 01:33:39.147,15.16886,15.15138,1.25,1
24.08.2021 01:33:44.199,15.168960000000002,15.15138,1.25,1.5
24.08.2021 01:33:44.623,15.168960000000002,15.152050000000001,1.25,1
24.08.2021 01:33:45.658,15.168970000000002,15.15223,1.25,1
24.08.2021 01:33:48.633,15.168960000000002,15.15234,1.25,1
24.08.2021 01:33:50.722,15.168960000000002,15.152429999999999,1,1
24.08.2021 01:33:55.679,15.169060000000002,15.152429999999999,1,1
24.08.2021 01:34:09.414,15.16876,15.152429999999999,1,1
24.08.2021 01:34:09.567,15.169060000000002,15.152429999999999,1,1
24.08.2021 01:34:39.240,15.169060000000002,15.15288,1,1
24.08.2021 01:34:41.246,15.169060000000002,15.15289,1,1
24.08.2021 01:34:42.663,15.169060000000002,15.15299,1,1
24.08.2021 01:34:44.093,15.169060000000002,15.15308,1,1
24.08.2021 01:34:46.653,15.169060000000002,15.15319,1,1
24.08.2021 01:34:49.389,15.169160000000002,15.15319,1,1
24.08.2021 01:34:50.745,15.169160000000002,15.153279999999999,1,1
24.08.2021 01:34:54.669,15.169060000000002,15.153279999999999,1,1
24.08.2021 01:35:01.027,15.169060000000002,15.153279999999999,1,1
24.08.2021 01:35:01.181,15.169060000000002,15.153279999999999,1,1
24.08.2021 01:35:01.381,15.168960000000002,15.153279999999999,1,1
24.08.2021 01:35:01.633,15.169060000000002,15.153279999999999,1,1
24.08.2021 01:35:34.215,15.169060000000002,15.15365,1,1
24.08.2021 01:35:34.687,15.169060000000002,15.15383,1,1
24.08.2021 01:35:39.632,15.169060000000002,15.15383,1,1
24.08.2021 01:35:39.889,15.169160000000002,15.15384,1,1
24.08.2021 01:35:41.738,15.169160000000002,15.15389,1,1
24.08.2021 01:35:44.734,15.169160000000002,15.15399,1,1
24.08.2021 01:35:46.352,15.169060000000002,15.15399,1,1
24.08.2021 01:35:46.506,15.169060000000002,15.15399,1,1
24.08.2021 01:35:47.650,15.169160000000002,15.15399,1,1
24.08.2021 01:35:47.751,15.169170000000001,15.153979999999999,1,1
24.08.2021 01:35:47.852,15.169060000000002,15.153979999999999,1,1
24.08.2021 01:35:47.953,15.169060000000002,15.15399,1,1
24.08.2021 01:35:48.934,15.169060000000002,15.15399,1,1
24.08.2021 01:35:50.729,15.169060000000002,15.15409,1,1
24.08.2021 01:35:51.334,15.168970000000002,15.15409,1,1
24.08.2021 01:35:51.535,15.169060000000002,15.15409,1,1
24.08.2021 01:35:51.741,15.16886,15.15409,1,1
24.08.2021 01:35:54.740,15.169060000000002,15.15409,1,1
24.08.2021 01:35:54.894,15.168960000000002,15.15409,1,1
24.08.2021 01:36:01.325,15.169060000000002,15.15409,1,1
24.08.2021 01:36:01.445,15.169060000000002,15.15408,1,1
24.08.2021 01:36:07.102,15.168660000000001,15.15408,1,1
24.08.2021 01:36:07.253,15.169060000000002,15.15408,1,1
24.08.2021 01:36:08.061,15.168770000000002,15.154070000000003,1,1
24.08.2021 01:36:08.484,15.16876,15.15409,1,1
24.08.2021 01:36:14.918,15.169060000000002,15.15409,1,1
24.08.2021 01:36:15.279,15.169060000000002,15.15409,1,1
24.08.2021 01:36:21.900,15.169070000000001,15.15408,1,1
24.08.2021 01:36:22.758,15.169160000000002,15.15409,1,1
24.08.2021 01:36:22.959,15.169070000000001,15.15408,1,1
24.08.2021 01:36:23.314,15.168660000000001,15.15409,1,1
24.08.2021 01:36:24.576,15.168660000000001,15.15409,1,1
24.08.2021 01:36:24.732,15.168660000000001,15.15408,1,1
24.08.2021 01:36:29.141,15.168660000000001,15.15429,1,1
24.08.2021 01:36:29.914,15.168660000000001,15.15439,1,1
24.08.2021 01:36:34.431,15.168660000000001,15.15438,1,1.5
24.08.2021 01:36:36.604,15.168660000000001,15.15438,1,1.5
24.08.2021 01:36:37.811,15.168660000000001,15.154490000000001,1,1
24.08.2021 01:36:42.811,15.168660000000001,15.15459,1,1
24.08.2021 01:36:47.005,15.168660000000001,15.15459,1,1
24.08.2021 01:36:48.610,15.168660000000001,15.15463,1,1
24.08.2021 01:36:49.041,15.168560000000001,15.15463,1,1
24.08.2021 01:36:49.142,15.168660000000001,15.15464,1,1
24.08.2021 01:36:49.245,15.168660000000001,15.15464,1,1
24.08.2021 01:36:51.969,15.168660000000001,15.15463,1,1
24.08.2021 01:37:12.927,15.169160000000002,15.15464,1.25,1
24.08.2021 01:37:12.979,15.169160000000002,15.15464,1.25,1
24.08.2021 01:37:13.085,15.168970000000002,15.15286,1.25,1.5
24.08.2021 01:37:13.136,15.168970000000002,15.15349,1.25,1
24.08.2021 01:37:13.236,15.16898,15.15324,1.25,1.5
24.08.2021 01:37:14.587,15.169070000000001,15.15324,1,1.5
24.08.2021 01:37:14.638,15.169070000000001,15.153370000000002,1,1
24.08.2021 01:37:14.739,15.169970000000001,15.15383,1.25,1.5
24.08.2021 01:37:14.940,15.169970000000001,15.154,1,1
24.08.2021 01:37:14.991,15.17029,15.154,1,1
24.08.2021 01:37:15.334,15.17029,15.154,1.25,1
24.08.2021 01:37:15.435,15.17029,15.154,1,1
24.08.2021 01:37:16.448,15.169979999999999,15.153820000000001,1,1.5
24.08.2021 01:37:17.070,15.169979999999999,15.15399,1,1
24.08.2021 01:37:17.262,15.17029,15.154,1,1
24.08.2021 01:37:29.695,15.169970000000001,15.1537,1.25,1
24.08.2021 01:37:29.746,15.169970000000001,15.154,1,1
24.08.2021 01:37:29.891,15.17029,15.154,1,1
24.08.2021 01:37:40.696,15.17029,15.15383,1.25,1
24.08.2021 01:37:40.746,15.169970000000001,15.154,1,1
24.08.2021 01:37:51.577,15.169970000000001,15.152529999999999,1.25,1.62
24.08.2021 01:37:51.628,15.169970000000001,15.154,1,1
24.08.2021 01:37:51.771,15.17029,15.154,1,1
24.08.2021 01:38:05.697,15.169970000000001,15.1537,1,1
24.08.2021 01:38:05.889,15.17029,15.154,1,1
24.08.2021 01:38:06.583,15.169970000000001,15.154,1,1
24.08.2021 01:38:06.684,15.169870000000001,15.154,1,1
24.08.2021 01:38:19.808,15.169260000000001,15.15374,1,1
24.08.2021 01:38:19.859,15.169260000000001,15.15374,1.25,1
24.08.2021 01:38:19.960,15.169570000000002,15.15263,1.25,1
24.08.2021 01:38:20.188,15.169570000000002,15.153,1,1
24.08.2021 01:38:20.287,15.169570000000002,15.153,1.5,1
24.08.2021 01:38:34.908,15.17018,15.15299,1,1
24.08.2021 01:38:35.085,15.170170000000002,15.153,1,1
24.08.2021 01:38:35.435,15.170170000000002,15.153,1,1
24.08.2021 01:38:43.198,15.170170000000002,15.153,1,1
24.08.2021 01:38:44.215,15.170170000000002,15.153,1,1
24.08.2021 01:38:44.415,15.170170000000002,15.153,1,1
24.08.2021 01:38:49.698,15.170170000000002,15.153,1,1
24.08.2021 01:38:49.799,15.17018,15.15299,1.5,1
24.08.2021 01:38:49.850,15.170170000000002,15.153,1,1
24.08.2021 01:38:50.154,15.170170000000002,15.153,1,1
24.08.2021 01:38:57.092,15.170170000000002,15.153,1,1
24.08.2021 01:38:57.252,15.170170000000002,15.153,1,1
24.08.2021 01:39:00.699,15.17018,15.15269,1.25,1
24.08.2021 01:39:00.749,15.170170000000002,15.153,1,1
24.08.2021 01:39:00.832,15.170170000000002,15.153,1,1
24.08.2021 01:39:04.831,15.170170000000002,15.153,1,1
24.08.2021 01:39:10.901,15.170170000000002,15.153,1,1
24.08.2021 01:39:11.056,15.170170000000002,15.153,1,1
24.08.2021 01:39:11.700,15.170170000000002,15.152700000000001,1.25,1
24.08.2021 01:39:11.834,15.17018,15.152429999999999,1.25,1
24.08.2021 01:39:12.209,15.170270000000002,15.153500000000001,1,1
24.08.2021 01:39:12.349,15.17018,15.15349,1.25,1
24.08.2021 01:39:12.641,15.170170000000002,15.153500000000001,1,1
24.08.2021 01:39:12.691,15.170270000000002,15.153500000000001,1,1
24.08.2021 01:39:27.701,15.17029,15.15349,1.25,1.5
24.08.2021 01:39:27.916,15.17018,15.15498,1.25,1
24.08.2021 01:39:28.769,15.17029,15.15499,1.25,1
24.08.2021 01:39:35.379,15.17029,15.155000000000001,1,1
24.08.2021 01:39:37.773,15.170170000000002,15.153960000000001,1.25,1
24.08.2021 01:39:37.984,15.170300000000001,15.155479999999999,1,1
24.08.2021 01:39:38.135,15.170170000000002,15.15549,1,1
24.08.2021 01:39:41.104,15.17018,15.155479999999999,1,1
24.08.2021 01:39:44.772,15.17028,15.155479999999999,1,1
24.08.2021 01:39:48.213,15.170270000000002,15.1552,1.25,1
24.08.2021 01:39:48.314,15.17029,15.15426,1.25,1
24.08.2021 01:39:48.511,15.170170000000002,15.15549,1,1
24.08.2021 01:39:49.029,15.170170000000002,15.15549,1.25,1
24.08.2021 01:39:49.080,15.170170000000002,15.15549,1.25,1
24.08.2021 01:39:55.604,15.170170000000002,15.15549,1.25,1
24.08.2021 01:39:56.022,15.17029,15.15549,1.25,1
24.08.2021 01:39:59.702,15.17029,15.155160000000002,1.25,1
24.08.2021 01:39:59.918,15.170170000000002,15.15549,1,1
24.08.2021 01:40:09.987,15.170170000000002,15.15549,1,1
24.08.2021 01:40:14.193,15.17029,15.155160000000002,1.25,1
24.08.2021 01:40:14.416,15.17029,15.155160000000002,1.25,1
24.08.2021 01:40:14.653,15.17029,15.155160000000002,1.25,1
24.08.2021 01:40:14.704,15.170670000000001,15.154010000000001,1.25,1.5
24.08.2021 01:40:15.025,15.170410000000002,15.154,1,1.75
24.08.2021 01:40:15.134,15.17029,15.15436,1.25,1.25
24.08.2021 01:40:23.733,15.170470000000002,15.15436,1.25,1.25
24.08.2021 01:40:25.653,15.170470000000002,15.15436,1.25,1.25
24.08.2021 01:40:25.704,15.17029,15.154,1,1.5
24.08.2021 01:40:25.857,15.170670000000001,15.154,1,1
24.08.2021 01:40:25.907,15.170679999999999,15.153550000000001,1.25,1.25
24.08.2021 01:40:26.060,15.17029,15.15356,1,1.25
24.08.2021 01:40:28.680,15.17029,15.15356,1.25,1.25
24.08.2021 01:40:36.704,15.170870000000003,15.154,1.25,1
24.08.2021 01:40:36.952,15.170770000000003,15.15356,1.25,1
24.08.2021 01:40:47.653,15.17029,15.15356,1.25,1.25
24.08.2021 01:40:47.704,15.17029,15.154,1.25,1
24.08.2021 01:40:47.848,15.17029,15.154,1,1
24.08.2021 01:40:47.952,15.1708,15.154,1.75,1
24.08.2021 01:40:48.185,15.170410000000002,15.154,1,1
24.08.2021 01:40:48.373,15.170410000000002,15.15356,1,1.25
24.08.2021 01:40:48.423,15.170770000000003,15.15356,1.25,1.25
24.08.2021 01:40:59.654,15.1708,15.15356,1.75,1.25
24.08.2021 01:40:59.705,15.170870000000003,15.15445,1.25,1
24.08.2021 01:40:59.756,15.170870000000003,15.153770000000002,1.25,1
24.08.2021 01:40:59.806,15.170870000000003,15.15404,1.25,1
24.08.2021 01:40:59.984,15.170670000000001,15.15356,1.25,1
24.08.2021 01:41:00.035,15.170670000000001,15.15356,1.25,1.25
24.08.2021 01:41:00.085,15.17029,15.15356,1,1.25
24.08.2021 01:41:02.502,15.17029,15.15356,1,1.25
24.08.2021 01:41:02.902,15.170370000000002,15.15356,1,1.25
24.08.2021 01:41:03.496,15.17029,15.15356,1,1.25
24.08.2021 01:41:08.496,15.17029,15.15506,1,1.25
24.08.2021 01:41:08.713,15.170870000000003,15.15506,1.25,1
24.08.2021 01:41:08.901,15.17029,15.15506,1,1.25
24.08.2021 01:41:18.655,15.17029,15.15506,1,1.25
24.08.2021 01:41:18.706,15.170870000000003,15.1547,1.25,1
24.08.2021 01:41:19.735,15.17029,15.15506,1,1.25
24.08.2021 01:41:25.760,15.170470000000002,15.15506,1.25,1.25
24.08.2021 01:41:30.656,15.170470000000002,15.15506,1.25,1.25
24.08.2021 01:41:30.707,15.170870000000003,15.15506,1.25,1
24.08.2021 01:41:30.758,15.170770000000003,15.15506,1,1.25
24.08.2021 01:41:30.899,15.17029,15.15506,1.25,1.25
24.08.2021 01:41:38.558,15.17029,15.15426,1.25,1.25
24.08.2021 01:41:38.609,15.17088,15.15423,1.25,1.5
24.08.2021 01:41:38.760,15.17088,15.154250000000001,1.25,1
24.08.2021 01:41:42.657,15.17029,15.15426,1.25,1.25
24.08.2021 01:41:42.708,15.17018,15.154570000000001,1,1.5
24.08.2021 01:41:42.809,15.170170000000002,15.15363,1,1
24.08.2021 01:41:42.914,15.170170000000002,15.155990000000001,1.25,1
24.08.2021 01:42:06.008,15.17029,15.15459,1.25,1
24.08.2021 01:42:06.109,15.17018,15.15264,1.25,1.5
24.08.2021 01:42:16.567,15.170300000000001,15.155479999999999,1.25,1
24.08.2021 01:42:23.177,15.16956,15.15549,1.25,1
24.08.2021 01:42:29.526,15.169070000000001,15.155479999999999,1,1
24.08.2021 01:42:30.023,15.169060000000002,15.15549,1,1
24.08.2021 01:42:36.941,15.169060000000002,15.15549,1,1
24.08.2021 01:42:38.604,15.169860000000002,15.15549,1.25,1
24.08.2021 01:42:47.709,15.170160000000001,15.15214,1.25,1
24.08.2021 01:43:46.574,15.169070000000001,15.15549,1,1
24.08.2021 01:43:46.733,15.170070000000003,15.15549,1,1
24.08.2021 01:43:49.604,15.170070000000003,15.15549,1,1
24.08.2021 01:44:20.714,15.169860000000002,15.15264,1,1
24.08.2021 01:44:20.815,15.16946,15.15533,1,1
24.08.2021 01:44:20.915,15.16956,15.151360000000002,1,1
24.08.2021 01:44:21.316,15.16946,15.15399,1,1
24.08.2021 01:44:25.892,15.16946,15.15399,1,1
24.08.2021 01:44:31.904,15.16958,15.154,1,1
24.08.2021 01:44:32.105,15.17029,15.154,1,1
24.08.2021 01:44:37.526,15.17029,15.154,1,1
24.08.2021 01:44:49.715,15.170070000000003,15.152210000000002,1.25,1
24.08.2021 01:44:49.765,15.170079999999999,15.15299,1,1
24.08.2021 01:44:49.816,15.170070000000003,15.153,1,1
24.08.2021 01:44:49.874,15.170070000000003,15.153,1,1
24.08.2021 01:44:50.247,15.17029,15.153,1,1
24.08.2021 01:44:50.298,15.17029,15.153,1.25,1
24.08.2021 01:44:50.449,15.17029,15.153,1.25,1
24.08.2021 01:44:50.757,15.170079999999999,15.1545,1,1
24.08.2021 01:44:50.813,15.170079999999999,15.1545,1.25,1
24.08.2021 01:44:51.160,15.170270000000002,15.1545,1,1
24.08.2021 01:44:53.990,15.169960000000001,15.152560000000001,1.25,1
24.08.2021 01:44:54.191,15.17009,15.154490000000001,1,1
24.08.2021 01:44:54.298,15.169970000000001,15.1545,1.25,1
24.08.2021 01:44:54.399,15.169760000000002,15.1545,1.25,1
24.08.2021 01:44:54.600,15.170079999999999,15.154490000000001,1,1
24.08.2021 01:44:54.963,15.169960000000001,15.1545,1.25,1
24.08.2021 01:44:55.014,15.169960000000001,15.1545,1.25,1
24.08.2021 01:44:55.118,15.169960000000001,15.1545,1.25,1
24.08.2021 01:44:55.320,15.170270000000002,15.1545,1,1
24.08.2021 01:44:55.975,15.169960000000001,15.152560000000001,1.25,1
24.08.2021 01:44:56.076,15.169960000000001,15.15206,1.25,1
24.08.2021 01:44:56.126,15.169960000000001,15.15206,1.25,1
24.08.2021 01:44:56.177,15.169960000000001,15.15206,1.25,1
24.08.2021 01:44:56.349,15.169960000000001,15.15206,1.25,1
24.08.2021 01:44:56.450,15.169660000000002,15.15206,1.25,1
24.08.2021 01:44:56.947,15.169660000000002,15.15206,1.25,1
24.08.2021 01:44:57.207,15.170070000000003,15.15206,1.25,1
24.08.2021 01:44:57.478,15.170270000000002,15.1545,1,1
24.08.2021 01:44:57.961,15.170070000000003,15.1545,1.25,1
