Gmt time,Ask,Bid,AskVolume,BidVolume
23.08.2021 00:00:00.126,15.329410000000001,15.308810000000001,1.2,1
23.08.2021 00:00:00.228,15.329410000000001,15.311420000000002,1.2,1.5
23.08.2021 00:00:00.278,15.329410000000001,15.311420000000002,1.2,1.5
23.08.2021 00:00:00.329,15.329410000000001,15.3118,1.2,1.5
23.08.2021 00:00:00.379,15.329410000000001,15.3118,1.2,1.5
23.08.2021 00:00:00.897,15.329420000000002,15.31199,1.2,1.5
23.08.2021 00:00:00.947,15.329410000000001,15.312000000000001,1.2,1.5
23.08.2021 00:00:00.998,15.329410000000001,15.31109,1.2,2
23.08.2021 00:00:01.048,15.329410000000001,15.31109,1.2,2
23.08.2021 00:00:01.149,15.329410000000001,15.31159,1.2,1.5
23.08.2021 00:00:01.250,15.329410000000001,15.31254,1.2,1.5
23.08.2021 00:00:01.451,15.329410000000001,15.31319,1.2,1.5
23.08.2021 00:00:01.552,15.329410000000001,15.31319,1.2,1.5
23.08.2021 00:00:02.640,15.329410000000001,15.31334,1.2,1.5
23.08.2021 00:00:02.791,15.330170000000003,15.313329999999999,1.2,2
23.08.2021 00:00:02.891,15.330160000000001,15.31444,1.2,1.5
23.08.2021 00:00:03.260,15.330170000000003,15.31438,1.2,1.5
23.08.2021 00:00:03.488,15.330160000000001,15.31448,1.2,1.5
23.08.2021 00:00:03.538,15.330160000000001,15.31449,1.2,2
23.08.2021 00:00:03.589,15.330160000000001,15.31449,1.2,2
23.08.2021 00:00:03.690,15.330520000000002,15.31469,1,1.5
23.08.2021 00:00:03.790,15.334310000000002,15.314779999999999,1,1.5
23.08.2021 00:00:03.841,15.333820000000001,15.31308,1,1.5
23.08.2021 00:00:03.891,15.334200000000001,15.31309,1,1.5
23.08.2021 00:00:03.992,15.334810000000001,15.31234,1,1.5
23.08.2021 00:00:04.093,15.334850000000001,15.31254,1,1.5
23.08.2021 00:00:04.144,15.32956,15.31319,1.2,2
23.08.2021 00:00:04.353,15.32956,15.31294,1.2,1.5
23.08.2021 00:00:04.842,15.32956,15.31294,1.2,1.5
23.08.2021 00:00:04.943,15.32956,15.31294,1.2,1.5
23.08.2021 00:00:05.113,15.32956,15.31324,1.2,2
23.08.2021 00:00:06.515,15.329420000000002,15.313229999999999,1.2,2
23.08.2021 00:00:06.903,15.329410000000001,15.31324,1.2,2
23.08.2021 00:00:07.683,15.334950000000001,15.31329,1,1.5
23.08.2021 00:00:07.734,15.33491,15.31329,1,1.5
23.08.2021 00:00:07.937,15.329410000000001,15.31329,1.2,1.5
23.08.2021 00:00:08.088,15.334900000000001,15.31324,1,2
23.08.2021 00:00:08.194,15.33488,15.31324,1,2
23.08.2021 00:00:10.200,15.334870000000002,15.31324,1,2
23.08.2021 00:00:12.264,15.335120000000002,15.31324,1,2
23.08.2021 00:00:12.401,15.33518,15.31324,1,2
23.08.2021 00:00:12.451,15.334950000000001,15.31324,1,2
23.08.2021 00:00:12.663,15.33505,15.313279999999999,1,2
23.08.2021 00:00:12.714,15.334950000000001,15.313279999999999,1,2
23.08.2021 00:00:12.764,15.33513,15.313279999999999,1,2
23.08.2021 00:00:12.867,15.335160000000002,15.31349,1,1.5
23.08.2021 00:00:13.567,15.3352,15.31354,1,1.5
23.08.2021 00:00:13.718,15.33523,15.31354,1,1.5
23.08.2021 00:00:13.768,15.33518,15.31354,1,2
23.08.2021 00:00:13.819,15.33523,15.31354,1,2
23.08.2021 00:00:17.113,15.335260000000002,15.31358,1,1.5
23.08.2021 00:00:17.214,15.335270000000001,15.31359,1,2
23.08.2021 00:00:17.946,15.33529,15.31363,1,1.5
23.08.2021 00:00:19.790,15.335329999999999,15.31363,1,2
23.08.2021 00:00:19.911,15.335360000000001,15.313620000000002,1,2
23.08.2021 00:00:21.839,15.33539,15.31368,1,2
23.08.2021 00:00:28.651,15.3351,15.313740000000001,1,2.75
23.08.2021 00:00:28.751,15.33505,15.31373,1,2
23.08.2021 00:00:28.802,15.335329999999999,15.313279999999999,1,2
23.08.2021 00:00:28.852,15.335270000000001,15.313279999999999,1,2
23.08.2021 00:00:28.903,15.33539,15.31368,1,1.5
23.08.2021 00:00:29.054,15.335550000000001,15.31373,1,1.5
23.08.2021 00:00:29.204,15.326920000000001,15.313620000000002,1.2,1.5
23.08.2021 00:00:29.255,15.32816,15.31363,1.2,1.5
23.08.2021 00:00:29.306,15.32816,15.31318,1.2,1.5
23.08.2021 00:00:29.407,15.32816,15.31344,1.2,1.5
23.08.2021 00:00:29.587,15.32816,15.31359,1.2,1.5
23.08.2021 00:00:29.638,15.32816,15.31359,1.2,1.5
23.08.2021 00:00:29.689,15.32816,15.31359,1.2,1.5
23.08.2021 00:00:29.790,15.32816,15.31389,1.2,1.5
23.08.2021 00:00:29.891,15.32816,15.31289,1.2,2
23.08.2021 00:00:29.992,15.328170000000002,15.313020000000002,1.2,1.5
23.08.2021 00:00:30.092,15.326360000000001,15.31284,1.2,2
23.08.2021 00:00:30.143,15.326370000000002,15.311570000000001,1.2,2
23.08.2021 00:00:30.193,15.326360000000001,15.31158,1.2,2
23.08.2021 00:00:30.244,15.326360000000001,15.312429999999999,1.2,1.5
23.08.2021 00:00:30.350,15.326360000000001,15.31189,1.2,1.5
23.08.2021 00:00:30.683,15.326360000000001,15.31179,1.2,2.75
23.08.2021 00:00:30.734,15.32816,15.31194,1.2,2
23.08.2021 00:00:31.626,15.32816,15.31194,1.2,2.75
23.08.2021 00:00:37.469,15.32816,15.31198,1.2,1.5
23.08.2021 00:00:46.775,15.32816,15.31199,1.2,2
23.08.2021 00:00:53.735,15.328170000000002,15.31213,1.2,1.5
23.08.2021 00:00:53.836,15.328170000000002,15.31213,1.2,1.5
23.08.2021 00:00:53.937,15.329210000000002,15.312670000000002,1,1
23.08.2021 00:00:53.987,15.33196,15.3133,1,1
23.08.2021 00:00:54.038,15.33196,15.314079999999999,1,1.5
23.08.2021 00:00:54.088,15.33196,15.314079999999999,1,1.5
23.08.2021 00:00:54.139,15.33196,15.31404,1,1.5
23.08.2021 00:00:54.189,15.33196,15.31404,1,1.5
23.08.2021 00:00:54.239,15.331970000000002,15.31463,1,1.5
23.08.2021 00:00:54.290,15.33196,15.31464,1,1.5
23.08.2021 00:00:54.340,15.33196,15.31479,1,2
23.08.2021 00:00:54.491,15.33196,15.31444,1,1.5
23.08.2021 00:00:54.555,15.33196,15.31444,1,1.5
23.08.2021 00:00:54.869,15.33191,15.31458,1.2,2.75
23.08.2021 00:00:54.970,15.331920000000002,15.314570000000002,1.2,2.75
23.08.2021 00:00:55.121,15.33595,15.31458,1,2
23.08.2021 00:00:55.171,15.330660000000002,15.31498,1.2,2
23.08.2021 00:00:55.221,15.330660000000002,15.31498,1.2,2
23.08.2021 00:00:55.272,15.330660000000002,15.31524,1.2,1.5
23.08.2021 00:00:55.322,15.330660000000002,15.31524,1.2,1.5
23.08.2021 00:00:55.373,15.330660000000002,15.315479999999999,1.2,1.5
23.08.2021 00:00:55.523,15.330670000000001,15.314729999999999,1.2,1.5
23.08.2021 00:00:55.674,15.330660000000002,15.314779999999999,1.2,1.5
23.08.2021 00:00:55.789,15.331170000000002,15.31493,1.2,1.5
23.08.2021 00:00:55.890,15.33116,15.31503,1.2,1.5
23.08.2021 00:00:56.044,15.33116,15.31514,1.2,2
23.08.2021 00:00:56.148,15.33116,15.31514,1.2,2
23.08.2021 00:00:56.295,15.33116,15.31559,1.2,2.75
23.08.2021 00:00:56.447,15.33116,15.31574,1.2,2.75
23.08.2021 00:00:56.677,15.33256,15.31574,1.2,2.75
23.08.2021 00:00:56.728,15.332360000000001,15.31574,1.2,2.75
23.08.2021 00:00:56.829,15.332360000000001,15.316040000000001,1.2,1.5
23.08.2021 00:00:56.930,15.332360000000001,15.31624,1.2,2
23.08.2021 00:00:57.031,15.331760000000001,15.31594,1.2,1.5
23.08.2021 00:00:57.081,15.331760000000001,15.31689,1.2,1.5
23.08.2021 00:00:57.182,15.331760000000001,15.31613,1.2,1.5
23.08.2021 00:00:57.283,15.331770000000002,15.31608,1.2,1.5
23.08.2021 00:00:57.333,15.331760000000001,15.31609,1.2,1.5
23.08.2021 00:00:57.434,15.332960000000002,15.31583,1.2,2
23.08.2021 00:00:57.485,15.332970000000001,15.316329999999999,1.2,2
23.08.2021 00:00:57.722,15.33799,15.31614,1,1.5
23.08.2021 00:00:57.873,15.331970000000002,15.316329999999999,1.2,1.5
23.08.2021 00:00:57.923,15.33196,15.31573,1.2,2.75
23.08.2021 00:00:58.024,15.33196,15.31574,1.2,2
23.08.2021 00:00:59.229,15.33196,15.31564,1.2,2.75
23.08.2021 00:01:00.213,15.33726,15.31564,1,2
23.08.2021 00:01:00.776,15.33728,15.31564,1,2
23.08.2021 00:01:00.877,15.337250000000001,15.31564,1,2
23.08.2021 00:01:01.307,15.33723,15.31559,1,2.75
23.08.2021 00:01:01.408,15.33709,15.31559,1,2
23.08.2021 00:01:02.820,15.337070000000002,15.31544,1,2
23.08.2021 00:01:07.163,15.337250000000001,15.31544,1,2
23.08.2021 00:01:07.263,15.33709,15.31544,1,2
23.08.2021 00:01:08.452,15.33708,15.31543,1,2.75
23.08.2021 00:01:08.502,15.337120000000002,15.31544,1,2.75
23.08.2021 00:01:08.552,15.337100000000001,15.31544,1,2.75
23.08.2021 00:01:14.212,15.33713,15.31543,1,2.75
23.08.2021 00:01:15.451,15.337100000000001,15.31544,1,2.75
23.08.2021 00:01:18.621,15.337270000000002,15.31543,1,2.75
23.08.2021 00:01:18.788,15.3373,15.31564,1,2
23.08.2021 00:01:21.117,15.336610000000002,15.31564,1,2
23.08.2021 00:01:21.218,15.33695,15.31494,1,2.75
23.08.2021 00:01:21.268,15.336910000000001,15.31494,1,2.75
23.08.2021 00:01:21.488,15.337010000000001,15.315290000000001,1,2
23.08.2021 00:01:21.610,15.337070000000002,15.31518,1,1.5
23.08.2021 00:01:21.711,15.337200000000001,15.31519,1,1.5
23.08.2021 00:01:22.904,15.33724,15.315529999999999,1,1.5
23.08.2021 00:01:25.242,15.337270000000002,15.315529999999999,1,1.5
23.08.2021 00:01:25.292,15.33628,15.31554,1,1.5
23.08.2021 00:01:25.342,15.330960000000001,15.31554,1.2,1.5
23.08.2021 00:01:25.443,15.330960000000001,15.31564,1.2,1.5
23.08.2021 00:01:25.544,15.330970000000002,15.314570000000002,1.2,2
23.08.2021 00:01:25.594,15.330960000000001,15.31479,1.2,1.5
23.08.2021 00:01:25.645,15.330960000000001,15.31479,1.2,1.5
23.08.2021 00:01:25.745,15.33191,15.315290000000001,1.2,2
23.08.2021 00:01:25.796,15.33191,15.31554,1.2,1.5
23.08.2021 00:01:25.947,15.331920000000002,15.31618,1.2,1.5
23.08.2021 00:01:26.097,15.33191,15.31654,1.2,1.5
23.08.2021 00:01:26.786,15.333160000000001,15.31678,1.2,2.75
23.08.2021 00:01:26.837,15.333160000000001,15.31678,1.2,2.75
23.08.2021 00:01:28.810,15.333160000000001,15.31669,1.2,2
23.08.2021 00:01:33.021,15.332760000000002,15.31669,1.2,2
23.08.2021 00:01:33.711,15.332770000000002,15.31668,1.2,2
23.08.2021 00:01:33.761,15.332760000000002,15.31669,1.2,2
23.08.2021 00:01:33.862,15.332760000000002,15.31663,1.2,2
23.08.2021 00:01:34.051,15.332760000000002,15.31669,1.2,2
23.08.2021 00:01:36.898,15.332760000000002,15.31674,1.2,1.5
23.08.2021 00:01:36.999,15.332760000000002,15.316840000000001,1.2,2
23.08.2021 00:01:37.288,15.332760000000002,15.31693,1.2,2
23.08.2021 00:01:38.551,15.332760000000002,15.31694,1.2,2.75
23.08.2021 00:01:39.810,15.332760000000002,15.31699,1.2,2.75
23.08.2021 00:01:41.811,15.332760000000002,15.31699,1.2,2.75
23.08.2021 00:01:43.845,15.332770000000002,15.31698,1.2,2.75
23.08.2021 00:01:45.089,15.332760000000002,15.317029999999999,1.2,1.5
23.08.2021 00:01:46.289,15.332760000000002,15.31699,1.2,1.5
23.08.2021 00:01:47.447,15.332760000000002,15.31689,1.2,2.75
23.08.2021 00:01:48.691,15.332760000000002,15.31699,1.2,2
23.08.2021 00:01:48.919,15.332760000000002,15.31699,1.2,2
23.08.2021 00:01:48.970,15.332760000000002,15.31699,1.2,2
23.08.2021 00:01:49.807,15.332760000000002,15.31668,1.2,2
23.08.2021 00:01:50.705,15.332760000000002,15.31659,1.2,2
23.08.2021 00:01:52.323,15.332760000000002,15.31673,1.2,2
23.08.2021 00:01:53.185,15.332760000000002,15.31673,1.2,2
23.08.2021 00:01:53.808,15.332770000000002,15.316820000000002,1.2,1.5
23.08.2021 00:01:53.908,15.332760000000002,15.31674,1.2,2
23.08.2021 00:01:58.812,15.332760000000002,15.31674,1.2,2
23.08.2021 00:01:58.863,15.332760000000002,15.31674,1.2,2
23.08.2021 00:01:58.913,15.332760000000002,15.31674,1.2,2
23.08.2021 00:01:58.964,15.332770000000002,15.31678,1.2,1.5
23.08.2021 00:01:59.037,15.332770000000002,15.31678,1.2,1.5
23.08.2021 00:01:59.312,15.332760000000002,15.31694,1.2,2
23.08.2021 00:02:00.511,15.332760000000002,15.316790000000001,1.2,2.75
23.08.2021 00:02:00.717,15.332760000000002,15.316790000000001,1.2,2
23.08.2021 00:02:01.711,15.332760000000002,15.31689,1.2,1.5
23.08.2021 00:02:01.762,15.332760000000002,15.31689,1.2,1.5
23.08.2021 00:02:01.812,15.332760000000002,15.31689,1.2,2
23.08.2021 00:02:01.863,15.332760000000002,15.31689,1.2,2
23.08.2021 00:02:01.964,15.332760000000002,15.316790000000001,1.2,2
23.08.2021 00:02:02.405,15.332770000000002,15.31688,1.2,2
23.08.2021 00:02:02.713,15.332760000000002,15.31709,1.2,1.5
23.08.2021 00:02:02.763,15.333120000000003,15.31709,1,1.5
23.08.2021 00:02:02.814,15.333560000000002,15.31709,1.2,1.5
23.08.2021 00:02:02.915,15.334410000000002,15.31804,1.2,1.5
23.08.2021 00:02:02.965,15.334410000000002,15.31869,1.2,1.5
23.08.2021 00:02:03.016,15.337660000000001,15.31869,1,1.5
23.08.2021 00:02:03.117,15.339810000000002,15.319890000000001,1,2
23.08.2021 00:02:03.218,15.339810000000002,15.31968,1,1.5
23.08.2021 00:02:03.268,15.345260000000001,15.320079999999999,1,2
23.08.2021 00:02:03.319,15.335370000000001,15.320070000000001,1.2,2
23.08.2021 00:02:03.369,15.335360000000001,15.32014,1.2,2
23.08.2021 00:02:03.420,15.33716,15.32014,1.2,2
23.08.2021 00:02:03.470,15.33716,15.320079999999999,1.2,2
23.08.2021 00:02:03.571,15.33716,15.32089,1.2,1.5
23.08.2021 00:02:03.672,15.337170000000002,15.320920000000003,1.2,1.5
23.08.2021 00:02:03.773,15.33716,15.32104,1.2,1.5
23.08.2021 00:02:03.924,15.337760000000001,15.32159,1.2,1.5
23.08.2021 00:02:04.102,15.338170000000002,15.321679999999999,1.2,2
23.08.2021 00:02:04.203,15.338560000000001,15.32169,1.2,2
23.08.2021 00:02:04.253,15.339420000000002,15.321679999999999,1.2,2
23.08.2021 00:02:04.354,15.33941,15.322890000000001,1.2,1.5
23.08.2021 00:02:04.460,15.33941,15.32349,1.2,1.5
23.08.2021 00:02:04.561,15.33941,15.32349,1.2,1.5
23.08.2021 00:02:04.611,15.341660000000001,15.32399,1,1.5
23.08.2021 00:02:04.662,15.341910000000002,15.32399,1.2,1.5
23.08.2021 00:02:04.813,15.346810000000001,15.32554,1,2
23.08.2021 00:02:04.913,15.346810000000001,15.32614,1,1.5
23.08.2021 00:02:04.964,15.346810000000001,15.32614,1,1.5
23.08.2021 00:02:05.064,15.346810000000001,15.32624,1,1.5
23.08.2021 00:02:05.114,15.341360000000002,15.32633,1.2,1.5
23.08.2021 00:02:05.165,15.348920000000001,15.326320000000003,1,1.5
23.08.2021 00:02:05.215,15.348920000000001,15.325520000000003,1,1.5
23.08.2021 00:02:05.316,15.348910000000002,15.32574,1,1.5
23.08.2021 00:02:05.467,15.349929999999999,15.32608,1,1.5
23.08.2021 00:02:05.576,15.343160000000001,15.32679,1.2,1.5
23.08.2021 00:02:05.727,15.343160000000001,15.32718,1.2,2
23.08.2021 00:02:06.000,15.343560000000002,15.32753,1.2,1.5
23.08.2021 00:02:06.084,15.343570000000001,15.327520000000002,1.2,1.5
23.08.2021 00:02:06.185,15.343560000000002,15.32744,1.2,2
23.08.2021 00:02:06.291,15.343560000000002,15.327490000000001,1.2,1.5
23.08.2021 00:02:06.392,15.343560000000002,15.32779,1.2,1.5
23.08.2021 00:02:07.233,15.343920000000002,15.32809,1,2
23.08.2021 00:02:08.505,15.343960000000001,15.32809,1.2,2
23.08.2021 00:02:08.556,15.343960000000001,15.32809,1.2,2
23.08.2021 00:02:08.808,15.343960000000001,15.32814,1.2,1.5
23.08.2021 00:02:09.808,15.343960000000001,15.32819,1.2,1.5
23.08.2021 00:02:10.919,15.343960000000001,15.328240000000001,1.2,1.5
23.08.2021 00:02:11.019,15.343960000000001,15.32739,1.2,2
23.08.2021 00:02:11.070,15.343960000000001,15.32739,1.2,2
23.08.2021 00:02:11.255,15.343960000000001,15.32724,1.2,2
23.08.2021 00:02:12.105,15.343960000000001,15.32718,1.2,2
23.08.2021 00:02:12.206,15.34336,15.32719,1.2,2.75
23.08.2021 00:02:12.320,15.34336,15.32649,1.2,2
23.08.2021 00:02:12.527,15.34336,15.32649,1.2,2
23.08.2021 00:02:12.578,15.343760000000001,15.32649,1.2,2
23.08.2021 00:02:12.629,15.343760000000001,15.32713,1.2,1.5
23.08.2021 00:02:13.453,15.343760000000001,15.32719,1.2,1.5
23.08.2021 00:02:13.554,15.343760000000001,15.32719,1.2,2
23.08.2021 00:02:14.647,15.343760000000001,15.32724,1.2,1.5
23.08.2021 00:02:17.313,15.343760000000001,15.32724,1.2,2
23.08.2021 00:02:18.063,15.343760000000001,15.32729,1.2,1.5
23.08.2021 00:02:18.114,15.343760000000001,15.32729,1.2,1.5
23.08.2021 00:02:18.164,15.342960000000001,15.32729,1.2,1.5
23.08.2021 00:02:18.215,15.342960000000001,15.32644,1.2,2
23.08.2021 00:02:18.265,15.342960000000001,15.32644,1.2,2
23.08.2021 00:02:18.366,15.342960000000001,15.32619,1.2,2
23.08.2021 00:02:18.416,15.342960000000001,15.32629,1.2,1.5
23.08.2021 00:02:18.517,15.343160000000001,15.32659,1.2,1.5
23.08.2021 00:02:18.652,15.343160000000001,15.32678,1.2,1.5
23.08.2021 00:02:19.330,15.343160000000001,15.326929999999999,1.2,1.5
23.08.2021 00:02:19.854,15.343170000000002,15.326970000000001,1.2,1.5
23.08.2021 00:02:20.139,15.343160000000001,15.326979999999999,1.2,1.5
23.08.2021 00:02:20.240,15.343160000000001,15.32389,1.2,1
23.08.2021 00:02:20.340,15.343160000000001,15.321760000000001,1.2,1
23.08.2021 00:02:20.441,15.343160000000001,15.316920000000001,1.2,1.5
23.08.2021 00:02:20.542,15.343160000000001,15.316,1.2,1
23.08.2021 00:02:20.642,15.343160000000001,15.321220000000002,1.2,1
23.08.2021 00:02:20.759,15.343160000000001,15.3213,1.2,1
23.08.2021 00:02:20.910,15.343160000000001,15.32145,1.2,1
23.08.2021 00:02:22.823,15.343160000000001,15.321200000000001,1.2,1
23.08.2021 00:02:23.020,15.343170000000002,15.32119,1.2,1
23.08.2021 00:02:23.818,15.349079999999999,15.319560000000001,1,1
23.08.2021 00:02:23.869,15.347970000000002,15.31845,1,1
23.08.2021 00:02:23.969,15.34724,15.313420000000002,1,1
23.08.2021 00:02:24.020,15.34724,15.312220000000002,1,1
23.08.2021 00:02:24.070,15.34724,15.312220000000002,1,1
23.08.2021 00:02:24.121,15.345450000000001,15.311900000000001,1,1
23.08.2021 00:02:24.221,15.3444,15.312800000000001,1,1
23.08.2021 00:02:24.322,15.34341,15.311900000000001,1,1
23.08.2021 00:02:24.373,15.343100000000002,15.311900000000001,1,1
23.08.2021 00:02:24.423,15.34179,15.311900000000001,1,1
23.08.2021 00:02:24.524,15.342810000000002,15.311900000000001,1,1
23.08.2021 00:02:24.575,15.342370000000003,15.31189,1,1
23.08.2021 00:02:24.675,15.342010000000002,15.311900000000001,1,1
23.08.2021 00:02:24.726,15.343029999999999,15.311900000000001,1,1
23.08.2021 00:02:24.776,15.343170000000002,15.31155,1,1.5
23.08.2021 00:02:24.827,15.342210000000001,15.30985,1,1.5
23.08.2021 00:02:24.928,15.344820000000002,15.30754,1,1
23.08.2021 00:02:25.028,15.34214,15.30594,0.87,1
23.08.2021 00:02:25.079,15.34213,15.305950000000001,0.87,1
23.08.2021 00:02:25.179,15.34213,15.30744,0.87,1
23.08.2021 00:02:25.230,15.34133,15.306070000000002,0.87,1
23.08.2021 00:02:25.330,15.340510000000002,15.30606,1.5,1
23.08.2021 00:02:25.381,15.342760000000002,15.305950000000001,1.5,1
23.08.2021 00:02:25.481,15.343860000000001,15.305950000000001,1.5,1
23.08.2021 00:02:25.532,15.350470000000001,15.305950000000001,1.6,1.5
23.08.2021 00:02:25.633,15.33946,15.3091,0.87,1
23.08.2021 00:02:25.784,15.33941,15.3091,1,1
23.08.2021 00:02:25.886,15.33994,15.3091,1,1
23.08.2021 00:02:25.987,15.329410000000001,15.3091,1.2,1
23.08.2021 00:02:26.087,15.329420000000002,15.3079,1.2,1
23.08.2021 00:02:26.138,15.329410000000001,15.307910000000001,1.2,1
23.08.2021 00:02:26.223,15.329410000000001,15.307910000000001,1.2,1
23.08.2021 00:02:26.377,15.329410000000001,15.30699,1.2,1
23.08.2021 00:02:26.631,15.329420000000002,15.30698,1.2,1
23.08.2021 00:02:26.719,15.329410000000001,15.30699,1.2,1
23.08.2021 00:02:26.770,15.329410000000001,15.30699,1.2,1
23.08.2021 00:02:26.971,15.329410000000001,15.30699,1.2,1
23.08.2021 00:02:27.237,15.329410000000001,15.30699,1.2,1
23.08.2021 00:02:27.287,15.329410000000001,15.30699,1.2,1
23.08.2021 00:02:27.388,15.329410000000001,15.30699,1.2,1
23.08.2021 00:02:28.308,15.329420000000002,15.30698,1.2,1
23.08.2021 00:02:28.359,15.329410000000001,15.30699,1.2,1
23.08.2021 00:02:28.409,15.329410000000001,15.30671,1.2,1
23.08.2021 00:02:28.459,15.329420000000002,15.306700000000001,1.2,1
23.08.2021 00:02:28.510,15.329410000000001,15.30671,1.2,1
23.08.2021 00:02:28.662,15.329410000000001,15.308110000000001,1.2,1
23.08.2021 00:02:28.916,15.329410000000001,15.308110000000001,1.2,1
23.08.2021 00:02:29.017,15.329410000000001,15.308110000000001,1.2,1
23.08.2021 00:02:29.068,15.329410000000001,15.308110000000001,1.2,1
23.08.2021 00:02:29.118,15.329410000000001,15.308110000000001,1.2,1
23.08.2021 00:02:29.169,15.329410000000001,15.308110000000001,1.2,1
23.08.2021 00:02:29.219,15.329410000000001,15.30671,1.2,1
23.08.2021 00:02:29.326,15.329410000000001,15.306700000000001,1.2,1
23.08.2021 00:02:29.376,15.329410000000001,15.306700000000001,1.2,1
23.08.2021 00:02:29.477,15.329410000000001,15.30671,1.2,1
23.08.2021 00:02:29.578,15.329410000000001,15.308710000000001,1.2,1
23.08.2021 00:02:29.629,15.329410000000001,15.308710000000001,1.2,1
23.08.2021 00:02:29.679,15.329410000000001,15.30821,1.2,1
23.08.2021 00:02:29.730,15.329410000000001,15.30821,1.2,1
23.08.2021 00:02:29.831,15.329410000000001,15.306510000000001,1.2,1
23.08.2021 00:02:29.944,15.329410000000001,15.306510000000001,1.2,1
23.08.2021 00:02:30.044,15.329410000000001,15.306510000000001,1.2,1
23.08.2021 00:02:30.145,15.32816,15.306510000000001,1.2,1
23.08.2021 00:02:30.249,15.32816,15.306500000000002,1.2,1
23.08.2021 00:02:30.299,15.333779999999999,15.306500000000002,1,1
23.08.2021 00:02:30.350,15.33483,15.30594,1,1.5
23.08.2021 00:02:30.450,15.33491,15.305950000000001,1.5,1.5
23.08.2021 00:02:30.501,15.333779999999999,15.305950000000001,1,1.5
23.08.2021 00:02:30.602,15.33379,15.30594,1,1.5
23.08.2021 00:02:30.753,15.33854,15.305950000000001,1,1.5
23.08.2021 00:02:30.803,15.338560000000001,15.305950000000001,1.25,1.5
23.08.2021 00:02:30.853,15.33825,15.305950000000001,0.87,1.5
23.08.2021 00:02:30.904,15.338210000000002,15.305950000000001,0.87,1.5
23.08.2021 00:02:31.005,15.329420000000002,15.3068,1.2,1
23.08.2021 00:02:31.156,15.329410000000001,15.308110000000001,1.2,1
23.08.2021 00:02:31.206,15.329410000000001,15.308110000000001,1.2,1
23.08.2021 00:02:31.260,15.329410000000001,15.307929999999999,1.2,1
23.08.2021 00:02:31.361,15.32816,15.3064,1.2,1
23.08.2021 00:02:31.411,15.32816,15.305950000000001,1.2,1.5
23.08.2021 00:02:31.462,15.328560000000001,15.305950000000001,1.2,1.5
23.08.2021 00:02:31.562,15.329410000000001,15.305950000000001,1.2,1.5
23.08.2021 00:02:31.764,15.32816,15.305950000000001,1.2,1.5
23.08.2021 00:02:32.340,15.32816,15.305950000000001,1.2,1.5
23.08.2021 00:02:32.441,15.32816,15.305950000000001,1.2,1.5
23.08.2021 00:02:32.541,15.32816,15.305950000000001,1.2,1
23.08.2021 00:02:39.384,15.33198,15.305950000000001,1,1
23.08.2021 00:02:39.736,15.333060000000001,15.30594,1.5,1
23.08.2021 00:02:44.821,15.329370000000003,15.305950000000001,1,1
23.08.2021 00:02:44.872,15.329410000000001,15.305950000000001,1.2,1
23.08.2021 00:02:44.923,15.33854,15.305950000000001,1.27,1
23.08.2021 00:02:45.224,15.329410000000001,15.305950000000001,1.2,1
23.08.2021 00:02:45.576,15.32816,15.305950000000001,1.2,1
23.08.2021 00:02:45.978,15.32816,15.305950000000001,1.2,1.5
23.08.2021 00:02:46.180,15.32816,15.305950000000001,1.2,1
23.08.2021 00:02:48.352,15.33188,15.30594,1.4,1
23.08.2021 00:02:48.402,15.331870000000002,15.305950000000001,1.5,1
23.08.2021 00:02:48.453,15.337010000000001,15.305950000000001,1.4,1.5
23.08.2021 00:02:48.554,15.337020000000003,15.30594,1.4,1
23.08.2021 00:02:48.604,15.33454,15.305950000000001,1,1
23.08.2021 00:02:48.655,15.337020000000003,15.305950000000001,1.5,1
23.08.2021 00:02:48.756,15.342270000000003,15.305950000000001,1.9,1
23.08.2021 00:02:49.008,15.329410000000001,15.305950000000001,1.2,1
23.08.2021 00:02:49.368,15.32816,15.305950000000001,1.2,1
23.08.2021 00:02:49.921,15.328970000000002,15.305950000000001,1,1
23.08.2021 00:02:49.972,15.33121,15.305950000000001,1.5,1
23.08.2021 00:02:50.022,15.33121,15.305950000000001,1.5,1
23.08.2021 00:02:50.073,15.33426,15.305950000000001,1.65,1
23.08.2021 00:02:50.123,15.33426,15.305950000000001,1.5,1
23.08.2021 00:02:50.174,15.33426,15.305950000000001,1.4,1
23.08.2021 00:02:50.274,15.345070000000002,15.305950000000001,1.9,1.5
23.08.2021 00:02:50.325,15.345070000000002,15.305950000000001,1.9,1
23.08.2021 00:02:50.576,15.329410000000001,15.305950000000001,1.2,1
23.08.2021 00:02:50.914,15.32816,15.305950000000001,1.2,1
23.08.2021 00:02:51.367,15.32816,15.305950000000001,1.2,1.5
23.08.2021 00:02:51.467,15.32816,15.305950000000001,1.2,1
23.08.2021 00:02:53.407,15.341870000000002,15.305950000000001,1.65,1
23.08.2021 00:02:53.458,15.341870000000002,15.305950000000001,1.65,1.5
23.08.2021 00:02:53.559,15.339360000000001,15.305950000000001,1.65,1
23.08.2021 00:02:53.609,15.339370000000002,15.30594,1.65,1.5
23.08.2021 00:02:53.659,15.339360000000001,15.305950000000001,1.65,1.5
23.08.2021 00:02:53.710,15.344610000000001,15.305950000000001,1.65,1.5
23.08.2021 00:02:53.810,15.344610000000001,15.305950000000001,1.65,1.5
23.08.2021 00:02:53.861,15.344610000000001,15.305950000000001,1.65,1.5
23.08.2021 00:02:53.911,15.344610000000001,15.305950000000001,1.65,1
23.08.2021 00:02:53.962,15.33854,15.305950000000001,0.77,1.5
23.08.2021 00:02:54.221,15.329410000000001,15.305950000000001,1.2,1
23.08.2021 00:02:54.321,15.329410000000001,15.305950000000001,1.2,1.5
23.08.2021 00:02:54.422,15.329410000000001,15.305950000000001,1.2,1
23.08.2021 00:02:54.523,15.32816,15.305950000000001,1.2,1
23.08.2021 00:02:54.971,15.32816,15.305950000000001,1.2,1.5
23.08.2021 00:02:55.074,15.32816,15.305950000000001,1.2,1
23.08.2021 00:02:55.175,15.328560000000001,15.305950000000001,1.2,1
23.08.2021 00:02:55.275,15.347070000000002,15.305950000000001,1.9,1.5
23.08.2021 00:02:55.325,15.330250000000001,15.305950000000001,0.3,1.5
23.08.2021 00:02:55.376,15.330250000000001,15.305950000000001,0.3,1
23.08.2021 00:02:55.426,15.330250000000001,15.305950000000001,0.3,1.5
23.08.2021 00:02:55.527,15.330250000000001,15.305950000000001,0.3,1.5
23.08.2021 00:02:55.577,15.330250000000001,15.305950000000001,0.3,1
23.08.2021 00:02:55.628,15.330250000000001,15.305950000000001,0.3,1.5
23.08.2021 00:02:55.778,15.330250000000001,15.305950000000001,0.3,1.5
23.08.2021 00:02:55.879,15.330250000000001,15.305950000000001,0.3,1.5
23.08.2021 00:02:55.931,15.330250000000001,15.305950000000001,0.3,1
23.08.2021 00:02:55.982,15.330250000000001,15.305950000000001,0.3,1.5
23.08.2021 00:02:56.033,15.330250000000001,15.305950000000001,0.3,1
23.08.2021 00:02:56.184,15.33941,15.305950000000001,0.77,1.5
23.08.2021 00:02:56.496,15.329410000000001,15.30605,1.2,1
23.08.2021 00:02:56.875,15.329410000000001,15.306170000000002,1.2,1
23.08.2021 00:02:57.013,15.329410000000001,15.305950000000001,1.2,1.5
23.08.2021 00:02:57.113,15.329410000000001,15.305950000000001,1.2,1.5
23.08.2021 00:02:57.320,15.329410000000001,15.305950000000001,1.2,1.5
23.08.2021 00:02:57.421,15.329410000000001,15.305950000000001,1.2,1.5
23.08.2021 00:03:00.864,15.329410000000001,15.305950000000001,1.2,1.5
23.08.2021 00:03:00.971,15.329410000000001,15.305950000000001,1.2,1.5
23.08.2021 00:03:01.133,15.329410000000001,15.305950000000001,1.2,1.5
23.08.2021 00:03:02.566,15.329770000000002,15.305950000000001,1,1.5
23.08.2021 00:03:02.617,15.334410000000002,15.305950000000001,1.27,1.5
23.08.2021 00:03:02.717,15.33599,15.305950000000001,1.27,1
23.08.2021 00:03:02.868,15.33496,15.305950000000001,1,1
23.08.2021 00:03:02.969,15.34379,15.305950000000001,1.27,1.5
23.08.2021 00:03:03.069,15.347770000000002,15.305950000000001,1.9,1
23.08.2021 00:03:03.348,15.329420000000002,15.30594,1.2,1
23.08.2021 00:03:03.449,15.329410000000001,15.305950000000001,1.2,1.5
23.08.2021 00:03:03.499,15.329410000000001,15.305950000000001,1.2,1
23.08.2021 00:03:03.600,15.329420000000002,15.30594,1.2,1.5
23.08.2021 00:03:03.701,15.32816,15.305950000000001,1.2,1.5
23.08.2021 00:03:03.852,15.32816,15.305950000000001,1.2,1.5
23.08.2021 00:03:03.902,15.332970000000001,15.305950000000001,1.5,1
23.08.2021 00:03:03.952,15.332970000000001,15.305950000000001,1.5,1
23.08.2021 00:03:04.003,15.32961,15.305950000000001,1,1
23.08.2021 00:03:04.104,15.33878,15.305950000000001,1.27,1.5
23.08.2021 00:03:04.204,15.33878,15.305950000000001,0.77,1
23.08.2021 00:03:04.451,15.329410000000001,15.305950000000001,1.2,1
23.08.2021 00:03:04.552,15.333779999999999,15.305950000000001,0.77,1.5
23.08.2021 00:03:04.602,15.34176,15.305950000000001,1.65,1
23.08.2021 00:03:04.867,15.32816,15.305950000000001,1.2,1
23.08.2021 00:03:05.881,15.329410000000001,15.305950000000001,1.2,1
23.08.2021 00:03:06.738,15.329410000000001,15.305950000000001,1.2,1.5
23.08.2021 00:03:06.839,15.329420000000002,15.30594,1.2,1.5
23.08.2021 00:03:06.939,15.329410000000001,15.305950000000001,1.2,1.5
23.08.2021 00:03:07.040,15.329410000000001,15.305950000000001,1.2,1.5
23.08.2021 00:03:07.220,15.329410000000001,15.305950000000001,1.2,1.5
23.08.2021 00:03:07.271,15.329410000000001,15.305950000000001,1.2,1
23.08.2021 00:03:07.488,15.329410000000001,15.305950000000001,1.2,1.5
23.08.2021 00:03:07.539,15.329420000000002,15.30594,1.2,1
23.08.2021 00:03:07.740,15.329410000000001,15.305950000000001,1.2,1.5
23.08.2021 00:03:07.862,15.329410000000001,15.30613,1.2,1
23.08.2021 00:03:08.310,15.329410000000001,15.306600000000001,1.2,1
23.08.2021 00:03:08.360,15.329410000000001,15.305950000000001,1.2,1
23.08.2021 00:03:08.511,15.329410000000001,15.305950000000001,1.2,1.5
23.08.2021 00:03:08.562,15.329410000000001,15.305950000000001,1.2,1
23.08.2021 00:03:08.809,15.329410000000001,15.305950000000001,1.2,1.5
23.08.2021 00:03:08.909,15.329410000000001,15.305950000000001,1.2,1.5
23.08.2021 00:03:08.960,15.329410000000001,15.305950000000001,1.2,1.5
23.08.2021 00:03:09.104,15.329410000000001,15.305950000000001,1.2,1
23.08.2021 00:03:09.314,15.329410000000001,15.305950000000001,1.2,1.5
23.08.2021 00:03:09.415,15.329410000000001,15.305950000000001,1.2,1
23.08.2021 00:03:09.516,15.329820000000002,15.30594,1.2,1
23.08.2021 00:03:09.566,15.329410000000001,15.305950000000001,1.2,1
23.08.2021 00:03:09.667,15.333779999999999,15.305950000000001,1,1
23.08.2021 00:03:09.767,15.34138,15.305950000000001,1.65,1
23.08.2021 00:03:09.918,15.33854,15.305950000000001,0.87,1
23.08.2021 00:03:09.969,15.346070000000003,15.305950000000001,1.9,1
23.08.2021 00:03:10.422,15.332510000000001,15.305950000000001,1,1
23.08.2021 00:03:10.572,15.328240000000001,15.305950000000001,1,1
23.08.2021 00:03:10.673,15.32278,15.30604,1,1.5
23.08.2021 00:03:10.774,15.32278,15.30604,1,1
23.08.2021 00:03:10.975,15.324770000000003,15.305950000000001,1,1
23.08.2021 00:03:11.025,15.32278,15.30604,1,1
23.08.2021 00:03:11.076,15.331420000000001,15.305950000000001,1,1.5
23.08.2021 00:03:11.126,15.331420000000001,15.305950000000001,1,1.5
23.08.2021 00:03:11.177,15.336970000000003,15.305950000000001,1.65,1.5
23.08.2021 00:03:11.378,15.346570000000002,15.305950000000001,1.9,1
23.08.2021 00:03:11.428,15.329810000000002,15.305950000000001,1.2,1
23.08.2021 00:03:11.478,15.342270000000003,15.305950000000001,1.65,1
23.08.2021 00:03:11.579,15.328320000000001,15.305950000000001,0.75,1
23.08.2021 00:03:11.630,15.349300000000001,15.30594,1.4,1.5
23.08.2021 00:03:11.730,15.347270000000002,15.305950000000001,1.9,1.5
23.08.2021 00:03:11.831,15.33915,15.305950000000001,0.77,1.5
23.08.2021 00:03:11.882,15.33915,15.305950000000001,0.77,1.5
23.08.2021 00:03:12.033,15.346160000000001,15.305950000000001,1.65,1.5
23.08.2021 00:03:12.083,15.33655,15.30625,1.4,1
23.08.2021 00:03:12.184,15.33915,15.30634,0.77,1
23.08.2021 00:03:12.284,15.339160000000001,15.30594,0.77,1.5
23.08.2021 00:03:12.335,15.33915,15.305950000000001,0.77,1.5
23.08.2021 00:03:12.385,15.33915,15.305950000000001,0.77,1.5
23.08.2021 00:03:12.436,15.339160000000001,15.30594,0.77,1.5
23.08.2021 00:03:12.587,15.329410000000001,15.306750000000001,0.9,1
23.08.2021 00:03:12.781,15.330250000000001,15.3069,0.3,1
23.08.2021 00:03:15.365,15.339620000000002,15.305950000000001,1.27,1.5
23.08.2021 00:03:15.421,15.33963,15.30594,1.27,1.5
23.08.2021 00:03:15.566,15.33963,15.30594,1.27,1.5
23.08.2021 00:03:15.685,15.329410000000001,15.305950000000001,1.2,1.5
23.08.2021 00:03:21.826,15.329410000000001,15.305950000000001,1.2,1.5
23.08.2021 00:03:22.112,15.329410000000001,15.305950000000001,1.2,1.5
23.08.2021 00:03:24.895,15.342229999999999,15.305950000000001,1.27,1.5
23.08.2021 00:03:24.955,15.34224,15.30594,1.27,1.5
23.08.2021 00:03:41.405,15.345160000000002,15.305950000000001,1.27,1
23.08.2021 00:03:42.225,15.34024,15.305950000000001,1.27,1.5
23.08.2021 00:03:48.067,15.33026,15.30594,0.3,1
23.08.2021 00:03:48.921,15.34114,15.305950000000001,1.27,1.5
23.08.2021 00:03:51.946,15.329410000000001,15.305950000000001,1.2,1.5
23.08.2021 00:03:56.418,15.343250000000001,15.305950000000001,1.27,1.5
23.08.2021 00:03:56.519,15.330250000000001,15.305950000000001,0.3,1
23.08.2021 00:03:57.713,15.34134,15.305950000000001,1.27,1.5
23.08.2021 00:04:03.628,15.330250000000001,15.305950000000001,0.3,1
23.08.2021 00:04:12.671,15.34074,15.305950000000001,1.27,1.5
23.08.2021 00:04:18.646,15.330250000000001,15.305950000000001,0.3,1
23.08.2021 00:04:34.969,15.340250000000001,15.305950000000001,1.27,1.5
23.08.2021 00:04:40.971,15.330250000000001,15.30889,0.3,1.5
23.08.2021 00:04:41.172,15.330250000000001,15.30888,0.3,1.5
23.08.2021 00:04:41.375,15.33026,15.30888,0.3,1.5
23.08.2021 00:04:41.550,15.330250000000001,15.30888,0.3,1.5
23.08.2021 00:04:41.705,15.330250000000001,15.30889,0.3,1.5
23.08.2021 00:04:41.906,15.346029999999999,15.30888,1.27,1.5
23.08.2021 00:04:42.006,15.33026,15.306140000000001,0.3,1
23.08.2021 00:04:58.284,15.342270000000003,15.30615,1.65,1.5
23.08.2021 00:04:58.411,15.34014,15.30615,1.27,1.5
23.08.2021 00:05:04.209,15.330250000000001,15.30615,0.3,1
23.08.2021 00:05:41.920,15.339350000000001,15.30075,0.87,1
23.08.2021 00:05:45.198,15.33948,15.301160000000001,0.87,1
23.08.2021 00:05:50.293,15.348470000000002,15.301560000000002,1.25,1
23.08.2021 00:05:50.395,15.34498,15.301560000000002,1.25,1
23.08.2021 00:05:52.876,15.33948,15.30146,0.87,1
23.08.2021 00:05:55.732,15.348870000000002,15.303260000000002,1.25,1
23.08.2021 00:05:55.801,15.34185,15.30325,0.87,1
23.08.2021 00:05:56.113,15.34185,15.30325,0.87,1
23.08.2021 00:05:56.258,15.34184,15.303260000000002,0.87,1
23.08.2021 00:05:57.226,15.34184,15.303260000000002,0.87,1
23.08.2021 00:05:57.429,15.34184,15.303260000000002,0.87,1
23.08.2021 00:06:01.622,15.330250000000001,15.305950000000001,0.3,1
23.08.2021 00:06:02.328,15.34115,15.30594,1.27,1.5
23.08.2021 00:06:07.706,15.34094,15.305950000000001,1.27,1.5
23.08.2021 00:06:15.160,15.329410000000001,15.305950000000001,1.2,1.5
23.08.2021 00:06:15.238,15.329410000000001,15.305950000000001,1.2,1.5
23.08.2021 00:06:24.420,15.329410000000001,15.305950000000001,1.2,1.5
23.08.2021 00:06:25.454,15.329410000000001,15.305950000000001,1.2,1.5
23.08.2021 00:06:31.445,15.329810000000002,15.305950000000001,1.2,1.5
23.08.2021 00:06:31.495,15.34164,15.305950000000001,1.27,1.5
23.08.2021 00:06:31.584,15.34164,15.305950000000001,1.27,1.5
23.08.2021 00:06:42.623,15.330250000000001,15.305950000000001,0.3,1
23.08.2021 00:06:50.162,15.342170000000001,15.305950000000001,1.65,1.5
23.08.2021 00:06:50.465,15.339870000000001,15.305950000000001,1.4,1.5
23.08.2021 00:06:50.872,15.339770000000001,15.305950000000001,1.4,1.5
23.08.2021 00:06:51.934,15.34103,15.305950000000001,1.27,1.5
23.08.2021 00:06:52.034,15.34103,15.305950000000001,1.27,1.5
23.08.2021 00:06:55.539,15.34034,15.305950000000001,1.27,1.5
23.08.2021 00:07:01.077,15.34064,15.305950000000001,1.27,1.5
23.08.2021 00:07:01.273,15.330250000000001,15.305950000000001,0.3,1
23.08.2021 00:07:10.506,15.34034,15.305950000000001,1.27,1.5
23.08.2021 00:07:22.984,15.34054,15.305950000000001,1.27,1.5
23.08.2021 00:07:27.463,15.34103,15.305950000000001,1.27,1.5
23.08.2021 00:07:28.190,15.330250000000001,15.305950000000001,0.3,1
23.08.2021 00:07:31.882,15.342979999999999,15.30229,0.87,1
23.08.2021 00:07:32.440,15.34088,15.30228,1,1
23.08.2021 00:07:34.817,15.343670000000001,15.30294,1.25,1
23.08.2021 00:07:35.180,15.34258,15.30294,1,1
23.08.2021 00:07:35.298,15.34026,15.30294,1,1
23.08.2021 00:07:35.386,15.340610000000002,15.30294,1,1
23.08.2021 00:07:35.592,15.340570000000001,15.30293,1,1
23.08.2021 00:07:35.802,15.340610000000002,15.30294,1,1
23.08.2021 00:07:37.099,15.340610000000002,15.30294,1.25,1
23.08.2021 00:07:37.220,15.340610000000002,15.30294,1.25,1
23.08.2021 00:07:37.271,15.34024,15.301660000000002,0.87,1
23.08.2021 00:07:39.882,15.33964,15.301060000000001,0.87,1
23.08.2021 00:07:42.970,15.34004,15.30146,0.87,1
23.08.2021 00:07:54.669,15.34968,15.30293,1.25,1.5
23.08.2021 00:07:54.771,15.34299,15.30293,0.87,1.5
23.08.2021 00:07:54.901,15.338260000000002,15.30294,1,1.5
23.08.2021 00:07:55.002,15.34014,15.301560000000002,0.87,1
23.08.2021 00:08:00.564,15.340440000000001,15.301860000000001,0.87,1
23.08.2021 00:08:00.994,15.349670000000001,15.30294,1.25,1.5
23.08.2021 00:08:01.095,15.340010000000001,15.30293,1,1.5
23.08.2021 00:08:01.195,15.34238,15.30293,1,1.5
23.08.2021 00:08:01.296,15.340410000000002,15.30294,1,1.5
23.08.2021 00:08:01.447,15.34108,15.302920000000002,1,1.5
23.08.2021 00:08:01.497,15.340560000000002,15.30294,1,1.5
23.08.2021 00:08:01.577,15.340679999999999,15.30294,1,1.5
23.08.2021 00:08:01.781,15.342979999999999,15.30294,0.37,1.5
23.08.2021 00:08:01.990,15.34299,15.302920000000002,0.37,1.5
23.08.2021 00:08:02.081,15.341120000000002,15.30294,1,1.5
23.08.2021 00:08:02.297,15.341310000000002,15.30294,1,1.5
23.08.2021 00:08:02.467,15.341310000000002,15.30294,1,2
23.08.2021 00:08:02.568,15.341120000000002,15.30293,1,2
23.08.2021 00:08:02.747,15.34264,15.304060000000002,0.87,1
23.08.2021 00:08:08.101,15.34998,15.30479,1.25,1
23.08.2021 00:08:08.381,15.350420000000002,15.30479,1.5,1
23.08.2021 00:08:08.532,15.350010000000001,15.30239,1.25,1
23.08.2021 00:08:08.747,15.343270000000002,15.30238,1.25,1.5
23.08.2021 00:08:08.847,15.340510000000002,15.30239,1,1.5
23.08.2021 00:08:08.948,15.349720000000001,15.30239,1.25,1.5
23.08.2021 00:08:09.257,15.345170000000001,15.30238,1.25,1.5
23.08.2021 00:08:09.358,15.340060000000001,15.30239,1,1.5
23.08.2021 00:08:09.632,15.348110000000002,15.30238,1.25,1.5
23.08.2021 00:08:09.733,15.339920000000001,15.30238,1,1.5
23.08.2021 00:08:09.837,15.339760000000002,15.30239,1,1.5
23.08.2021 00:08:09.937,15.339970000000003,15.30238,1,1.5
23.08.2021 00:08:10.181,15.340520000000001,15.302370000000002,1,1.5
23.08.2021 00:08:10.246,15.340010000000001,15.30239,1,1.5
23.08.2021 00:08:10.501,15.339960000000001,15.30239,1,1.5
23.08.2021 00:08:10.601,15.340270000000002,15.30239,1,1.5
23.08.2021 00:08:10.702,15.34031,15.30239,1,1.5
23.08.2021 00:08:10.755,15.340510000000002,15.30239,1,1.5
23.08.2021 00:08:10.983,15.340470000000002,15.30239,1,1.5
23.08.2021 00:08:11.109,15.34018,15.30238,1,1.5
23.08.2021 00:08:11.260,15.340370000000002,15.30238,1,1.5
23.08.2021 00:08:11.411,15.342570000000002,15.30239,1.25,1.5
23.08.2021 00:08:11.463,15.340510000000002,15.30239,1,1.5
23.08.2021 00:08:11.751,15.340510000000002,15.30239,1,2
23.08.2021 00:08:11.901,15.34224,15.30366,0.87,1
23.08.2021 00:08:12.300,15.35078,15.304760000000002,1.25,1
23.08.2021 00:08:13.507,15.346770000000001,15.304760000000002,1.25,1
23.08.2021 00:08:13.809,15.34334,15.304760000000002,0.87,1
23.08.2021 00:08:17.316,15.330250000000001,15.30615,0.3,1.5
23.08.2021 00:08:17.416,15.330250000000001,15.30615,0.3,1
23.08.2021 00:08:27.434,15.32278,15.30624,1,1
23.08.2021 00:08:32.149,15.342810000000002,15.30615,1.27,1
23.08.2021 00:08:33.917,15.32278,15.30624,1,1
23.08.2021 00:08:39.826,15.324810000000001,15.30615,1.2,1
23.08.2021 00:08:39.926,15.335260000000002,15.30615,1.4,1
23.08.2021 00:08:59.329,15.324410000000002,15.30615,1.2,1
23.08.2021 00:08:59.430,15.32278,15.30624,1,1
23.08.2021 00:08:59.657,15.325660000000001,15.30615,1.2,1
23.08.2021 00:09:00.025,15.324410000000002,15.30615,1.2,1
23.08.2021 00:09:00.213,15.32278,15.30624,1,1
23.08.2021 00:09:05.597,15.334340000000001,15.305950000000001,1.27,1
23.08.2021 00:09:06.050,15.333260000000001,15.305950000000001,2.4,0.75
23.08.2021 00:09:06.151,15.32279,15.30603,1,1
23.08.2021 00:09:06.453,15.32153,15.30604,1,1
23.08.2021 00:09:06.553,15.32278,15.30604,1,1
23.08.2021 00:09:06.704,15.324000000000002,15.305950000000001,0.3,1
23.08.2021 00:09:09.179,15.32278,15.30604,1,1
23.08.2021 00:09:09.632,15.32028,15.30604,1,1
23.08.2021 00:09:09.934,15.32153,15.30604,1,1
23.08.2021 00:09:09.985,15.32278,15.30604,1,1
23.08.2021 00:09:10.085,15.336300000000001,15.305950000000001,1.27,1
23.08.2021 00:09:13.396,15.32278,15.30604,1,1
23.08.2021 00:09:13.719,15.338560000000001,15.305950000000001,1.27,1
23.08.2021 00:09:14.506,15.32278,15.30604,1,1
23.08.2021 00:09:14.931,15.32028,15.30604,1,1
23.08.2021 00:09:15.041,15.336970000000003,15.305950000000001,1.27,1
23.08.2021 00:09:15.872,15.32278,15.30604,1,1
23.08.2021 00:09:16.233,15.32191,15.30604,1.2,1
23.08.2021 00:09:16.338,15.32029,15.30603,1,1
23.08.2021 00:09:16.389,15.32278,15.30604,1,1
23.08.2021 00:09:16.540,15.33878,15.305950000000001,1.27,1
23.08.2021 00:09:17.157,15.32278,15.30604,1,1
23.08.2021 00:09:18.175,15.32028,15.30604,1,1
23.08.2021 00:09:20.802,15.3274,15.30594,0.77,1
23.08.2021 00:09:22.185,15.317779999999999,15.30604,1,1
23.08.2021 00:09:23.082,15.319410000000001,15.30604,1.2,1
23.08.2021 00:09:23.362,15.32854,15.305950000000001,1.27,0.75
23.08.2021 00:09:24.796,15.317779999999999,15.30604,1,1
23.08.2021 00:09:24.846,15.322210000000002,15.30604,1,1
23.08.2021 00:09:24.897,15.325970000000002,15.305950000000001,1.4,0.75
23.08.2021 00:09:33.309,15.317779999999999,15.30604,1,1
23.08.2021 00:09:33.890,15.31903,15.30604,1,1
23.08.2021 00:09:39.756,15.317779999999999,15.30604,1,1
23.08.2021 00:09:40.262,15.31903,15.30604,1,1
23.08.2021 00:09:45.744,15.320610000000002,15.30604,1,1
23.08.2021 00:09:45.858,15.329570000000002,15.305950000000001,1.4,1
23.08.2021 00:09:46.314,15.317779999999999,15.30604,1,1
23.08.2021 00:09:46.573,15.31903,15.30604,1,1
23.08.2021 00:09:47.351,15.31779,15.30603,1,1
23.08.2021 00:09:48.325,15.31904,15.30603,1,1
23.08.2021 00:09:48.689,15.317779999999999,15.30604,1,1
23.08.2021 00:09:48.740,15.31903,15.30604,1,1
23.08.2021 00:09:49.528,15.317779999999999,15.30604,1,1
23.08.2021 00:09:50.042,15.31903,15.30604,1,1
23.08.2021 00:09:50.155,15.317779999999999,15.30604,1,1
23.08.2021 00:09:50.461,15.31903,15.30604,1,1
23.08.2021 00:09:56.442,15.33074,15.305950000000001,1.27,1
23.08.2021 00:09:57.491,15.317779999999999,15.30604,1,1
23.08.2021 00:10:00.934,15.31903,15.30604,1,1
23.08.2021 00:10:03.640,15.334570000000001,15.305950000000001,1.27,1
23.08.2021 00:10:04.922,15.31779,15.30603,1,1
23.08.2021 00:10:06.967,15.320929999999999,15.30604,1,1
23.08.2021 00:10:07.018,15.33878,15.305950000000001,1.4,1
23.08.2021 00:10:08.144,15.319410000000001,15.305950000000001,1.2,1
23.08.2021 00:10:08.254,15.317779999999999,15.30604,1,1
23.08.2021 00:10:13.817,15.33144,15.305950000000001,1.27,1
23.08.2021 00:10:15.764,15.317779999999999,15.30604,1,1
23.08.2021 00:10:15.815,15.32029,15.30603,1,1
23.08.2021 00:10:15.865,15.31833,15.30604,1,1
23.08.2021 00:10:16.149,15.319970000000001,15.30603,1.2,1
23.08.2021 00:10:16.200,15.33575,15.305950000000001,1.27,1
23.08.2021 00:10:17.540,15.317779999999999,15.30604,1,1
23.08.2021 00:10:17.916,15.31654,15.30603,1,1
23.08.2021 00:10:17.966,15.322460000000001,15.30604,1,1
23.08.2021 00:10:18.067,15.322720000000002,15.30603,1,1
23.08.2021 00:10:19.237,15.317779999999999,15.30604,1,1
23.08.2021 00:10:19.345,15.32094,15.30603,1,1
23.08.2021 00:10:19.747,15.33234,15.305950000000001,1.27,1
23.08.2021 00:10:22.541,15.32278,15.30604,1,1
23.08.2021 00:10:22.641,15.33194,15.305950000000001,1.27,1
23.08.2021 00:10:23.000,15.31779,15.30603,1,1
23.08.2021 00:10:23.203,15.319370000000001,15.30603,1,1
23.08.2021 00:10:23.353,15.331150000000001,15.30594,1.27,1
23.08.2021 00:10:24.010,15.31903,15.30604,1,1
23.08.2021 00:10:29.617,15.33186,15.30594,1.09,1
23.08.2021 00:10:30.233,15.31903,15.30604,1,1
23.08.2021 00:10:31.912,15.32218,15.30604,1,1
23.08.2021 00:10:32.021,15.326670000000002,15.305950000000001,1.4,1
23.08.2021 00:10:32.342,15.317779999999999,15.30604,1,1
23.08.2021 00:10:37.099,15.31653,15.30604,1,1
23.08.2021 00:10:39.421,15.31404,15.30603,1,1
23.08.2021 00:10:39.572,15.31619,15.30604,1,1
23.08.2021 00:10:39.672,15.320860000000001,15.30604,1,1
23.08.2021 00:10:39.926,15.317779999999999,15.30604,1,1
23.08.2021 00:10:40.127,15.320210000000001,15.30604,1.5,1
23.08.2021 00:10:40.228,15.342279999999999,15.30594,1.9,1
23.08.2021 00:10:41.691,15.317779999999999,15.30604,1,1
23.08.2021 00:10:41.742,15.33215,15.30594,1.27,1
23.08.2021 00:10:43.026,15.321579999999999,15.30604,1,1
23.08.2021 00:10:43.077,15.330250000000001,15.30594,1.27,1
23.08.2021 00:10:45.783,15.319410000000001,15.305950000000001,1.2,1
23.08.2021 00:10:45.884,15.317779999999999,15.30604,1,1
23.08.2021 00:10:54.720,15.33154,15.305950000000001,1.27,1
23.08.2021 00:10:56.595,15.319410000000001,15.305950000000001,1.2,1
23.08.2021 00:10:56.706,15.317779999999999,15.30604,1,1
23.08.2021 00:11:06.912,15.325460000000001,15.305950000000001,2.4,1
23.08.2021 00:11:07.311,15.31653,15.30604,1,1
23.08.2021 00:11:07.771,15.314029999999999,15.30604,1,1
23.08.2021 00:11:07.822,15.31581,15.30604,1,1
23.08.2021 00:11:07.923,15.322260000000002,15.30604,1.4,1
23.08.2021 00:11:10.927,15.331120000000002,15.305950000000001,1.27,1
23.08.2021 00:11:10.978,15.322260000000002,15.30604,1.4,1
23.08.2021 00:11:16.574,15.33644,15.305950000000001,1.27,1
23.08.2021 00:11:19.130,15.317779999999999,15.30604,1,1
23.08.2021 00:11:29.808,15.33065,15.30594,1.27,0.75
23.08.2021 00:11:32.942,15.32278,15.30604,1.4,1
23.08.2021 00:11:33.043,15.332040000000001,15.305950000000001,1.27,1
23.08.2021 00:11:33.377,15.31903,15.30604,1.4,1
23.08.2021 00:11:33.528,15.332040000000001,15.305950000000001,1.27,1
23.08.2021 00:11:44.738,15.317779999999999,15.30604,1,1
23.08.2021 00:11:44.989,15.3252,15.30594,1.4,1
23.08.2021 00:11:47.375,15.31816,15.305950000000001,1.2,0.75
23.08.2021 00:11:47.475,15.324720000000003,15.305950000000001,1.4,0.75
23.08.2021 00:11:48.296,15.31816,15.305950000000001,1.2,0.75
23.08.2021 00:11:49.837,15.328850000000001,15.305950000000001,1.27,0.75
23.08.2021 00:11:52.488,15.317779999999999,15.30604,1,1
23.08.2021 00:11:58.113,15.319360000000001,15.30604,1.4,1
23.08.2021 00:11:58.214,15.33104,15.305950000000001,1.27,1
23.08.2021 00:12:06.017,15.317779999999999,15.30604,1,1
23.08.2021 00:12:12.458,15.31653,15.30604,1,1
23.08.2021 00:12:12.569,15.31528,15.30604,1,1
23.08.2021 00:12:12.840,15.314029999999999,15.30604,1,1
23.08.2021 00:12:12.991,15.31278,15.30604,1,1
23.08.2021 00:12:13.243,15.314029999999999,15.30604,1,1
23.08.2021 00:12:13.565,15.31153,15.30604,1,1
23.08.2021 00:12:18.776,15.31278,15.30604,1,1
23.08.2021 00:12:19.028,15.31153,15.30604,1,1
23.08.2021 00:12:28.141,15.314110000000001,15.30604,1,1
23.08.2021 00:12:29.004,15.317520000000002,15.30603,1.2,1
23.08.2021 00:12:43.518,15.317510000000002,15.305950000000001,1.7,0.75
23.08.2021 00:13:19.805,15.315320000000002,15.305950000000001,1,0.75
23.08.2021 00:13:19.906,15.315310000000002,15.305950000000001,1.5,0.75
23.08.2021 00:13:20.008,15.322260000000002,15.305950000000001,1.07,0.75
23.08.2021 00:13:20.159,15.31594,15.305950000000001,1,0.75
23.08.2021 00:13:20.358,15.315270000000002,15.30594,1.5,0.75
23.08.2021 00:13:20.417,15.319429999999999,15.30594,1.07,0.75
23.08.2021 00:13:20.568,15.315270000000002,15.305950000000001,1,0.75
23.08.2021 00:13:20.669,15.31595,15.30594,1,0.75
23.08.2021 00:13:20.770,15.32304,15.305950000000001,1.07,0.75
23.08.2021 00:13:28.166,15.320710000000002,15.287429999999999,1.5,1.25
23.08.2021 00:13:28.217,15.320710000000002,15.30534,1.7,0.75
23.08.2021 00:14:02.106,15.316010000000002,15.30534,1,0.75
23.08.2021 00:14:14.832,15.316020000000002,15.30534,1,0.75
23.08.2021 00:14:16.566,15.316010000000002,15.30534,1.5,0.75
23.08.2021 00:14:28.368,15.316010000000002,15.290379999999999,1.5,2
23.08.2021 00:14:39.687,15.316020000000002,15.28999,1.5,2
23.08.2021 00:14:54.498,15.316510000000001,15.28999,1.5,2
23.08.2021 00:14:54.610,15.32129,15.289970000000002,1,1.75
23.08.2021 00:14:54.711,15.318770000000002,15.286629999999999,1.5,1.25
23.08.2021 00:14:54.773,15.319020000000002,15.286629999999999,1,1.25
23.08.2021 00:14:54.924,15.319160000000002,15.28633,1,1.25
23.08.2021 00:14:54.978,15.319420000000003,15.286320000000002,1,1.25
23.08.2021 00:14:55.121,15.319260000000002,15.28623,1.5,1.25
23.08.2021 00:14:55.321,15.334970000000002,15.28673,1.25,1.25
23.08.2021 00:14:55.388,15.334970000000002,15.28929,1.25,1.25
23.08.2021 00:14:56.924,15.32284,15.28979,0.87,1.5
23.08.2021 00:14:57.025,15.32284,15.28921,0.87,1
23.08.2021 00:14:57.227,15.32051,15.290560000000001,1.5,1
23.08.2021 00:14:57.277,15.320520000000002,15.290550000000001,2,1
23.08.2021 00:14:57.482,15.317779999999999,15.290550000000001,1.5,1
23.08.2021 00:14:57.684,15.318520000000001,15.290560000000001,1,1
23.08.2021 00:14:57.784,15.31811,15.28979,1,1.5
23.08.2021 00:14:57.891,15.318120000000002,15.28979,1.5,1.5
23.08.2021 00:14:57.992,15.32475,15.28949,1,1
23.08.2021 00:14:58.093,15.318770000000002,15.28949,1.25,1
23.08.2021 00:14:58.194,15.315610000000001,15.2895,1,1
23.08.2021 00:14:58.344,15.315620000000003,15.28979,1,1.5
23.08.2021 00:14:58.395,15.318310000000002,15.28979,0.87,1.62
23.08.2021 00:14:58.915,15.317910000000001,15.28949,1,1
23.08.2021 00:14:59.074,15.319110000000002,15.2895,1.5,1
23.08.2021 00:14:59.175,15.319160000000002,15.2895,1.5,1
23.08.2021 00:14:59.323,15.319310000000002,15.2895,1.5,1
23.08.2021 00:15:05.167,15.32324,15.2893,0.87,1
23.08.2021 00:15:05.219,15.32324,15.2893,0.87,1
23.08.2021 00:15:05.320,15.323250000000002,15.28929,0.87,1
23.08.2021 00:15:05.567,15.32324,15.28929,0.87,1
23.08.2021 00:15:06.139,15.32324,15.285829999999999,0.87,1.25
23.08.2021 00:15:06.190,15.32324,15.289390000000001,0.87,1
23.08.2021 00:15:06.327,15.32324,15.28978,0.87,1
23.08.2021 00:15:06.623,15.317760000000002,15.285829999999999,1,1.25
23.08.2021 00:15:06.726,15.317770000000001,15.289390000000001,1,1
23.08.2021 00:15:06.777,15.317779999999999,15.28938,1.25,1
23.08.2021 00:15:06.827,15.317760000000002,15.28613,1,1.25
23.08.2021 00:15:06.928,15.3198,15.286220000000002,0.87,1.25
23.08.2021 00:15:07.029,15.32324,15.289390000000001,1,1
23.08.2021 00:15:07.129,15.32324,15.28979,0.87,1
23.08.2021 00:15:07.496,15.32484,15.285929999999999,0.87,1.25
23.08.2021 00:15:13.346,15.326270000000003,15.28563,0.69,1.25
23.08.2021 00:15:13.396,15.326120000000001,15.28563,0.87,1.25
23.08.2021 00:15:13.447,15.320860000000001,15.28563,1,1.25
23.08.2021 00:15:13.547,15.32284,15.28533,1,1.25
23.08.2021 00:15:13.648,15.32298,15.28929,1,1
23.08.2021 00:15:13.748,15.32298,15.289750000000002,1,1
23.08.2021 00:15:13.849,15.323570000000002,15.289560000000002,1.5,1
23.08.2021 00:15:13.950,15.324000000000002,15.28263,0.87,1.25
23.08.2021 00:15:14.103,15.321870000000002,15.282729999999999,1.5,1.25
23.08.2021 00:15:14.215,15.321060000000001,15.282729999999999,1,1.25
23.08.2021 00:15:14.317,15.321020000000003,15.282720000000001,1,1.25
23.08.2021 00:15:14.418,15.320920000000003,15.282729999999999,1,1.25
23.08.2021 00:15:14.468,15.320920000000003,15.28293,1.25,1.25
23.08.2021 00:15:14.624,15.317760000000002,15.28293,1.5,1.25
23.08.2021 00:15:14.748,15.317760000000002,15.28293,2,1.25
23.08.2021 00:15:14.954,15.313710000000002,15.28323,1,1.25
23.08.2021 00:15:15.055,15.313170000000001,15.287060000000002,1,1
23.08.2021 00:15:21.377,15.313160000000002,15.287840000000001,1,1.5
23.08.2021 00:15:21.444,15.313160000000002,15.28899,1,1.5
23.08.2021 00:15:21.752,15.313170000000001,15.28793,1,1.5
23.08.2021 00:15:21.855,15.313160000000002,15.289579999999999,1,1.5
23.08.2021 00:15:21.957,15.313170000000001,15.28919,1,1.5
23.08.2021 00:15:22.266,15.313160000000002,15.28978,1,1.5
23.08.2021 00:15:23.110,15.313160000000002,15.28978,1,2
23.08.2021 00:15:45.982,15.313160000000002,15.28959,1.5,1.5
23.08.2021 00:15:46.083,15.313720000000002,15.28959,1.5,1.5
23.08.2021 00:15:46.652,15.31373,15.30591,1.5,0.75
23.08.2021 00:15:46.759,15.313720000000002,15.30604,1.5,1
23.08.2021 00:15:46.956,15.313710000000002,15.30604,1.5,1
23.08.2021 00:15:51.597,15.313720000000002,15.30604,2.25,1
23.08.2021 00:15:52.110,15.313720000000002,15.30603,1.5,1
23.08.2021 00:15:56.747,15.313710000000002,15.30615,1.5,1
23.08.2021 00:15:56.870,15.313710000000002,15.30624,1.5,1
23.08.2021 00:16:10.024,15.317910000000001,15.30624,1.7,1
23.08.2021 00:16:10.130,15.32134,15.30615,1.2,0.75
23.08.2021 00:16:10.232,15.317510000000002,15.30615,1.2,0.75
23.08.2021 00:16:10.789,15.316110000000002,15.30615,1.5,0.75
23.08.2021 00:16:11.706,15.316120000000002,15.30615,2.25,0.75
23.08.2021 00:16:16.107,15.316110000000002,15.30615,2.25,0.75
23.08.2021 00:16:16.939,15.316120000000002,15.30615,2.25,0.75
23.08.2021 00:16:17.346,15.316110000000002,15.30615,2.25,0.75
23.08.2021 00:16:27.522,15.32244,15.30615,1.07,0.75
23.08.2021 00:16:31.285,15.316460000000001,15.30615,1,0.75
23.08.2021 00:17:00.067,15.316460000000001,15.28979,1.5,1.5
23.08.2021 00:17:02.012,15.316460000000001,15.30583,1,0.75
23.08.2021 00:17:22.983,15.316460000000001,15.30534,1.5,0.75
23.08.2021 00:17:24.549,15.316470000000002,15.30534,2.25,0.75
23.08.2021 00:17:26.330,15.316510000000001,15.30534,2.45,0.75
23.08.2021 00:17:54.115,15.31586,15.30534,1,0.75
23.08.2021 00:17:54.316,15.315870000000002,15.30534,1,0.75
23.08.2021 00:17:54.767,15.31586,15.30534,1,0.75
23.08.2021 00:17:54.919,15.315870000000002,15.30534,1,0.75
23.08.2021 00:17:56.202,15.31586,15.30534,1,0.75
23.08.2021 00:17:56.970,15.315870000000002,15.30534,1,0.75
23.08.2021 00:17:59.641,15.315870000000002,15.30533,1,0.75
23.08.2021 00:18:00.639,15.31581,15.30534,1,0.75
23.08.2021 00:18:01.152,15.315820000000002,15.30534,1,0.75
23.08.2021 00:18:01.557,15.31879,15.30534,1.07,0.75
23.08.2021 00:18:02.298,15.32351,15.30615,1.7,0.75
23.08.2021 00:19:05.086,15.32351,15.294979999999999,1,1
23.08.2021 00:19:21.398,15.32351,15.29499,1,1
23.08.2021 00:19:21.549,15.324610000000002,15.29499,0.87,1
23.08.2021 00:19:21.749,15.324610000000002,15.29499,0.87,1.25
23.08.2021 00:19:21.807,15.327100000000002,15.29183,0.87,1.25
23.08.2021 00:19:21.910,15.323710000000002,15.29203,1,1.25
23.08.2021 00:19:22.446,15.324420000000002,15.29163,1.5,1.25
23.08.2021 00:19:22.547,15.33024,15.29163,0.87,1.25
23.08.2021 00:19:22.717,15.33024,15.29153,0.87,1.25
23.08.2021 00:19:22.849,15.33024,15.29153,0.87,1.25
23.08.2021 00:20:24.812,15.341470000000001,15.29173,1,1
23.08.2021 00:21:12.584,15.341470000000001,15.29173,1,1
23.08.2021 00:21:21.372,15.341470000000001,15.29173,1,1
23.08.2021 00:22:07.586,15.341770000000002,15.29173,1,1
23.08.2021 00:22:21.372,15.341770000000002,15.29173,1,1
23.08.2021 00:23:02.587,15.341770000000002,15.292729999999999,1,1
23.08.2021 00:23:21.380,15.342070000000001,15.292729999999999,1,1
23.08.2021 00:24:21.867,15.33024,15.292729999999999,0.87,1.25
23.08.2021 00:24:42.901,15.33024,15.292729999999999,0.87,1.25
23.08.2021 00:24:43.044,15.32954,15.292729999999999,0.87,1.25
23.08.2021 00:24:43.095,15.329550000000001,15.296820000000002,0.87,1.25
23.08.2021 00:24:43.395,15.33144,15.29683,0.87,1.25
23.08.2021 00:24:49.366,15.33044,15.298620000000001,0.87,1.25
23.08.2021 00:25:38.884,15.33124,15.29863,0.87,1.25
23.08.2021 00:25:46.096,15.33124,15.29863,0.87,1
23.08.2021 00:25:49.405,15.33094,15.29813,0.87,1
23.08.2021 00:25:49.506,15.33094,15.295570000000001,0.87,1
23.08.2021 00:25:53.568,15.33094,15.29863,0.87,1
23.08.2021 00:25:53.668,15.332040000000001,15.295729999999999,1,1
23.08.2021 00:25:59.477,15.33224,15.29863,0.87,1
23.08.2021 00:26:06.190,15.33194,15.29863,1,1
23.08.2021 00:26:12.342,15.332040000000001,15.29863,1,1
23.08.2021 00:26:12.844,15.33331,15.29588,1,1
23.08.2021 00:26:13.526,15.333320000000002,15.292920000000002,1,1.25
23.08.2021 00:26:37.933,15.3308,15.29863,1,1.25
23.08.2021 00:26:53.659,15.33049,15.29453,1,1.25
23.08.2021 00:26:54.779,15.332040000000001,15.298620000000001,1,1.25
23.08.2021 00:26:55.772,15.33285,15.293720000000002,0.87,1.25
23.08.2021 00:26:57.921,15.33324,15.29523,1,1.25
23.08.2021 00:27:00.112,15.33324,15.29563,1,1.25
23.08.2021 00:27:02.345,15.33314,15.29333,1,1.25
23.08.2021 00:27:04.505,15.33324,15.29563,1,1.25
23.08.2021 00:27:06.657,15.33324,15.29563,1,1.25
23.08.2021 00:27:08.809,15.33314,15.29563,1,1.25
23.08.2021 00:27:11.068,15.332840000000001,15.29563,1,1.25
23.08.2021 00:27:13.222,15.333150000000002,15.295620000000001,1,1.25
23.08.2021 00:27:15.373,15.33324,15.29563,1,1.25
23.08.2021 00:27:17.621,15.33314,15.29563,1,1.25
23.08.2021 00:27:19.708,15.332840000000001,15.29563,1,1.25
23.08.2021 00:27:21.917,15.33324,15.29563,1,1.25
23.08.2021 00:27:24.069,15.33324,15.29563,1,1.25
23.08.2021 00:27:26.200,15.33305,15.295620000000001,1,1.25
23.08.2021 00:27:45.853,15.33334,15.29593,1,1.25
23.08.2021 00:27:50.219,15.33314,15.29593,1,1.25
23.08.2021 00:27:53.694,15.33089,15.29483,1,1.25
23.08.2021 00:27:53.832,15.33089,15.29433,1,1.25
23.08.2021 00:27:57.813,15.33089,15.296260000000002,1,1
23.08.2021 00:27:59.512,15.33124,15.29443,1,1.25
23.08.2021 00:27:59.613,15.33125,15.293620000000002,1,1.25
23.08.2021 00:27:59.930,15.33314,15.29363,1,1.25
23.08.2021 00:28:02.903,15.333150000000002,15.295020000000003,1,1.25
23.08.2021 00:28:27.939,15.33214,15.298620000000001,1,1.25
23.08.2021 00:28:28.045,15.33214,15.29463,1,1.25
23.08.2021 00:28:38.621,15.33214,15.29313,0.87,1.25
23.08.2021 00:28:51.890,15.330829999999999,15.29313,0.87,1.25
23.08.2021 00:28:57.361,15.330829999999999,15.29463,1,1.25
23.08.2021 00:28:59.470,15.330829999999999,15.2963,1,1
23.08.2021 00:28:59.520,15.329740000000001,15.295729999999999,0.87,1
23.08.2021 00:28:59.600,15.329740000000001,15.295729999999999,0.87,1
23.08.2021 00:28:59.751,15.329740000000001,15.295520000000002,0.87,1
23.08.2021 00:28:59.952,15.329740000000001,15.295300000000001,0.87,1
23.08.2021 00:29:03.781,15.32576,15.2948,1.5,1
23.08.2021 00:29:03.886,15.331560000000001,15.294910000000002,1,1
23.08.2021 00:29:03.986,15.331560000000001,15.295100000000001,1,1
23.08.2021 00:29:04.087,15.331560000000001,15.295060000000001,1,1
23.08.2021 00:29:04.187,15.331560000000001,15.295060000000001,1,1
23.08.2021 00:29:14.324,15.331560000000001,15.29514,1,1
23.08.2021 00:29:25.710,15.331560000000001,15.29504,0.87,1
23.08.2021 00:29:26.097,15.33074,15.29536,1,1
23.08.2021 00:29:26.188,15.33074,15.29536,1,1
23.08.2021 00:29:26.697,15.33074,15.29863,1,1
23.08.2021 00:29:45.108,15.316500000000001,15.3007,0.15,1
23.08.2021 00:29:59.060,15.316500000000001,15.3007,0.15,1.25
23.08.2021 00:30:05.776,15.329400000000001,15.3007,1.2,1
23.08.2021 00:30:45.658,15.32894,15.29513,1,1.25
23.08.2021 00:30:56.094,15.32804,15.29513,1,1.25
23.08.2021 00:30:56.819,15.33014,15.297220000000001,1,1.25
23.08.2021 00:31:02.283,15.32914,15.29513,1,1.25
23.08.2021 00:31:09.516,15.32914,15.294929999999999,1,1
23.08.2021 00:31:17.718,15.32914,15.29513,1,1
23.08.2021 00:31:20.058,15.32995,15.29453,0.87,1.25
23.08.2021 00:31:20.186,15.327660000000002,15.299629999999999,1.5,1.25
23.08.2021 00:31:20.287,15.327610000000002,15.29203,1.5,1.25
23.08.2021 00:31:20.415,15.32893,15.29543,0.87,1.25
23.08.2021 00:31:20.516,15.326160000000002,15.29543,1,1.25
23.08.2021 00:31:20.566,15.32811,15.29543,1.87,1.25
23.08.2021 00:31:30.246,15.32811,15.29563,1.5,1.25
23.08.2021 00:31:30.865,15.326060000000002,15.29863,1,1.25
23.08.2021 00:31:39.321,15.330560000000002,15.298620000000001,1,1.25
23.08.2021 00:31:39.454,15.33055,15.298620000000001,1,1.25
23.08.2021 00:31:40.468,15.33075,15.29623,1,1.25
23.08.2021 00:31:40.956,15.33036,15.29703,1,1.25
23.08.2021 00:31:41.058,15.33294,15.30058,1,1.25
23.08.2021 00:31:47.389,15.33294,15.30059,1,1.25
23.08.2021 00:31:54.655,15.33294,15.30059,1,1.25
23.08.2021 00:32:04.849,15.329910000000002,15.30058,1,1.25
23.08.2021 00:32:04.950,15.32581,15.299920000000002,1.5,1.25
23.08.2021 00:32:12.577,15.32581,15.299920000000002,1.5,1
23.08.2021 00:32:18.745,15.32581,15.299920000000002,2,1
23.08.2021 00:32:18.880,15.323810000000002,15.29793,1,1.25
23.08.2021 00:32:29.040,15.322460000000001,15.297920000000001,1,1.25
23.08.2021 00:32:33.734,15.323610000000002,15.29703,2.25,1.25
23.08.2021 00:32:40.762,15.32734,15.29703,0.87,1.25
23.08.2021 00:32:43.666,15.32964,15.29703,0.87,1.25
23.08.2021 00:32:43.716,15.33128,15.29903,0.87,1.25
23.08.2021 00:32:43.792,15.33128,15.29903,0.87,1.25
23.08.2021 00:32:44.495,15.33128,15.299629999999999,0.87,1.25
23.08.2021 00:32:46.137,15.33104,15.299620000000003,1,1.25
23.08.2021 00:32:52.541,15.33084,15.299620000000003,0.87,1.25
23.08.2021 00:32:52.859,15.32894,15.29563,0.87,1.25
23.08.2021 00:32:52.943,15.32894,15.29818,0.87,1.75
23.08.2021 00:32:54.187,15.33128,15.29833,1,1.25
23.08.2021 00:32:54.795,15.33214,15.30053,1,1.25
23.08.2021 00:32:56.124,15.33304,15.300520000000002,1,1.25
23.08.2021 00:33:01.896,15.33274,15.30053,1,1.25
23.08.2021 00:33:08.175,15.33244,15.30053,1,1.25
23.08.2021 00:33:18.906,15.33183,15.300520000000002,0.87,1.25
23.08.2021 00:33:43.607,15.327020000000003,15.300520000000002,1,1.25
23.08.2021 00:33:43.707,15.33214,15.30053,1,1.25
23.08.2021 00:33:48.202,15.332320000000001,15.300520000000002,1,1.25
23.08.2021 00:33:54.238,15.332320000000001,15.30053,1,1.25
23.08.2021 00:33:54.450,15.326760000000002,15.30053,1,1.25
23.08.2021 00:33:54.665,15.32678,15.300520000000002,1.5,1.25
23.08.2021 00:33:55.099,15.326770000000002,15.30053,1.5,1
23.08.2021 00:34:01.328,15.326770000000002,15.30053,2,1
23.08.2021 00:34:01.429,15.324440000000001,15.29533,1,1.25
23.08.2021 00:34:01.480,15.32554,15.298520000000002,1,1.25
23.08.2021 00:34:01.562,15.32894,15.298520000000002,0.87,1.25
23.08.2021 00:34:01.900,15.33084,15.29553,1,1.25
23.08.2021 00:34:24.952,15.328720000000002,15.29743,1,1.25
23.08.2021 00:34:41.028,15.326120000000001,15.29859,1,1.25
23.08.2021 00:34:41.179,15.326020000000002,15.29858,1,1.25
23.08.2021 00:34:44.881,15.33125,15.29858,1,1.25
23.08.2021 00:35:01.709,15.33124,15.29859,1,1
23.08.2021 00:35:04.341,15.33164,15.29859,1,1
23.08.2021 00:35:08.396,15.33124,15.29843,0.87,1
23.08.2021 00:35:17.365,15.33194,15.29858,0.87,1
23.08.2021 00:35:21.616,15.33174,15.29843,0.87,1
23.08.2021 00:35:39.922,15.33133,15.298420000000002,1,1
23.08.2021 00:35:41.034,15.328960000000002,15.29523,0.87,1
23.08.2021 00:35:54.466,15.327910000000001,15.298420000000002,1.5,1
23.08.2021 00:35:54.566,15.331370000000001,15.29843,1,1
23.08.2021 00:36:05.824,15.331370000000001,15.29553,1,1
23.08.2021 00:36:08.775,15.331370000000001,15.29553,1,1
23.08.2021 00:36:15.048,15.331370000000001,15.29553,1,1
23.08.2021 00:36:16.746,15.331370000000001,15.29843,1,1
23.08.2021 00:36:17.983,15.331370000000001,15.29553,1,1
23.08.2021 00:36:19.407,15.331370000000001,15.29843,1,1
23.08.2021 00:36:48.917,15.327679999999999,15.294929999999999,1.25,1
23.08.2021 00:36:49.018,15.325479999999999,15.298420000000002,1,1
23.08.2021 00:36:54.400,15.325460000000001,15.29819,1,1.5
23.08.2021 00:36:54.450,15.325460000000001,15.29819,1.5,1.5
23.08.2021 00:36:54.551,15.323020000000001,15.29483,1,1
23.08.2021 00:36:54.651,15.323010000000002,15.292770000000003,1,1
23.08.2021 00:36:54.852,15.32116,15.29703,1,1
23.08.2021 00:36:55.008,15.321170000000002,15.297020000000002,1,1.25
23.08.2021 00:36:55.243,15.326860000000002,15.29703,0.87,1.25
23.08.2021 00:36:55.344,15.32864,15.29703,1,1.25
23.08.2021 00:37:01.249,15.32894,15.29703,0.87,1.25
23.08.2021 00:37:08.515,15.33134,15.29703,1,1.25
23.08.2021 00:37:08.615,15.327870000000003,15.29473,1,1.25
23.08.2021 00:37:08.746,15.327860000000001,15.29603,1.5,1.25
23.08.2021 00:37:15.785,15.33134,15.299529999999999,1,1.25
23.08.2021 00:37:28.750,15.32924,15.29553,1,1.25
23.08.2021 00:37:28.878,15.32924,15.296529999999999,1,1.25
23.08.2021 00:37:34.720,15.32894,15.296529999999999,1,1.25
23.08.2021 00:37:44.919,15.32904,15.29603,1,1.25
23.08.2021 00:37:45.070,15.32904,15.296529999999999,1,1.25
23.08.2021 00:37:55.078,15.32854,15.296529999999999,1,1.25
23.08.2021 00:37:55.202,15.32854,15.296529999999999,1,1.25
23.08.2021 00:38:05.920,15.32904,15.296529999999999,1,1.25
23.08.2021 00:38:09.203,15.32984,15.29403,1,1.25
23.08.2021 00:38:11.340,15.32944,15.29383,1,1.25
23.08.2021 00:38:14.151,15.32924,15.29403,1,1.25
23.08.2021 00:38:14.263,15.32925,15.293420000000001,1,1.25
23.08.2021 00:38:14.626,15.32924,15.293429999999999,1,1.25
23.08.2021 00:38:16.345,15.32874,15.29333,1,1.25
23.08.2021 00:38:34.301,15.330010000000001,15.291229999999999,1,1.25
23.08.2021 00:38:34.352,15.330010000000001,15.291229999999999,1,1.25
23.08.2021 00:38:35.769,15.330010000000001,15.29483,1,1.25
23.08.2021 00:38:39.553,15.329740000000001,15.29483,1,1.25
23.08.2021 00:38:49.922,15.32954,15.29453,1,1.25
23.08.2021 00:39:22.925,15.32984,15.297229999999999,1,1.25
23.08.2021 00:39:33.437,15.329970000000001,15.297229999999999,1,1.25
23.08.2021 00:39:35.006,15.329970000000001,15.297229999999999,1,1
23.08.2021 00:39:39.566,15.325220000000002,15.292679999999999,1.5,1
23.08.2021 00:39:39.625,15.325210000000002,15.297229999999999,1.5,1
23.08.2021 00:39:46.077,15.325210000000002,15.29523,1.5,1
23.08.2021 00:39:46.139,15.329550000000001,15.295220000000002,1,1
23.08.2021 00:39:46.279,15.32954,15.29523,1,1
23.08.2021 00:40:22.977,15.329620000000002,15.29473,1,1
23.08.2021 00:40:23.794,15.329620000000002,15.29513,1,1
23.08.2021 00:40:39.608,15.32944,15.29513,1,1
23.08.2021 00:40:39.712,15.32944,15.294660000000002,1,1
23.08.2021 00:40:39.815,15.32944,15.294660000000002,1,1
23.08.2021 00:40:46.366,15.328529999999999,15.294660000000002,1,1
23.08.2021 00:40:46.817,15.328529999999999,15.29499,1,1
23.08.2021 00:40:47.076,15.328529999999999,15.29433,1,1
23.08.2021 00:40:47.179,15.32854,15.292750000000002,1,1
23.08.2021 00:40:47.795,15.328529999999999,15.297220000000001,1,1
23.08.2021 00:41:09.019,15.32844,15.297220000000001,1,1
23.08.2021 00:41:23.429,15.328529999999999,15.297229999999999,1,1
23.08.2021 00:41:39.779,15.32884,15.29523,1,1
23.08.2021 00:41:47.123,15.32914,15.29296,1,1
23.08.2021 00:41:47.179,15.32914,15.29223,1,1.25
23.08.2021 00:41:47.330,15.32914,15.29403,1,1.25
23.08.2021 00:41:47.839,15.32914,15.295029999999999,1,1.25
23.08.2021 00:41:57.935,15.32944,15.29203,1,1.25
23.08.2021 00:42:15.739,15.32944,15.3007,1,1
23.08.2021 00:42:57.941,15.32924,15.3007,1,1
23.08.2021 00:43:09.572,15.32834,15.3007,1,1
23.08.2021 00:43:09.723,15.32835,15.30069,1,1
23.08.2021 00:43:14.648,15.32678,15.3007,1,1
23.08.2021 00:43:29.500,15.32678,15.3007,1,1
23.08.2021 00:43:29.626,15.327970000000002,15.3007,1,1
23.08.2021 00:43:29.827,15.32679,15.30069,1,1
23.08.2021 00:43:30.204,15.32678,15.3007,1,1
23.08.2021 00:43:30.809,15.32679,15.30069,1,1
23.08.2021 00:43:31.415,15.32678,15.3007,1,1
23.08.2021 00:43:31.925,15.32678,15.3007,1,1
23.08.2021 00:43:32.076,15.32678,15.3007,1,1
23.08.2021 00:43:32.421,15.32678,15.3007,1,1
23.08.2021 00:43:32.731,15.32678,15.3007,1,1
23.08.2021 00:43:32.883,15.32678,15.3007,1,1
23.08.2021 00:43:33.133,15.32678,15.3007,1,1
23.08.2021 00:43:33.939,15.32678,15.3007,1,1
23.08.2021 00:43:34.248,15.32678,15.3007,1,1
23.08.2021 00:43:35.065,15.32678,15.3007,1,1
23.08.2021 00:43:35.508,15.32678,15.3007,1,1
23.08.2021 00:43:36.180,15.32678,15.3007,1,1
23.08.2021 00:43:36.583,15.32678,15.3007,1,1
23.08.2021 00:43:36.987,15.32678,15.3007,1,1
23.08.2021 00:43:37.339,15.32678,15.3007,1,1
23.08.2021 00:43:37.491,15.32678,15.3007,1,1
23.08.2021 00:43:45.713,15.32109,15.3007,1,1
23.08.2021 00:44:04.605,15.32059,15.3007,1,1
23.08.2021 00:44:07.479,15.32109,15.3007,1,1
23.08.2021 00:44:20.095,15.32079,15.3007,1,1
23.08.2021 00:44:25.264,15.321390000000001,15.3007,1,1
23.08.2021 00:44:31.086,15.32209,15.3007,1,1
23.08.2021 00:44:31.203,15.325190000000001,15.3007,1.12,1
23.08.2021 00:44:31.254,15.325190000000001,15.3007,1.62,1
23.08.2021 00:44:31.355,15.323270000000003,15.3007,1,1
23.08.2021 00:44:31.559,15.32259,15.3007,1,1
23.08.2021 00:44:31.610,15.32319,15.3007,1,1
23.08.2021 00:44:31.863,15.32229,15.3007,1,1
23.08.2021 00:44:31.913,15.32299,15.3007,1,1
23.08.2021 00:44:32.154,15.32229,15.3007,1,1
23.08.2021 00:44:32.585,15.3217,15.30069,1,1
23.08.2021 00:44:33.605,15.32129,15.3007,1,1
23.08.2021 00:44:35.465,15.32179,15.3007,1,1
23.08.2021 00:44:36.608,15.32269,15.3007,1,1
23.08.2021 00:44:36.709,15.323270000000003,15.30069,1.5,1
23.08.2021 00:44:37.111,15.32319,15.3007,1,1
23.08.2021 00:44:37.428,15.32239,15.3007,1,1
23.08.2021 00:44:38.430,15.32159,15.3007,1,1
23.08.2021 00:44:40.002,15.32249,15.3007,1,1
23.08.2021 00:44:40.203,15.322890000000001,15.3007,1,1
23.08.2021 00:44:40.684,15.32229,15.3007,1,1
23.08.2021 00:44:40.735,15.32299,15.3007,1,1
23.08.2021 00:44:40.844,15.323270000000003,15.3007,1.5,1
23.08.2021 00:44:41.272,15.323260000000001,15.3007,1.5,1
23.08.2021 00:44:41.671,15.323270000000003,15.3007,1.5,1
23.08.2021 00:44:41.992,15.32309,15.3007,1,1
23.08.2021 00:44:42.143,15.32429,15.3007,1.5,1
23.08.2021 00:44:42.194,15.32429,15.3007,1,1
23.08.2021 00:44:42.415,15.323690000000001,15.3007,1,1
23.08.2021 00:44:42.857,15.32439,15.3007,1,1
23.08.2021 00:44:43.139,15.323610000000002,15.3007,1.5,1
23.08.2021 00:44:43.289,15.323170000000001,15.30069,1,1
23.08.2021 00:44:43.925,15.32299,15.3007,1,1
23.08.2021 00:44:44.025,15.323160000000001,15.3007,1,1
23.08.2021 00:44:44.428,15.323170000000001,15.3007,1,1
23.08.2021 00:44:45.736,15.32249,15.3007,1,1
23.08.2021 00:44:50.997,15.32299,15.3007,1,1
23.08.2021 00:44:51.047,15.32249,15.3007,1,1
23.08.2021 00:44:51.305,15.32359,15.3007,1,1
23.08.2021 00:44:53.825,15.32309,15.3007,1,1
23.08.2021 00:45:07.844,15.32359,15.3007,1,1
23.08.2021 00:45:27.808,15.32309,15.3007,1,1
23.08.2021 00:45:46.048,15.32259,15.3007,1,1
23.08.2021 00:46:06.118,15.32209,15.3007,1,1
23.08.2021 00:46:35.352,15.3216,15.30069,1,1
23.08.2021 00:46:50.100,15.321200000000001,15.30069,1,1
23.08.2021 00:46:54.509,15.32189,15.3007,1,1
23.08.2021 00:47:01.268,15.32229,15.3007,1,1
23.08.2021 00:47:05.729,15.32229,15.30019,1,1
23.08.2021 00:47:16.315,15.32179,15.30019,1,1
23.08.2021 00:47:20.956,15.320960000000001,15.3007,1,1
23.08.2021 00:47:21.090,15.320210000000001,15.3007,1,1
23.08.2021 00:47:22.053,15.32099,15.3007,1,1
23.08.2021 00:47:22.804,15.32109,15.3007,1,1
23.08.2021 00:47:23.755,15.31919,15.3007,1,1
23.08.2021 00:47:25.708,15.31889,15.3007,1,1
23.08.2021 00:47:28.026,15.31999,15.3007,1,1
23.08.2021 00:47:28.395,15.31959,15.3007,1,1
23.08.2021 00:47:29.110,15.31929,15.3007,1,1
23.08.2021 00:47:33.844,15.32059,15.3007,1,1
23.08.2021 00:47:34.215,15.32009,15.3007,1,1
23.08.2021 00:47:35.284,15.31999,15.3007,1,1
23.08.2021 00:47:39.525,15.32089,15.3007,1,1
23.08.2021 00:47:43.630,15.32129,15.3007,1,1
23.08.2021 00:47:43.993,15.32159,15.3007,1,1
23.08.2021 00:47:48.444,15.32189,15.3007,1,1
23.08.2021 00:48:03.341,15.32149,15.3007,1,1
23.08.2021 00:48:05.990,15.32119,15.3007,1,1
23.08.2021 00:48:14.975,15.32089,15.3007,1,1
23.08.2021 00:48:19.253,15.32029,15.3007,1,1
23.08.2021 00:48:21.094,15.32009,15.3007,1,1
23.08.2021 00:48:24.405,15.32069,15.3007,1,1
23.08.2021 00:48:31.431,15.320400000000001,15.30069,1,1
23.08.2021 00:48:32.208,15.32089,15.3007,1,1
23.08.2021 00:48:36.801,15.32119,15.3007,1,1
23.08.2021 00:48:37.089,15.32159,15.3007,1,1
23.08.2021 00:48:40.599,15.321010000000001,15.3007,1,1
23.08.2021 00:48:40.700,15.32159,15.3007,1.5,1
23.08.2021 00:48:40.859,15.31799,15.3007,1,1
23.08.2021 00:48:41.009,15.31769,15.3009,1.5,0.75
23.08.2021 00:48:41.120,15.31659,15.3009,1,0.75
23.08.2021 00:48:41.378,15.3177,15.30089,1.5,0.75
23.08.2021 00:48:41.652,15.31769,15.3009,1.5,0.75
23.08.2021 00:48:42.029,15.316770000000002,15.3009,1,1
23.08.2021 00:48:42.477,15.31729,15.3009,1,1
23.08.2021 00:48:45.738,15.31589,15.3009,1,1
23.08.2021 00:48:45.889,15.311870000000003,15.30098,1.5,1
23.08.2021 00:48:45.990,15.311460000000002,15.30099,1.5,1
23.08.2021 00:48:46.141,15.310860000000002,15.30099,1,1
23.08.2021 00:48:51.615,15.31269,15.30099,1.5,1
23.08.2021 00:48:51.716,15.31303,15.30098,1.5,1
23.08.2021 00:48:51.817,15.312960000000002,15.30099,1,1
23.08.2021 00:48:51.917,15.313120000000001,15.30099,1.5,1
23.08.2021 00:48:53.676,15.313110000000002,15.3009,1.5,0.75
23.08.2021 00:48:53.737,15.314760000000001,15.3009,1.5,0.75
23.08.2021 00:48:53.839,15.31521,15.3009,1.5,0.75
23.08.2021 00:48:54.040,15.315290000000001,15.3009,1,0.75
23.08.2021 00:49:02.851,15.31489,15.3009,1,0.75
23.08.2021 00:49:09.954,15.31351,15.30099,1,1
23.08.2021 00:49:10.068,15.31431,15.30099,1,1
23.08.2021 00:49:10.935,15.31431,15.3009,1,0.75
23.08.2021 00:49:11.073,15.314320000000002,15.30098,1,1
23.08.2021 00:49:20.954,15.313520000000002,15.30099,1.5,1
23.08.2021 00:49:21.004,15.31353,15.30089,1.5,0.75
23.08.2021 00:49:21.055,15.314420000000002,15.30089,1.5,0.75
23.08.2021 00:49:21.149,15.314860000000001,15.3009,2.25,0.75
23.08.2021 00:49:21.295,15.31506,15.3009,2.25,0.75
23.08.2021 00:49:21.349,15.315310000000002,15.3009,2.25,0.75
23.08.2021 00:49:31.953,15.31351,15.30099,1,1
23.08.2021 00:49:32.003,15.31351,15.3009,1,0.75
23.08.2021 00:49:32.054,15.31431,15.3009,1.5,0.75
23.08.2021 00:49:38.884,15.315460000000002,15.3009,2.25,0.75
23.08.2021 00:49:49.009,15.31366,15.3009,1,0.75
23.08.2021 00:49:49.109,15.315460000000002,15.30099,1.5,1
23.08.2021 00:49:49.210,15.315660000000001,15.30099,1.5,1
23.08.2021 00:50:00.002,15.313810000000002,15.30099,1,1
23.08.2021 00:50:00.053,15.313810000000002,15.3009,1,0.75
23.08.2021 00:50:00.197,15.31521,15.3009,1.5,0.75
23.08.2021 00:50:00.399,15.315560000000001,15.3009,1.5,0.75
23.08.2021 00:50:18.958,15.3154,15.30098,1,1
23.08.2021 00:50:19.072,15.315310000000002,15.3009,1.5,0.75
23.08.2021 00:50:19.378,15.315660000000001,15.3009,1.5,0.75
23.08.2021 00:50:28.418,15.31549,15.3009,1,0.75
23.08.2021 00:50:29.959,15.315100000000001,15.30089,1,0.75
23.08.2021 00:50:30.247,15.315460000000002,15.3009,1.5,0.75
23.08.2021 00:50:31.379,15.3154,15.30089,1,0.75
23.08.2021 00:50:48.576,15.315460000000002,15.3009,1.5,0.75
23.08.2021 00:50:48.959,15.31539,15.3009,1,0.75
23.08.2021 00:50:49.299,15.315410000000002,15.3009,1.5,0.75
23.08.2021 00:50:56.637,15.31519,15.3009,1,1
23.08.2021 00:51:01.786,15.31479,15.3009,1,1
23.08.2021 00:51:12.415,15.31519,15.3009,1,1
23.08.2021 00:51:20.961,15.31356,15.3009,1,0.75
23.08.2021 00:51:21.027,15.31519,15.3009,1,0.75
23.08.2021 00:51:35.961,15.31519,15.30099,1,1
23.08.2021 00:51:36.064,15.31519,15.3009,1,0.75
23.08.2021 00:51:38.577,15.314760000000001,15.3009,1,1
23.08.2021 00:51:38.632,15.31519,15.3009,1,1
23.08.2021 00:51:48.961,15.314420000000002,15.30099,1,1
23.08.2021 00:51:49.012,15.314420000000002,15.3009,1,0.75
23.08.2021 00:51:49.113,15.31443,15.3009,1,0.75
23.08.2021 00:51:49.502,15.31479,15.3009,1,0.75
23.08.2021 00:51:50.217,15.31519,15.3009,1,0.75
23.08.2021 00:51:56.936,15.31329,15.3009,1,0.75
23.08.2021 00:51:59.970,15.31319,15.3007,1,1
23.08.2021 00:52:08.068,15.31369,15.3007,1,1
23.08.2021 00:52:08.119,15.31339,15.3007,1,1
23.08.2021 00:52:14.210,15.31309,15.3007,1,1
23.08.2021 00:52:18.835,15.31279,15.3007,1,1
23.08.2021 00:52:21.312,15.31249,15.3007,1,1
23.08.2021 00:52:21.462,15.312320000000001,15.3007,1,1
23.08.2021 00:52:21.512,15.31249,15.3007,1,1
23.08.2021 00:52:23.968,15.31279,15.3007,1,1
23.08.2021 00:52:31.985,15.31239,15.3007,1,1
23.08.2021 00:52:37.079,15.31269,15.3007,1,1
23.08.2021 00:52:37.415,15.31309,15.3007,1,1
23.08.2021 00:52:38.435,15.31339,15.3007,1,1
23.08.2021 00:52:45.224,15.31369,15.3007,1,1
23.08.2021 00:52:48.046,15.314200000000001,15.30069,1,1
23.08.2021 00:52:50.965,15.31399,15.300790000000001,1,1
23.08.2021 00:52:51.016,15.31399,15.3007,1,0.75
23.08.2021 00:52:51.765,15.31429,15.3007,1,1
23.08.2021 00:52:57.097,15.31389,15.3007,1,1
23.08.2021 00:53:01.477,15.31349,15.3007,1,1
23.08.2021 00:53:10.207,15.31389,15.3007,1,1
23.08.2021 00:53:15.429,15.31419,15.3007,1,1
23.08.2021 00:53:31.319,15.3145,15.30069,1,1
23.08.2021 00:53:32.752,15.3148,15.30069,1,1
23.08.2021 00:53:48.740,15.31449,15.3007,1,1
23.08.2021 00:54:04.355,15.314100000000002,15.30069,1,1
23.08.2021 00:54:19.548,15.313790000000001,15.3007,1,1
23.08.2021 00:54:23.407,15.31349,15.3007,1,1
23.08.2021 00:54:27.485,15.31319,15.3007,1,1
23.08.2021 00:54:30.811,15.31319,15.30019,1,1
23.08.2021 00:54:34.616,15.31279,15.30019,1,1
23.08.2021 00:54:35.247,15.31239,15.30019,1,1
23.08.2021 00:54:36.903,15.31289,15.30019,1,1
23.08.2021 00:54:40.255,15.31259,15.30019,1,1
23.08.2021 00:54:41.726,15.31209,15.30019,1,1
23.08.2021 00:54:42.400,15.31239,15.30019,1,1
23.08.2021 00:54:42.934,15.31269,15.30019,1,1
23.08.2021 00:54:48.259,15.31229,15.30019,1,1
23.08.2021 00:54:50.420,15.31269,15.30019,1,1
23.08.2021 00:54:51.693,15.312990000000001,15.30019,1,1
23.08.2021 00:55:00.681,15.312990000000001,15.3007,1,1
23.08.2021 00:55:00.731,15.31319,15.3007,1,1
23.08.2021 00:55:01.743,15.31349,15.3007,1,1
23.08.2021 00:55:04.291,15.31319,15.3007,1,1
23.08.2021 00:55:05.594,15.31319,15.300790000000001,1,1
23.08.2021 00:55:05.645,15.31369,15.3007,1,1
23.08.2021 00:55:05.881,15.31419,15.3007,1,1
23.08.2021 00:55:05.932,15.313790000000001,15.3007,1,1
23.08.2021 00:55:05.982,15.31389,15.3007,1,1
23.08.2021 00:55:06.191,15.31359,15.3007,1,1
23.08.2021 00:55:06.318,15.31389,15.3007,1,1
23.08.2021 00:55:07.069,15.31459,15.3007,1,1
23.08.2021 00:55:07.713,15.31359,15.3007,1,1
23.08.2021 00:55:09.377,15.31389,15.3007,1,1
23.08.2021 00:55:10.455,15.313600000000001,15.30069,1,1
23.08.2021 00:55:11.546,15.31389,15.3007,1,1
23.08.2021 00:55:15.162,15.31359,15.3007,1,1
23.08.2021 00:55:16.346,15.31399,15.3007,1,1
23.08.2021 00:55:19.071,15.31439,15.3007,1,1
23.08.2021 00:55:21.741,15.31499,15.3007,1,1
23.08.2021 00:55:24.797,15.31419,15.3007,1,1
23.08.2021 00:55:30.262,15.31459,15.3007,1,1
23.08.2021 00:55:36.081,15.31499,15.3007,1,1
23.08.2021 00:55:41.085,15.315290000000001,15.3007,1,1
23.08.2021 00:55:42.907,15.31479,15.3007,1,1
23.08.2021 00:55:53.978,15.31509,15.3007,1,1
23.08.2021 00:55:55.502,15.31479,15.3007,1,1
23.08.2021 00:56:10.161,15.31439,15.3007,1,1
23.08.2021 00:56:12.972,15.314,15.30069,1,1
23.08.2021 00:56:14.973,15.31439,15.3007,1,1
23.08.2021 00:56:15.074,15.31409,15.3007,1,1
23.08.2021 00:56:16.092,15.31439,15.3007,1,1
23.08.2021 00:56:18.515,15.31489,15.3007,1,1
23.08.2021 00:56:28.278,15.31519,15.3007,1,1
23.08.2021 00:56:38.573,15.314900000000002,15.30069,1,1
23.08.2021 00:56:40.262,15.31519,15.3007,1,1
23.08.2021 00:56:40.315,15.31489,15.3007,1,1
23.08.2021 00:56:40.365,15.31519,15.3007,1,1
23.08.2021 00:56:40.669,15.31479,15.3007,1,1
23.08.2021 00:56:41.339,15.31449,15.3007,1,1
23.08.2021 00:56:41.531,15.31489,15.3007,1,1
23.08.2021 00:56:51.452,15.31449,15.3007,1,1
23.08.2021 00:56:59.241,15.31489,15.3007,1,1
23.08.2021 00:56:59.405,15.31459,15.3007,1,1
23.08.2021 00:57:00.725,15.31399,15.3007,1,1
23.08.2021 00:57:02.168,15.31429,15.3007,1,1
23.08.2021 00:57:02.249,15.31469,15.3007,1,1
23.08.2021 00:57:16.451,15.31499,15.3007,1,1
23.08.2021 00:57:18.002,15.315290000000001,15.3007,1,1
23.08.2021 00:57:20.874,15.31559,15.3007,1,1
23.08.2021 00:57:30.152,15.315290000000001,15.3007,1,1
23.08.2021 00:57:30.878,15.31489,15.3007,1,1
23.08.2021 00:57:31.396,15.31539,15.3007,1,1
23.08.2021 00:57:31.706,15.31579,15.3007,1,1
23.08.2021 00:57:32.956,15.31589,15.3007,1,1
23.08.2021 00:57:33.213,15.31619,15.3007,1,1
23.08.2021 00:57:35.090,15.31589,15.3007,1,1
23.08.2021 00:57:36.814,15.31519,15.3007,1,1
23.08.2021 00:57:42.974,15.31489,15.3007,1,1
23.08.2021 00:57:43.333,15.31539,15.3007,1,1
23.08.2021 00:57:43.706,15.31559,15.3007,1,1
23.08.2021 00:57:44.467,15.316,15.30069,1,1
23.08.2021 00:57:45.999,15.31649,15.3007,1,1
23.08.2021 00:58:02.366,15.31609,15.3007,1,1
23.08.2021 00:58:03.787,15.31639,15.3007,1,1
23.08.2021 00:58:03.966,15.31609,15.3007,1,1
23.08.2021 00:58:08.426,15.31639,15.3007,1,1
23.08.2021 00:58:11.303,15.31599,15.3007,1,1
23.08.2021 00:58:21.556,15.315700000000001,15.30069,1,1
23.08.2021 00:58:22.147,15.315000000000001,15.30069,1,1
23.08.2021 00:58:22.248,15.31539,15.3007,1,1
23.08.2021 00:58:22.299,15.31469,15.3007,1,1
23.08.2021 00:58:22.349,15.31569,15.3007,1,1
23.08.2021 00:58:22.876,15.315000000000001,15.30069,1,1
23.08.2021 00:58:22.977,15.31569,15.3007,1,1
23.08.2021 00:58:23.276,15.31469,15.3007,1,1
23.08.2021 00:58:23.336,15.31559,15.3007,1,1
23.08.2021 00:58:24.569,15.31449,15.3007,1,1
23.08.2021 00:58:24.620,15.3156,15.30069,1,1
23.08.2021 00:58:26.206,15.31479,15.3007,1,1
23.08.2021 00:58:27.000,15.31429,15.3007,1,1
23.08.2021 00:58:27.296,15.31489,15.3007,1,1
23.08.2021 00:58:30.164,15.31439,15.3007,1,1
23.08.2021 00:58:34.017,15.31469,15.3007,1,1
23.08.2021 00:58:36.935,15.31499,15.3007,1,1
23.08.2021 00:58:38.308,15.3147,15.30069,1,1
23.08.2021 00:58:39.258,15.31499,15.3007,1,1
23.08.2021 00:58:39.890,15.31469,15.3007,1,1
23.08.2021 00:58:40.260,15.31499,15.3007,1,1
23.08.2021 00:58:40.311,15.31469,15.3007,1,1
23.08.2021 00:58:41.586,15.31489,15.3007,1,1
23.08.2021 00:58:43.170,15.316600000000001,15.30069,1,1
23.08.2021 00:58:43.271,15.31789,15.3007,1,1
23.08.2021 00:58:43.371,15.318610000000001,15.3007,1.5,1
23.08.2021 00:58:43.422,15.31879,15.3007,1,1
23.08.2021 00:58:43.472,15.317400000000001,15.30069,1,1
23.08.2021 00:58:43.573,15.31689,15.3007,1,1
23.08.2021 00:58:43.723,15.31629,15.3007,1,1
23.08.2021 00:58:43.991,15.31669,15.3007,1,1
23.08.2021 00:58:44.181,15.31609,15.3007,1,1
23.08.2021 00:58:47.040,15.3156,15.30069,1,1
23.08.2021 00:58:47.318,15.31589,15.3007,1,1
23.08.2021 00:58:47.376,15.31649,15.3007,1,1
23.08.2021 00:58:47.665,15.31689,15.3007,1,1
23.08.2021 00:58:47.715,15.31659,15.3007,1,1
23.08.2021 00:58:49.019,15.31669,15.3007,1,1
23.08.2021 00:58:50.516,15.31639,15.3007,1,1
23.08.2021 00:58:50.567,15.31669,15.3007,1,1
23.08.2021 00:58:56.728,15.31619,15.3007,1,1
23.08.2021 00:58:56.883,15.31479,15.3007,1,1
23.08.2021 00:58:57.073,15.31449,15.3007,1,1
23.08.2021 00:58:57.123,15.31559,15.3007,1,1
23.08.2021 00:58:57.301,15.315290000000001,15.3007,1,1
23.08.2021 00:58:57.402,15.31489,15.3007,1,1
23.08.2021 00:58:57.483,15.31569,15.3007,1,1
23.08.2021 00:58:58.510,15.31599,15.3007,1,1
23.08.2021 00:59:03.486,15.31549,15.3007,1,1
23.08.2021 00:59:04.495,15.31539,15.3007,1,1
23.08.2021 00:59:04.596,15.31499,15.3007,1,1
23.08.2021 00:59:04.746,15.314660000000002,15.3007,1,1
23.08.2021 00:59:04.949,15.313270000000001,15.3007,1,1
23.08.2021 00:59:05.050,15.311460000000002,15.3007,1,1
23.08.2021 00:59:05.352,15.312220000000002,15.3007,1.5,1
23.08.2021 00:59:05.696,15.311820000000003,15.3007,1,1
23.08.2021 00:59:06.214,15.312320000000001,15.3007,1.5,1
23.08.2021 00:59:34.083,15.312310000000002,15.3007,1.5,1
23.08.2021 00:59:56.005,15.31229,15.3007,1,1
23.08.2021 00:59:57.295,15.312310000000002,15.3007,1.5,1
23.08.2021 01:00:01.098,15.312260000000002,15.3007,1,1
23.08.2021 01:00:06.164,15.31199,15.3007,1,1
23.08.2021 01:00:06.390,15.31169,15.3007,1,1
23.08.2021 01:00:06.453,15.31169,15.300500000000001,1,1
23.08.2021 01:00:06.768,15.31139,15.300500000000001,1,1
23.08.2021 01:00:06.973,15.312260000000002,15.300500000000001,1,1
23.08.2021 01:00:07.074,15.312320000000001,15.300500000000001,1.5,1
23.08.2021 01:00:07.320,15.31219,15.300500000000001,1,1
23.08.2021 01:00:08.425,15.31209,15.300500000000001,1,1
23.08.2021 01:00:09.033,15.31229,15.300500000000001,1,1
23.08.2021 01:00:09.756,15.31159,15.3007,1,1
23.08.2021 01:00:09.807,15.31199,15.3007,1,0.75
23.08.2021 01:00:09.908,15.31159,15.3007,1,0.75
23.08.2021 01:00:10.009,15.31179,15.3007,1,0.75
23.08.2021 01:00:10.109,15.30989,15.295800000000002,1,1
23.08.2021 01:00:10.160,15.30819,15.28575,1,1.5
23.08.2021 01:00:10.210,15.30729,15.28625,1,1
23.08.2021 01:00:10.311,15.30649,15.28224,1,2
23.08.2021 01:00:10.462,15.30529,15.28223,1,2.75
23.08.2021 01:00:10.563,15.30469,15.28224,1,2.75
23.08.2021 01:00:10.774,15.30469,15.2824,1,1
23.08.2021 01:00:10.874,15.30199,15.2763,1,1.5
23.08.2021 01:00:10.925,15.30209,15.279370000000002,1,1
23.08.2021 01:00:10.975,15.298,15.27936,0.75,1
23.08.2021 01:00:11.026,15.29869,15.273100000000001,0.75,1
23.08.2021 01:00:11.084,15.301590000000001,15.273100000000001,0.75,1
23.08.2021 01:00:11.134,15.29909,15.273100000000001,0.75,1
23.08.2021 01:00:11.426,15.29969,15.273100000000001,1,1
23.08.2021 01:00:11.477,15.30009,15.273100000000001,1,1
23.08.2021 01:00:11.527,15.29949,15.273100000000001,1,1
23.08.2021 01:00:11.628,15.29969,15.273100000000001,1,1
23.08.2021 01:00:11.723,15.29789,15.273100000000001,1,1
23.08.2021 01:00:11.823,15.30039,15.273100000000001,1,1
23.08.2021 01:00:12.092,15.29839,15.273100000000001,1,1
23.08.2021 01:00:12.193,15.2992,15.27309,1,1
23.08.2021 01:00:12.294,15.29759,15.273100000000001,1,1
23.08.2021 01:00:12.433,15.29689,15.273100000000001,1,1
23.08.2021 01:00:12.586,15.29649,15.273100000000001,1,1
23.08.2021 01:00:12.736,15.29579,15.273100000000001,1,1
23.08.2021 01:00:12.987,15.295490000000001,15.273100000000001,1,1
23.08.2021 01:00:13.037,15.29609,15.273100000000001,1,1
23.08.2021 01:00:13.087,15.29559,15.273100000000001,1,1
23.08.2021 01:00:13.221,15.29459,15.273100000000001,1,1
23.08.2021 01:00:13.322,15.29409,15.273100000000001,1,1
23.08.2021 01:00:13.472,15.29439,15.273100000000001,1,1
23.08.2021 01:00:13.573,15.29529,15.273100000000001,1,1
23.08.2021 01:00:13.624,15.29459,15.273100000000001,1,1
23.08.2021 01:00:13.742,15.29329,15.273100000000001,1,1
23.08.2021 01:00:13.893,15.29249,15.273100000000001,1,1
23.08.2021 01:00:13.997,15.29149,15.273100000000001,1,1
23.08.2021 01:00:14.048,15.29259,15.273100000000001,1.5,1
23.08.2021 01:00:14.184,15.29259,15.273100000000001,1,1
23.08.2021 01:00:14.235,15.29289,15.273100000000001,1,1
23.08.2021 01:00:14.401,15.29329,15.273100000000001,1,1
23.08.2021 01:00:14.451,15.29219,15.273100000000001,1,1
23.08.2021 01:00:14.552,15.29309,15.273100000000001,1,1
23.08.2021 01:00:14.949,15.29259,15.273100000000001,1,1
23.08.2021 01:00:15.050,15.29189,15.273100000000001,1,1
23.08.2021 01:00:15.299,15.29199,15.273100000000001,1,1
23.08.2021 01:00:15.349,15.29139,15.273100000000001,1,1
23.08.2021 01:00:15.581,15.29099,15.273100000000001,1,1
23.08.2021 01:00:15.643,15.291690000000001,15.273100000000001,1,1
23.08.2021 01:00:15.995,15.29219,15.273100000000001,1,1
23.08.2021 01:00:16.046,15.29159,15.273100000000001,1,1
23.08.2021 01:00:16.412,15.29119,15.273100000000001,1,1
23.08.2021 01:00:20.112,15.29559,15.273100000000001,1,1
23.08.2021 01:00:20.215,15.29114,15.27309,1,1
23.08.2021 01:00:20.423,15.29098,15.27309,1,1
23.08.2021 01:00:20.597,15.290770000000002,15.273100000000001,1,1
23.08.2021 01:00:20.648,15.29078,15.273100000000001,1,1
23.08.2021 01:00:20.748,15.291210000000001,15.27309,1,1
23.08.2021 01:00:20.849,15.291220000000003,15.273100000000001,1,1
23.08.2021 01:00:21.096,15.29129,15.273100000000001,1,1
23.08.2021 01:00:21.233,15.291160000000001,15.273100000000001,1,1
23.08.2021 01:00:21.334,15.29105,15.273100000000001,1,1
23.08.2021 01:00:21.435,15.29119,15.273100000000001,1,1
23.08.2021 01:00:21.486,15.29119,15.273100000000001,1,1
23.08.2021 01:00:21.635,15.291250000000002,15.273100000000001,1,1
23.08.2021 01:00:21.743,15.291070000000001,15.273100000000001,1,1
23.08.2021 01:00:21.864,15.291060000000002,15.273100000000001,1,1
23.08.2021 01:00:21.914,15.2908,15.273100000000001,1,1
23.08.2021 01:00:21.965,15.2908,15.273100000000001,1,1
23.08.2021 01:00:22.098,15.291220000000003,15.273100000000001,1,1
23.08.2021 01:00:22.166,15.291220000000003,15.273100000000001,1,1
23.08.2021 01:00:22.217,15.291260000000001,15.273100000000001,1,1
23.08.2021 01:00:22.410,15.29138,15.273100000000001,1,1
23.08.2021 01:00:22.653,15.291520000000002,15.27309,1,1
23.08.2021 01:00:22.916,15.291570000000002,15.273100000000001,1,1
23.08.2021 01:00:23.017,15.29139,15.273100000000001,1,1
23.08.2021 01:00:23.171,15.2912,15.273100000000001,1,1
23.08.2021 01:00:23.272,15.29094,15.273100000000001,1,1
23.08.2021 01:00:23.948,15.29095,15.27309,1,1
23.08.2021 01:00:24.017,15.29094,15.273100000000001,1,1
23.08.2021 01:00:24.068,15.291260000000001,15.273100000000001,1,1
23.08.2021 01:00:24.226,15.29133,15.273100000000001,1,1
23.08.2021 01:00:24.495,15.29146,15.273100000000001,1,1
23.08.2021 01:00:24.596,15.29146,15.273100000000001,1,1
23.08.2021 01:00:24.706,15.291310000000001,15.273100000000001,1,1
23.08.2021 01:00:24.856,15.291110000000002,15.273100000000001,1,1
23.08.2021 01:00:24.967,15.290860000000002,15.273100000000001,1,1
23.08.2021 01:00:25.017,15.290860000000002,15.273100000000001,1,1
23.08.2021 01:00:25.120,15.291,15.273100000000001,1,1
23.08.2021 01:00:25.221,15.291310000000001,15.27309,1,1
23.08.2021 01:00:25.430,15.291370000000002,15.273100000000001,1,1
23.08.2021 01:00:25.581,15.291370000000002,15.273100000000001,1,1
23.08.2021 01:00:25.956,15.291420000000002,15.27309,1,1
23.08.2021 01:00:26.057,15.291250000000002,15.273100000000001,1,1
23.08.2021 01:00:26.158,15.291229999999999,15.273100000000001,1,1
23.08.2021 01:00:26.259,15.29124,15.273100000000001,1,1
23.08.2021 01:00:26.973,15.291350000000001,15.273100000000001,1,1
23.08.2021 01:00:27.124,15.291229999999999,15.273100000000001,1,1
23.08.2021 01:00:27.260,15.291320000000002,15.273100000000001,1,1
23.08.2021 01:00:27.947,15.291320000000002,15.273100000000001,1,1
23.08.2021 01:00:28.062,15.2911,15.27309,1,1
23.08.2021 01:00:28.203,15.291229999999999,15.273100000000001,1,1
23.08.2021 01:00:28.979,15.291320000000002,15.273100000000001,1,1
23.08.2021 01:00:29.080,15.291110000000002,15.27309,1,1
23.08.2021 01:00:29.954,15.29119,15.273100000000001,1,1
23.08.2021 01:00:30.055,15.29129,15.273100000000001,1,1
23.08.2021 01:00:30.156,15.291400000000001,15.273100000000001,1,1
23.08.2021 01:00:30.257,15.29141,15.273100000000001,1,1
23.08.2021 01:00:30.308,15.29099,15.273100000000001,1,1
23.08.2021 01:00:30.459,15.29105,15.273100000000001,1,0.75
23.08.2021 01:00:30.560,15.28923,15.273100000000001,1,0.75
23.08.2021 01:00:30.660,15.29039,15.273100000000001,1.5,0.75
23.08.2021 01:00:30.711,15.290820000000002,15.273100000000001,1,0.75
23.08.2021 01:00:30.761,15.290820000000002,15.273100000000001,1,0.75
23.08.2021 01:00:30.812,15.29304,15.273100000000001,0.87,0.75
23.08.2021 01:00:30.912,15.28869,15.273100000000001,1,0.75
23.08.2021 01:00:31.013,15.28878,15.273100000000001,1,0.75
23.08.2021 01:00:31.063,15.28878,15.273100000000001,1,0.75
23.08.2021 01:00:31.164,15.288720000000001,15.273100000000001,1,0.75
23.08.2021 01:00:31.352,15.28823,15.273100000000001,1,1
23.08.2021 01:00:31.509,15.288270000000002,15.273100000000001,1,1
23.08.2021 01:00:31.610,15.28704,15.273100000000001,1,0.75
23.08.2021 01:00:31.760,15.286010000000001,15.273100000000001,1,0.75
23.08.2021 01:00:31.861,15.284910000000002,15.27309,1,0.75
23.08.2021 01:00:31.962,15.28425,15.273100000000001,1,0.75
23.08.2021 01:00:32.013,15.284260000000002,15.27309,1,0.75
23.08.2021 01:00:32.064,15.28435,15.273100000000001,1,0.75
23.08.2021 01:00:32.165,15.284510000000001,15.273100000000001,1,0.75
23.08.2021 01:00:32.266,15.28386,15.273100000000001,1,0.75
23.08.2021 01:00:32.316,15.283850000000001,15.273100000000001,1,0.75
23.08.2021 01:00:32.422,15.284060000000002,15.273100000000001,1,0.75
23.08.2021 01:00:32.473,15.284070000000002,15.27309,1,0.75
23.08.2021 01:00:32.574,15.28349,15.273100000000001,1,0.75
23.08.2021 01:00:32.725,15.283120000000002,15.273100000000001,1,0.75
23.08.2021 01:00:33.027,15.282820000000003,15.273100000000001,1,0.75
23.08.2021 01:00:33.128,15.282810000000001,15.273100000000001,1,0.75
23.08.2021 01:00:33.264,15.28258,15.27309,1,0.75
23.08.2021 01:00:33.365,15.28253,15.273100000000001,1,0.75
23.08.2021 01:00:33.612,15.28253,15.273100000000001,1,0.75
23.08.2021 01:00:33.763,15.28228,15.273100000000001,1,0.75
23.08.2021 01:00:33.814,15.28234,15.273100000000001,1,0.75
23.08.2021 01:00:33.915,15.282760000000001,15.273100000000001,1,0.75
23.08.2021 01:00:33.965,15.282810000000001,15.273100000000001,1,0.75
23.08.2021 01:00:34.066,15.28241,15.273100000000001,1,0.75
23.08.2021 01:00:34.116,15.28241,15.273100000000001,1,0.75
23.08.2021 01:00:34.217,15.28269,15.273100000000001,1,0.75
23.08.2021 01:00:34.326,15.282760000000001,15.273100000000001,1,0.75
23.08.2021 01:00:35.010,15.282720000000001,15.27309,1,0.75
23.08.2021 01:00:35.519,15.282720000000001,15.273100000000001,1,0.75
23.08.2021 01:00:35.570,15.2828,15.273100000000001,1,0.75
23.08.2021 01:00:35.959,15.2828,15.273100000000001,1,0.75
23.08.2021 01:00:36.060,15.282720000000001,15.273100000000001,1,0.75
23.08.2021 01:00:36.217,15.282520000000002,15.27309,1,0.75
23.08.2021 01:00:36.368,15.28241,15.273100000000001,1,0.75
23.08.2021 01:00:36.820,15.28239,15.273100000000001,1,0.75
23.08.2021 01:00:36.921,15.281970000000001,15.273100000000001,1,0.75
23.08.2021 01:00:37.072,15.28209,15.27309,1,0.75
23.08.2021 01:00:37.172,15.282160000000001,15.273100000000001,1,0.75
23.08.2021 01:00:37.223,15.282100000000002,15.27308,1,0.75
23.08.2021 01:00:37.373,15.281860000000002,15.273000000000001,1,0.75
23.08.2021 01:00:37.424,15.28223,15.273100000000001,1,0.75
23.08.2021 01:00:37.549,15.28224,15.27309,1,0.75
23.08.2021 01:00:37.599,15.28223,15.273100000000001,1,0.75
23.08.2021 01:00:37.649,15.282220000000002,15.273100000000001,1,0.75
23.08.2021 01:00:37.703,15.282220000000002,15.273100000000001,1,0.75
23.08.2021 01:00:37.804,15.282370000000002,15.273100000000001,1,0.75
23.08.2021 01:00:37.905,15.282490000000001,15.273100000000001,1,0.75
23.08.2021 01:00:38.095,15.282490000000001,15.27309,1,0.75
23.08.2021 01:00:38.196,15.28236,15.27294,1,0.75
23.08.2021 01:00:38.397,15.282350000000001,15.272950000000002,1,0.75
23.08.2021 01:00:38.509,15.28239,15.27304,1,0.75
23.08.2021 01:00:38.610,15.28241,15.272920000000003,1,0.75
23.08.2021 01:00:38.726,15.28195,15.27284,1,0.75
23.08.2021 01:00:38.837,15.281910000000002,15.272820000000001,1,0.75
23.08.2021 01:00:38.888,15.281910000000002,15.27284,1,0.75
23.08.2021 01:00:38.988,15.28218,15.272910000000001,1,0.75
23.08.2021 01:00:39.089,15.282210000000001,15.27294,1,0.75
23.08.2021 01:00:40.001,15.282350000000001,15.272910000000001,1,0.75
23.08.2021 01:00:40.117,15.282029999999999,15.272860000000001,1,0.75
23.08.2021 01:00:40.246,15.282029999999999,15.272820000000001,1,0.75
23.08.2021 01:00:40.297,15.28179,15.2728,1,0.75
23.08.2021 01:00:40.398,15.282250000000001,15.27294,1,0.75
23.08.2021 01:00:40.514,15.28228,15.272950000000002,1,0.75
23.08.2021 01:00:40.615,15.28234,15.27289,1,0.75
23.08.2021 01:00:40.666,15.282210000000001,15.272760000000002,1,0.75
23.08.2021 01:00:40.813,15.28173,15.27268,1,0.75
23.08.2021 01:00:40.962,15.281720000000002,15.272720000000001,1,0.75
23.08.2021 01:00:41.063,15.281970000000001,15.27278,1,0.75
23.08.2021 01:00:41.216,15.28213,15.27284,1,0.75
23.08.2021 01:00:41.327,15.282270000000002,15.272860000000001,1,0.75
23.08.2021 01:00:41.473,15.282270000000002,15.272870000000001,1,0.75
23.08.2021 01:00:41.666,15.28231,15.27289,1,0.75
23.08.2021 01:00:41.784,15.28919,15.273100000000001,1,0.75
23.08.2021 01:00:42.425,15.28969,15.273100000000001,1,0.75
23.08.2021 01:00:42.476,15.28999,15.273100000000001,1,0.75
23.08.2021 01:00:42.752,15.289390000000001,15.273100000000001,1,0.75
23.08.2021 01:00:43.539,15.295200000000001,15.27309,1.75,0.75
23.08.2021 01:00:44.217,15.293410000000002,15.273100000000001,1,0.75
23.08.2021 01:00:58.207,15.292510000000002,15.273100000000001,1,1
23.08.2021 01:00:58.308,15.293660000000001,15.273100000000001,1.5,1
23.08.2021 01:00:58.625,15.29383,15.27309,1.5,1
23.08.2021 01:00:58.726,15.295560000000002,15.273100000000001,1.5,1
23.08.2021 01:00:59.180,15.295560000000002,15.2733,1.5,1
23.08.2021 01:00:59.297,15.29371,15.2733,1.5,1
23.08.2021 01:00:59.601,15.293570000000003,15.27329,1.5,1
23.08.2021 01:01:00.655,15.29799,15.2733,1,1
23.08.2021 01:01:00.855,15.29799,15.2733,1,1
23.08.2021 01:01:01.056,15.29799,15.2733,1,1
23.08.2021 01:01:01.167,15.29799,15.2733,1,1
23.08.2021 01:01:01.873,15.29799,15.2733,1,1
23.08.2021 01:01:02.356,15.296310000000002,15.2733,1,1
23.08.2021 01:01:02.507,15.292170000000002,15.2733,1,1
23.08.2021 01:01:02.557,15.289000000000001,15.259110000000002,1,1
23.08.2021 01:01:02.658,15.28869,15.25539,1,1.25
23.08.2021 01:01:02.740,15.291310000000001,15.2565,1,1.25
23.08.2021 01:01:02.841,15.293410000000002,15.25123,1,1.25
23.08.2021 01:01:02.891,15.293410000000002,15.259110000000002,1,0.62
23.08.2021 01:01:02.992,15.29134,15.25714,1,1.25
23.08.2021 01:01:03.171,15.29134,15.25714,1,1.25
23.08.2021 01:01:03.321,15.29325,15.25985,1,1
23.08.2021 01:01:03.372,15.29154,15.26125,1,1
23.08.2021 01:01:03.523,15.293410000000002,15.26125,1,1.5
23.08.2021 01:01:03.573,15.293410000000002,15.26125,1,1.5
23.08.2021 01:01:03.674,15.293410000000002,15.26125,1,1.35
23.08.2021 01:01:03.774,15.293410000000002,15.259879999999999,1,1.35
23.08.2021 01:01:03.825,15.293410000000002,15.261660000000001,1,1
23.08.2021 01:01:03.876,15.293410000000002,15.261660000000001,1,1.1
23.08.2021 01:01:03.976,15.293410000000002,15.261660000000001,1,1.1
23.08.2021 01:01:04.186,15.293410000000002,15.261660000000001,1,1
23.08.2021 01:01:04.287,15.293410000000002,15.260860000000001,1,1.1
23.08.2021 01:01:04.387,15.293410000000002,15.25928,1,1.1
23.08.2021 01:01:04.488,15.293410000000002,15.259110000000002,1,1.1
23.08.2021 01:01:04.588,15.29279,15.25963,1,1
23.08.2021 01:01:04.689,15.293160000000002,15.259370000000002,1,1
23.08.2021 01:01:04.790,15.29334,15.260360000000002,1,1
23.08.2021 01:01:04.890,15.293370000000001,15.259110000000002,1,1.1
23.08.2021 01:01:04.991,15.293410000000002,15.260440000000001,1,1
23.08.2021 01:01:05.092,15.293420000000001,15.26043,1,1.1
23.08.2021 01:01:05.193,15.293410000000002,15.260440000000001,1,1
23.08.2021 01:01:05.243,15.293410000000002,15.260360000000002,1,1
23.08.2021 01:01:05.382,15.293410000000002,15.260440000000001,1,1
23.08.2021 01:01:05.432,15.293410000000002,15.260560000000002,1,1
23.08.2021 01:01:05.533,15.293410000000002,15.260560000000002,1,1.1
23.08.2021 01:01:05.633,15.293410000000002,15.260560000000002,1,1.1
23.08.2021 01:01:05.789,15.293410000000002,15.260850000000001,1,1.1
23.08.2021 01:01:05.889,15.293410000000002,15.26059,1,1
23.08.2021 01:01:05.940,15.293410000000002,15.26096,1,1
23.08.2021 01:01:06.093,15.293410000000002,15.260560000000002,1,1.1
23.08.2021 01:01:06.244,15.293410000000002,15.260560000000002,1,1.1
23.08.2021 01:01:06.344,15.293410000000002,15.260560000000002,1,1.1
23.08.2021 01:01:06.445,15.293420000000001,15.26055,1,1.1
23.08.2021 01:01:06.546,15.293410000000002,15.260560000000002,1,1.1
23.08.2021 01:01:06.646,15.293410000000002,15.260560000000002,1,1.1
23.08.2021 01:01:06.749,15.293410000000002,15.260560000000002,1,1.1
23.08.2021 01:01:06.900,15.29298,15.260560000000002,1,1.1
23.08.2021 01:01:07.001,15.292370000000002,15.263060000000001,1,1.1
23.08.2021 01:01:07.051,15.293429999999999,15.263060000000001,1,1.1
23.08.2021 01:01:07.256,15.293410000000002,15.263060000000001,1,1.1
23.08.2021 01:01:07.666,15.293600000000001,15.263050000000002,1,1.1
23.08.2021 01:01:07.773,15.29359,15.263060000000001,1,1.1
23.08.2021 01:01:08.044,15.29358,15.263060000000001,1,1.1
23.08.2021 01:01:08.559,15.29301,15.26326,1.5,1.1
23.08.2021 01:01:08.660,15.292610000000002,15.26326,1,1.1
23.08.2021 01:01:09.251,15.292610000000002,15.26326,1,1.1
23.08.2021 01:01:09.699,15.292610000000002,15.26326,1,1.1
23.08.2021 01:01:11.840,15.29349,15.26336,1,1.1
23.08.2021 01:01:13.390,15.293410000000002,15.26336,1,1.1
23.08.2021 01:01:13.441,15.29349,15.261560000000001,1,1.1
23.08.2021 01:01:13.541,15.290960000000002,15.25503,1,1.35
23.08.2021 01:01:13.642,15.282870000000003,15.25253,1,1.25
23.08.2021 01:01:13.742,15.286670000000003,15.25414,1,1.25
23.08.2021 01:01:13.843,15.284360000000001,15.24868,1,1.25
23.08.2021 01:01:13.944,15.287820000000002,15.25304,1,1.75
23.08.2021 01:01:14.044,15.293410000000002,15.25304,1,1.25
23.08.2021 01:01:14.100,15.293410000000002,15.25304,1,1.25
23.08.2021 01:01:14.150,15.29068,15.256879999999999,1,1.25
23.08.2021 01:01:14.251,15.290479999999999,15.25043,1,1.35
23.08.2021 01:01:14.352,15.29234,15.26018,1,1
23.08.2021 01:01:14.402,15.29234,15.26018,1,1
23.08.2021 01:01:14.503,15.29234,15.26014,1,1
23.08.2021 01:01:14.553,15.29234,15.259420000000002,1,1
23.08.2021 01:01:14.603,15.29234,15.259420000000002,1,1
23.08.2021 01:01:14.704,15.29063,15.25919,1,1
23.08.2021 01:01:14.755,15.290520000000003,15.256829999999999,1,1.25
23.08.2021 01:01:20.293,15.293410000000002,15.25973,1.25,1
23.08.2021 01:01:20.343,15.293410000000002,15.260250000000001,1.25,1
23.08.2021 01:01:20.514,15.293410000000002,15.260360000000002,1.25,1
23.08.2021 01:01:20.620,15.293410000000002,15.26031,1.25,1
23.08.2021 01:01:20.873,15.293410000000002,15.259760000000002,1.25,1
23.08.2021 01:01:20.981,15.293410000000002,15.25974,1.25,1
23.08.2021 01:01:26.676,15.293420000000001,15.2599,1.25,1
23.08.2021 01:01:26.841,15.293420000000001,15.260770000000003,1.25,1
23.08.2021 01:01:27.095,15.293410000000002,15.26034,1.25,1
23.08.2021 01:01:27.146,15.293410000000002,15.260060000000001,1.25,1
23.08.2021 01:01:27.196,15.293420000000001,15.260050000000001,1.25,1
23.08.2021 01:01:27.247,15.293410000000002,15.25985,1.25,1
23.08.2021 01:01:27.747,15.29068,15.25974,1,1
23.08.2021 01:01:27.951,15.29068,15.25969,1,1
